2513 3126
200 191 243 223 45
1098 187 1246 220 CAPUT
1270 188 1328 220 IV.
2158 191 2199 222 46

196 298 262 321 esse
281 288 464 329 frustratus.
495 288 524 319 2.
543 288 643 320 Nobis
664 287 746 319 enim
768 287 954 319 annuntiata
977 288 1021 318 est
1038 285 1174 325 promis-

196 332 244 364 sio
266 331 521 371 quemadmodum
542 333 569 363 et
592 330 667 371 illis,
691 333 723 362 at
744 330 809 361 illis
832 329 913 361 nihil
930 328 1050 369 profuit
1072 337 1173 359 sermo

197 374 336 449 augi-tus,
354 374 440 448 tquia
463 384 523 406 uon
543 374 606 414 fuit
628 383 696 405 cum
720 373 781 412 fide
803 372 981 404 coniunctus
1001 371 1035 402 iu
1057 370 1099 402 iis
1121 370 1175 409 qui

196 426 241 449 au
264 426 373 448 τεν-απ.

286 502 313 533 1.
347 501 527 533 Timeamus
558 511 637 543 erqo.
688 499 860 533 Concludit
893 498 1070 530 timendum
1105 507 1174 528 esse

199 555 242 576 ne
273 545 445 585 priventur
474 543 597 583 Iudaei,
628 543 667 575 ad
699 553 776 584 quos
796 542 915 579 scribit,
951 540 1173 572 benedictione

199 587 259 619 sibi
289 586 404 618 oblata.
454 587 497 618 Et
525 587 645 618 iterum
673 585 759 624 dicit,
792 584 841 616 Ne
871 584 952 624 quis,
986 583 1174 623 significans

199 629 262 661 sibi
297 630 356 662 hoc
387 639 457 661 esse
486 629 520 660 in
552 629 658 660 animo
688 632 723 659 ut
754 636 866 657 omnes
896 625 936 656 ad
967 635 1070 656 unum
1103 624 1173 655 Deo

199 672 347 704 adducat.
386 671 665 711 Quemadmodum
690 669 764 701 boni
787 668 926 709 pastoris
949 667 1089 699 officium
1114 670 1172 703 est,

199 717 303 746 totum
336 724 467 755 gregem
499 713 640 745 curando
670 713 715 743 ita
745 712 907 742 intentum
936 719 1005 741 esse
1036 709 1173 749 singulis

199 757 324 796 ovibus,
357 766 462 796 nequa
488 756 618 787 omnino
645 758 772 795 pereat:
803 753 867 784 imo
897 753 942 784 sic
965 762 1022 783 nos
1046 761 1173 792 quoque

199 800 256 831 alii
289 809 365 840 erga
397 798 475 829 alios
509 797 650 830 vicissim
685 796 792 828 affecti
826 805 895 827 esse
929 795 1098 835 debemus,
1137 798 1173 825 ut

199 842 335 883 quisque
359 840 515 881 proximis
538 839 672 880 perinde
695 849 731 871 ac
755 838 815 870 sibi
839 838 961 869 timeat.
998 837 1170 869 Caeterum

199 885 251 916 hic
282 883 372 914 nobis
402 882 646 915 commendatur
677 881 782 918 timor,
817 891 880 912 non
905 881 959 921 qui
983 880 1056 911 fidei
1079 880 1173 912 certi-

198 926 344 958 tudinem
367 925 522 966 excutiat,
545 924 600 956 sed
613 928 738 956 tantam
762 924 899 955 incutiat
921 922 1172 955 sollicitudinem

197 979 238 1001 ne
268 968 372 1000 securi
401 972 595 1008 torpeamus.
641 967 851 998 Metuendum
882 977 967 1007 ergo,
1001 977 1067 997 non
1097 966 1173 1005 quia

197 1011 360 1052 trepidare
391 1015 447 1042 aut
476 1010 622 1041 diffidere
652 1020 712 1041 nos
742 1014 888 1050 oporteat
917 1009 1008 1050 quasi
1030 1009 1173 1040 incertos

198 1054 237 1086 de
260 1054 359 1091 exitu,
383 1053 438 1086 sed
462 1064 503 1085 ne
525 1052 587 1084 Dei
610 1053 735 1094 gratiae
758 1052 908 1084 desimus.
954 1051 1063 1091 Quum
1086 1051 1173 1090 dicit,

198 1107 246 1128 ne
278 1096 550 1128 destituamur
580 1096 720 1127 relicta
752 1095 1037 1136 promissione,
1072 1094 1172 1135 signi·

197 1140 273 1172 ficat
301 1140 464 1170 neminem
495 1138 625 1170 destitui
656 1139 718 1170 nisi
743 1139 796 1179 qui
819 1138 958 1179 gratiam
981 1137 1173 1177 respuendo,

199 1183 289 1223 prior
317 1192 351 1213 se
379 1192 397 1213 a
426 1182 637 1221 promissione
665 1181 872 1213 abdicaverit.
919 1180 1010 1212 Adeo
1039 1181 1125 1211 enim
1156 1190 1174 1211 a

198 1224 399 1265 poenitentia
430 1223 648 1255 benefaciendi
679 1225 771 1256 abest
804 1223 899 1260 Deus,
935 1226 972 1254 ut
1001 1233 1059 1254 sua
1090 1223 1175 1254 dona

199 1267 403 1299 continenter
426 1271 650 1307 prosequatur,
673 1268 735 1298 nisi
759 1277 857 1306 quum
881 1267 949 1298 eius
973 1266 1174 1298 vocationem

198 1310 443 1342 contemnimus.
490 1309 621 1341 Illativa
644 1310 802 1350 particula
824 1310 999 1350 significat,
1038 1308 1175 1340 aliorum

198 1353 291 1393 lapsu
327 1363 385 1384 nos
418 1352 458 1383 ad
493 1352 711 1384 humilitatem
746 1356 778 1384 et
813 1352 1013 1393 vigilantiam
1043 1351 1173 1383 erudiri.

198 1394 478 1435 Quemadmodum
509 1401 540 1426 et
562 1395 685 1427 Paulus
715 1395 865 1435 loquitur,
899 1395 958 1426 Isti
990 1404 1047 1435 per
1070 1395 1174 1426 incre-

199 1438 367 1469 dulitatem
399 1443 606 1469 corruerunt:
641 1443 676 1470 tu
708 1449 784 1479 ergo
815 1438 882 1469 noli
906 1437 1083 1478 superbire,
1119 1437 1174 1469 sed

198 1481 276 1512 time
299 1480 409 1522 (Rom.
433 1481 484 1521 11,
507 1481 571 1523 20).

284 1524 313 1555 2.
338 1524 437 1556 Nobis
459 1525 550 1556 euim.
596 1524 742 1556 Eandem
771 1534 839 1555 esse
863 1523 1044 1555 doctrinam
1067 1522 1175 1554 admo-

200 1570 268 1604 net,
303 1577 366 1607 qua
399 1567 495 1598 hodie
518 1577 576 1599 nos
606 1567 646 1598 ad
677 1578 711 1599 se
740 1567 830 1598 Deus
860 1566 987 1605 invitat,
1020 1570 1052 1597 et
1081 1576 1174 1605 quam

197 1609 274 1641 olim
297 1610 445 1650 patribus
469 1609 653 1643 destinavit.
699 1609 863 1649 Quorsum
888 1609 948 1641 hoc
971 1608 1109 1641 dicitur?
1140 1612 1176 1640 ut

198 1653 338 1684 sciamus
369 1652 470 1684 nihilo
500 1653 572 1693 plus
603 1653 695 1685 nobis
723 1653 924 1693 profuturam
948 1652 1011 1683 Dei
1034 1652 1175 1683 vocatio-

199 1705 276 1726 nem
291 1705 386 1736 quam
403 1695 466 1727 illis
482 1696 612 1736 profuit,
635 1696 697 1728 nisi
713 1706 784 1728 eam
801 1695 863 1727 fide
882 1700 985 1726 ratam
1008 1695 1175 1726 faciamus.

198 1738 260 1769 Est
288 1738 387 1779 igitur
416 1738 477 1770 hoc
507 1749 564 1779 per
595 1738 727 1770 modum
764 1738 981 1770 concessionis
1017 1737 1174 1777 additum,

199 1780 300 1812 Nobis
330 1781 460 1821 quidem
484 1782 691 1822 evangelium
714 1782 867 1822 proponi:
897 1781 952 1812 sed
985 1791 1026 1812 ne
1055 1781 1175 1812 frustra

199 1823 383 1864 gloriemur,
417 1834 494 1856 mox
529 1825 648 1865 excipit
681 1824 866 1857 incredulos
898 1834 978 1865 quos
1008 1826 1175 1855 tantorum

199 1865 356 1898 bonorum
399 1867 647 1908 participatione
685 1867 774 1899 Deus
815 1867 890 1898 olim
927 1867 1080 1907 dignatus
1116 1872 1174 1904 est,

198 1908 324 1940 nullum
354 1909 428 1941 inde
457 1914 566 1941 tamen
593 1910 735 1942 fructum
759 1910 906 1942 sensisse.
950 1909 1094 1941 Proinde
1117 1919 1175 1941 nos

199 1961 323 1992 quoque
352 1956 501 1993 expertes
538 1953 605 1984 fore
635 1953 878 1993 benedictionis,
912 1952 975 1984 nisi
1005 1952 1069 1984 fide
1103 1962 1174 1984 eam

199 1995 401 2034 recipiamus.
456 1995 534 2026 Ideo
567 1996 764 2027 auditionem
800 1995 939 2027 secundo
972 1995 1105 2036 repetit,
1139 1999 1175 2026 ut

199 2037 341 2069 sciamus
368 2038 514 2070 auditum
543 2049 613 2070 esse
636 2039 793 2077 inutilem,
824 2038 952 2070 etiamsi
975 2039 1111 2070 verbum
1134 2038 1174 2069 ad

199 2090 258 2112 nos
281 2079 448 2122 dirigatur,
477 2081 540 2112 nisi
563 2082 642 2114 fides
666 2082 805 2114 accedat.
852 2081 1022 2113 Caeterum
1046 2081 1099 2113 hio
1121 2080 1175 2112 ob-

200 2123 360 2155 servanda
391 2129 440 2155 est
469 2123 581 2156 relatio
613 2124 700 2156 inter
729 2125 865 2156 verbum
896 2128 928 2155 et
951 2124 1057 2162 fidem,
1092 2134 1174 2164 quae

200 2165 273 2197 talis
296 2170 344 2197 est
368 2171 404 2198 ut
426 2166 506 2198 fides
529 2177 546 2198 a
570 2167 667 2199 verbo
690 2167 833 2207 separari
857 2172 1013 2207 nequeat:
1039 2167 1174 2198 verbum

199 2213 307 2240 autem
338 2218 357 2240 a
385 2209 449 2241 fide
475 2214 662 2250 separatum
686 2210 769 2241 nihil
792 2209 946 2241 conferat.
991 2209 1066 2241 Non
1090 2209 1174 2250 quod

199 2251 291 2283 verbi
307 2252 449 2284 efficacia
465 2262 483 2284 a
505 2252 596 2284 nobis
615 2252 762 2294 pendeat.
793 2252 905 2293 Neque
928 2253 1012 2284 enim
1037 2253 1064 2284 si
1088 2256 1175 2285 totus

199 2294 340 2326 mundus
371 2295 414 2326 sit
447 2295 597 2334 mendax,
631 2295 702 2328 ideo
731 2306 829 2328 verax
863 2305 932 2327 esse
966 2296 1090 2327 desinet
1120 2296 1174 2336 qui

201 2337 332 2368 mentiri
355 2347 419 2369 non
444 2342 558 2380 potest.
604 2337 670 2370 Sed
694 2339 759 2370 vim
783 2349 876 2370 suam
900 2348 965 2370 non
987 2338 1081 2370 aliter
1104 2349 1174 2379 pro-

200 2378 264 2410 fert
286 2381 421 2412 verbum
445 2391 523 2423 erga
545 2391 613 2420 nos,
643 2392 740 2422 quam
764 2381 818 2413 ubi
837 2381 917 2413 fides
941 2381 1065 2413 aditum
1088 2382 1172 2414 facit.

201 2420 263 2453 Est
283 2423 368 2454 enim
392 2425 535 2464 potentia
557 2423 620 2455 Dei
643 2425 677 2455 in
700 2424 848 2463 salutem,
877 2424 933 2456 sed
957 2424 1172 2456 credentibus.

201 2462 242 2494 In
272 2474 308 2496 eo
337 2467 500 2498 revelatur
523 2467 585 2498 Dei
613 2467 746 2508 iustitia,
779 2467 836 2499 sed
860 2477 901 2498 ex
924 2466 986 2498 fide
1009 2468 1042 2498 in
1065 2467 1173 2499 fidem.

201 2504 253 2536 Ita
282 2507 324 2538 sit
350 2512 387 2539 ut
409 2512 562 2549 perpetuo
585 2510 627 2541 sit
650 2510 765 2543 efficax
788 2510 924 2543 verbum
948 2510 1010 2541 Dei
1033 2514 1064 2541 et
1087 2510 1173 2542 salu-

202 2550 271 2579 tare
312 2549 495 2583 hominibus
527 2553 554 2583 si
587 2563 628 2584 ex
663 2563 696 2585 se
729 2553 916 2585 aestimetur
950 2562 987 2584 ac
1023 2563 1082 2585 sua
1115 2563 1173 2584 na-

202 2595 285 2630 tura,
315 2591 371 2623 sed
397 2593 519 2625 fructus
547 2605 611 2627 non
639 2596 797 2627 sentiatur
824 2596 886 2628 nisi
917 2605 936 2627 a
958 2595 1171 2628 credentibus.

203 2633 298 2673 Quod
329 2634 368 2665 ad
398 2635 487 2675 prius
517 2637 695 2669 membrum
723 2639 853 2677 attinet,
884 2639 937 2670 ubi
961 2638 1027 2669 dixi
1050 2638 1172 2670 nullam

1228 285 1367 326 amplius
1397 295 1466 317 esse
1492 285 1587 317 fidem
1618 285 1671 317 ubi
1700 286 1790 317 deest
1821 286 1970 318 verbum:
2005 290 2038 317 et
2059 288 2112 326 qui
2137 289 2200 320 tale

1228 327 1402 359 divortium
1426 328 1530 360 facere
1553 333 1698 368 conatur,
1722 328 1817 360 fidem
1841 339 1972 369 prorsus
1991 332 2200 370 exstinguere

1228 370 1438 410 redigereque
1472 371 1504 401 in
1539 370 1693 402 nihilum:
1725 381 1776 402 res
1809 375 1858 403 est
1887 372 2060 403 observatu
2092 373 2198 413 digna.

1228 413 1311 444 Nam
1328 413 1403 445 hinc
1419 418 1552 453 apparet
1568 413 1663 445 fidem
1687 423 1757 445 esse
1780 424 1844 445 non
1869 424 1960 455 posse
1984 415 2045 445 nisi
2069 415 2102 446 in
2127 415 2201 447 filiis

1228 454 1304 492 Dei,
1359 456 1473 496 quibus
1513 457 1589 488 solis
1626 456 1761 488 offertur
1804 456 1982 496 adoptionis
2020 458 2200 498 promissio.

1228 496 1367 536 Qualem
1397 499 1482 530 enim
1513 498 1608 530 fidem
1635 498 1793 531 haberent
1816 499 1940 537 diaboli,
1972 500 2088 540 quibus
2111 500 2202 532 nulla

1227 540 1315 571 salus
1338 541 1564 580 promittitur?
1610 541 1747 581 Qualem
1775 542 1871 572 etiam
1896 552 2007 574 omnes
2030 543 2120 583 impii
2144 544 2199 584 qui

1228 583 1361 613 verbum
1394 583 1569 624 ignorant?
1616 585 1704 626 Ergo
1733 584 1830 616 fidem
1861 594 1989 624 semper
2012 586 2202 625 praecedere

1227 623 1320 656 debet
1351 626 1496 657 auditus:
1531 629 1563 658 et
1592 627 1721 667 quidem
1751 629 1788 658 ut
1815 627 1953 659 sciamus
1977 627 2084 659 Deum
2108 629 2202 669 loqui,

1227 677 1291 697 non
1316 667 1471 700 homines.

1312 751 1342 782 3.
1373 752 1573 793 Inqredimur
1605 755 1687 786 euim
1722 755 1755 786 iu
1782 755 1849 787 eius
1877 755 2013 795 requiem
2038 758 2202 795 postquam

1226 793 1427 825 credidimus:
1456 796 1534 827 siout
1557 797 1652 828 dixit.-
1676 798 1787 838 Itaque
1810 799 1916 829 iuravi
1938 798 1972 829 in
1995 798 2047 829 ira
2070 808 2148 838 mea,
2172 799 2202 830 si

1226 836 1393 868 introibunt
1414 838 1448 868 iu
1470 839 1605 877 requiem
1627 850 1738 871 meam:
1769 841 1889 871 tametsi
1911 840 2052 880 operibus
2075 851 2096 872 a
2118 851 2202 872 crea-

1226 879 1307 911 tione
1336 880 1446 911 muudi
1470 881 1624 920 perfectis.
1670 882 1699 912 4.
1723 882 1816 914 Dizit
1845 883 1927 914 euim
1956 883 2071 915 alicubi
2098 885 2143 915 sie
2166 883 2203 915 de

1227 922 1278 953 die
1301 923 1444 961 septimo:
1475 922 1517 953 Et
1539 925 1685 963 requievit
1707 924 1796 956 Deus
1818 926 1947 964 septimo
1970 926 2021 958 die
2043 926 2080 958 ab
2105 927 2202 958 omui-

1226 965 1282 996 bus
1312 965 1452 1005 operibus
1480 966 1557 997 suis.
1603 966 1631 997 5.
1655 966 1697 997 Et
1724 968 1757 998 in
1779 967 1834 999 hoc
1854 978 1997 1000 rursum:
2032 968 2070 1000 Si
2092 969 2203 1001 introi-

1227 1007 1301 1038 bunt
1330 1008 1364 1039 iu
1392 1008 1529 1048 requiem
1559 1019 1669 1040 meam.
1714 1010 1743 1041 6.
1771 1010 1900 1049 Quando
1929 1012 2027 1051 iqitur
2048 1011 2204 1052 reliquum

1225 1050 1262 1090 fit
1283 1052 1317 1081 ut
1338 1051 1467 1091 quidam
1490 1052 1708 1092 iuqrediautur
1727 1053 1761 1083 iu
1782 1054 1894 1092 ipsam,
1924 1056 1950 1084 et
1977 1054 2090 1093 quibus
2107 1055 2204 1093 prius

1227 1094 1472 1134 evamselieatum
1500 1095 1576 1134 fuit,
1607 1104 1667 1126 uon
1698 1095 1857 1127 intrarunt
1880 1099 2008 1136 propter
2037 1097 2204 1129 inereduli-

1228 1138 1338 1167 tatem:
1369 1137 1398 1168 7.
1422 1147 1549 1169 rursum
1576 1138 1729 1177 quendam
1746 1138 1897 1177 praefinit
1918 1139 2000 1170 diem
2023 1139 2204 1171 hodiernum

1228 1179 1263 1210 iu
1279 1179 1387 1211 David
1409 1180 1514 1211 dicens
1531 1182 1605 1219 post
1627 1182 1746 1212 tantum
1768 1181 1913 1220 temporis
1935 1181 2203 1221 (quemadmodum

1228 1222 1341 1253 dietum
1371 1222 1441 1263 est).·
1474 1222 1562 1255 hodie
1588 1224 1617 1255 si
1646 1233 1745 1256 vocem
1767 1224 1833 1254 eius
1856 1224 2032 1264 audieritis,
2055 1235 2091 1255 ree
2113 1225 2203 1256 obdu-

1227 1265 1301 1296 retis
1331 1266 1424 1297 corda
1453 1268 1562 1297 vestra.
1615 1267 1644 1298 8.
1680 1267 1766 1298 Nam
1794 1267 1823 1297 si
1854 1266 1945 1297 Iesus
1975 1268 2108 1306 requiem
2139 1268 2204 1299 iilis

1223 1309 1443 1349 praestitisset,
1477 1319 1537 1340 uon
1566 1309 1603 1341 de
1634 1309 1700 1341 alia
1729 1309 1904 1349 loqueretur
1929 1312 2000 1349 post
2028 1309 2096 1340 ilios
2128 1310 2203 1341 dies.

1228 1352 1257 1382 9.
1274 1350 1361 1391 Eryo
1375 1351 1562 1391 relinquitur
1577 1351 1804 1384 sabbatliismus
1814 1351 1930 1392 populo
1944 1351 2018 1383 Dei.
2052 1352 2100 1383 10.
2120 1352 2204 1384 Nam

1228 1394 1283 1434 qui
1311 1394 1485 1434 iiiqreditur
1515 1395 1549 1426 iri
1578 1396 1714 1434 requiem
1744 1395 1820 1432 eius,
1853 1395 2003 1434 requievit
2031 1397 2056 1426 et
2079 1396 2145 1434 ipse
2168 1395 2205 1426 ab

1229 1437 1369 1477 operibus
1388 1438 1540 1479 propriiS,
1564 1437 1820 1479 quemadmodum
1843 1448 1863 1469 a
1885 1438 1954 1469 suis
1975 1437 2072 1469 Deus.

1315 1522 1384 1554 Iam
1408 1523 1511 1554 locum
1547 1523 1649 1564 illum,
1683 1534 1778 1564 quem
1808 1523 1966 1554 citaverat
1996 1534 2035 1554 ex
2067 1523 2204 1564 Davide,

1229 1576 1385 1597 exornare
1409 1566 1531 1606 incipit.
1562 1566 1731 1598 Hactenus
1753 1576 1827 1597 eum
1849 1566 2003 1598 tractavit
2026 1566 2204 1597 secundum

1228 1609 1366 1647 literam,
1397 1614 1433 1640 ut
1462 1609 1655 1649 loquuntur:
1687 1609 1748 1641 hoc
1779 1612 1827 1640 est
1856 1609 1888 1639 in
1921 1609 2061 1649 genuino
2091 1619 2202 1641 sensu:

1228 1663 1314 1683 nunc
1344 1656 1449 1683 autem
1481 1651 1674 1692 expoliendo
1705 1651 1892 1692 amplificat,
1924 1651 2058 1692 ideoque
2089 1651 2204 1683 alludit

1228 1695 1331 1734 magis
1344 1694 1382 1725 ad
1396 1694 1495 1726 verba.
1504 1694 1640 1726 Davidis
1653 1705 1751 1734 quam
1764 1695 2005 1734 interpretetur.
2030 1694 2203 1726 Eiusmodi

1227 1736 1435 1778 ἐπεξεργασία
1457 1742 1506 1769 est
1528 1737 1613 1777 apud
1630 1737 1778 1774 Paulum,
1802 1737 1842 1768 ad
1858 1736 1952 1768 Rom.
1969 1737 2074 1778 capite
2099 1737 2148 1775 10,
2172 1738 2202 1776 6,

1228 1781 1259 1812 in
1291 1780 1458 1812 tractando
1482 1780 1583 1812 Mosis
1606 1781 1803 1817 testimonio,
1837 1779 1887 1811 Ne
1910 1780 2004 1819 dicas,
2041 1779 2123 1818 Quis
2146 1779 2201 1811 ad-

1227 1823 1358 1856 scendet
1381 1824 1413 1854 in
1437 1822 1584 1854 coelum?
1629 1823 1696 1854 Nec
1720 1833 1797 1854 vero
1821 1822 1995 1854 absurdum
2020 1827 2077 1860 est,
2101 1826 2138 1853 ut
2161 1822 2202 1853 ad

1227 1870 1430 1907 praesentem
1461 1876 1555 1897 usum
1586 1866 1847 1898 accommodetur
1879 1865 2054 1905 scriptura,
2090 1865 2202 1896 simili-

1228 1909 1372 1941 tudinem
1414 1908 1463 1950 (ut
1498 1909 1544 1940 ita
1576 1909 1694 1950 dicam)
1727 1908 1887 1940 coloribus
1920 1908 2083 1939 illustrare
2115 1907 2202 1948 quod

1227 1953 1293 1984 illic
1315 1951 1492 1993 simplicius
1515 1951 1642 1983 dicitur.
1687 1951 1789 1983 Porro
1818 1960 1946 1983 summa
1969 1950 2114 1981 omnium
2138 1950 2201 1982 huc

1227 1996 1320 2033 redit,
1350 1996 1390 2026 ad
1420 2004 1478 2026 nos
1506 2004 1631 2035 quoque
1661 1994 1824 2034 pertinere
1851 1994 1934 2034 quod
1959 1993 1998 2024 de
2021 1993 2202 2033 privatione

1228 2038 1377 2079 requietis
1408 2048 1485 2069 suae
1515 2037 1657 2068 minatur
1680 2037 1770 2068 Deus
1794 2037 1826 2067 in
1850 2036 1990 2077 psalmo:
2023 2036 2118 2067 sicuti
2142 2045 2201 2067 nos

1227 2081 1266 2112 ad
1297 2080 1458 2121 quandam
1488 2080 1630 2121 requiem
1659 2079 1755 2111 hodie
1780 2089 1907 2120 quoque
1929 2078 2056 2110 invitat.
2102 2078 2202 2110 Prae-

1227 2125 1320 2164 cipua
1343 2124 1441 2155 huius
1464 2123 1524 2155 loci
1547 2122 1720 2155 difficultas
1745 2122 1819 2154 hinc
1843 2122 2000 2162 provenit,
2025 2121 2108 2162 quod
2132 2121 2201 2153 vio-

1227 2167 1330 2198 lenter
1363 2176 1381 2197 a
1415 2165 1525 2197 multis
1558 2170 1742 2205 torquetur:
1784 2175 1882 2205 quum
1920 2165 2082 2204 apostolus
2117 2163 2200 2194 nihil

1228 2210 1315 2241 aliud
1333 2209 1410 2241 velit
1430 2219 1525 2249 quam
1548 2209 1693 2249 requiem
1716 2208 1806 2240 nobis
1830 2207 1992 2248 quandam
2016 2206 2200 2244 asserendo,

1227 2253 1294 2284 eius
1310 2251 1468 2283 desiderio
1483 2262 1542 2283 nos
1557 2261 1681 2290 acuere,
1706 2255 1738 2282 et
1755 2251 1848 2283 simul
1873 2255 1960 2282 metu
1983 2259 2135 2290 pungere,
2158 2259 2199 2280 ne

1226 2305 1283 2336 per
1322 2293 1584 2327 incredulitatem
1623 2294 1662 2326 ab
1705 2304 1742 2326 ea
1775 2293 2012 2334 prohibeamur.
2068 2292 2200 2323 Interea

1226 2344 1334 2370 tamen
1357 2337 1450 2378 longe
1474 2337 1574 2378 pluris
1607 2347 1677 2369 esse
1710 2337 1855 2377 requiem
1889 2336 1984 2367 istam
2020 2335 2126 2373 docet,
2164 2335 2199 2365 in

1226 2391 1321 2422 quam
1351 2390 1436 2412 nunc
1466 2380 1631 2421 ingressus
1655 2379 1745 2411 nobis
1769 2383 1867 2420 patet,
1897 2389 1993 2419 quam
2016 2377 2115 2408 fuerit
2137 2380 2200 2408 ter-

1225 2434 1279 2456 rae
1303 2423 1470 2455 chanaan.
1516 2422 1582 2455 Sed
1606 2423 1775 2454 veniamus
1798 2422 1838 2453 ad
1861 2420 1998 2461 singula.

1310 2466 1338 2498 3.
1363 2465 1564 2507 quredimur
1585 2468 1753 2505 postquam
1775 2464 1971 2496 credidimus.
2016 2463 2198 2504 Argumen-

1225 2514 1293 2541 tum
1323 2514 1372 2540 est
1399 2519 1418 2540 a
1440 2508 1617 2540 contrariis.
1662 2508 1741 2540 Sola
1764 2507 1973 2539 incredulitas
1997 2510 2093 2543 arcet,
2121 2514 2197 2545 ergo

1226 2553 1287 2584 fide
1324 2555 1412 2592 patet
1441 2551 1620 2592 ingressus.
1671 2549 1898 2590 Repetendum
1928 2550 2014 2581 enim
2044 2549 2198 2580 memoria

1225 2595 1391 2636 quodiam
1414 2594 1573 2634 exposuit,
1597 2593 1703 2625 Deum
1726 2592 1901 2624 incredulis
1923 2593 2041 2624 iratum
2064 2592 2195 2629 iurasse,

1227 2648 1289 2670 non
1320 2637 1387 2669 fore
1417 2636 1505 2669 illius
1535 2636 1609 2668 boni
1639 2640 1810 2676 compotes.
1856 2635 1986 2667 Intrant
2015 2643 2091 2674 ergo
2118 2641 2196 2672 quos
