2513 3126
296 195 355 226 431
1134 189 1277 222 Et‘ls'r.
1300 189 1456 221 IACOBI
2227 191 2290 222 432

298 301 339 321 ne
363 289 545 331 symbolum
571 288 672 318 abusu
698 287 916 327 profanarent.
956 286 1027 317 Non
1051 286 1138 317 aliud
1162 285 1267 317 Iacobi

297 333 465 364 eonsilium
503 331 562 361 fnit
595 339 690 369 quam
722 329 784 360 Dei
816 330 970 369 gratiam,
1005 339 1070 368 qua
1098 335 1176 359 tuno
1206 329 1267 359 frui

299 380 445 415 poterant
480 373 604 407 fideles.
637 371 881 408 commendare,
917 383 957 403 ne
990 377 1179 411 contemptu
1213 376 1268 402 aut

298 416 497 457 negligentia
531 416 649 455 periret
682 415 752 446 eius
787 414 920 445 utilitas.
977 414 1015 445 ln
1050 414 1137 445 hunc
1170 415 1267 445 finem

298 461 387 491 iubet
416 459 534 489 accersi
566 457 780 498 presbyteros.
828 457 1000 489 Unctionis
1028 467 1105 488 vero
1129 467 1205 488 usus
1229 456 1268 488 ad

297 504 448 534 otl'cctum
472 501 604 540 spiritus
623 502 725 532 sancti
743 501 895 540 restringi
914 500 1016 531 debet.
1051 499 1148 532 Hunc
1165 500 1267 530 locum

299 545 469 584 magnifico
504 545 625 574 iactant
661 544 821 583 papistao,
855 543 933 573 dum
968 548 1145 574 extremam
1175 552 1267 574 suam

299 588 482 618 unctionem
507 587 675 617 venditare
692 586 814 617 volunt.
850 585 1019 624 Quantum
1043 591 1151 616 autem
1171 586 1268 616 distet

299 640 409 661 eorum
437 629 619 669 corruptela
642 640 660 659 a
687 629 784 660 vetori
809 629 968 664 instituto,
1000 629 1091 660 cuins
1121 628 1269 659 meminit

298 672 444 711 Iacobus,
475 673 507 703 in
537 672 720 711 praesentia
742 682 903 711 exponere
926 671 1127 711 supersedeo.
1173 671 1269 701 Hanc

296 723 420 756 partem
442 715 576 746 lectores
596 726 635 745 ex
652 715 862 746 Institutione
878 713 1012 746 discant.
1047 714 1120 746 Hoc
1140 719 1267 744 tantum

298 759 377 798 dico,
408 758 491 789 male
519 764 549 788 et
581 758 694 788 inscite
725 758 865 796 torqueri
896 757 982 788 hunc
1013 757 1128 797 locum,
1157 762 1192 787 ut
1215 767 1269 787 ex-

299 807 403 832 trema.
432 802 540 831 unctio
570 801 612 832 sit
642 806 674 831 et
697 804 830 832 vocetur
861 805 1095 831 sacramentum
1119 800 1211 830 cuius
1235 800 1267 829 in

297 844 431 875 ecclesia
455 848 610 883 perpetuo
634 854 711 874 usus
735 852 866 873 manere
890 842 1011 874 debeat.
1047 843 1165 873 Fateor
1184 842 1269 881 equi-

299 887 371 918 dem
410 897 466 925 pro
503 891 706 917 sacramento
741 891 929 926 usurpatam
964 886 1062 917 fuisse
1093 895 1111 915 a
1146 884 1268 916 Christi

299 929 462 969 discipulis
496 929 613 970 (neque
642 929 728 960 enim
764 929 828 959 illis
860 929 1019 960 assentior
1046 929 1100 968 qui
1131 928 1270 958 medica-

297 979 442 1003 mentum
468 973 565 1003 fuisse
589 971 729 1013 putant),
758 971 814 1002 sed
848 971 1116 1011 quemadmodum
1149 970 1270 1001 veritas

299 1015 394 1046 huius
423 1015 508 1055 signi
538 1015 668 1046 nonnisi
698 1015 737 1046 ad
766 1019 892 1054 tempus
914 1014 1052 1053 duravit,
1084 1012 1269 1053 symbolum

297 1058 367 1089 dico
390 1058 539 1089 similiter
562 1058 659 1089 fuisse
689 1057 875 1098 temporale.
921 1057 1028 1096 Atque
1054 1057 1113 1087 hoc
1136 1055 1268 1095 planum

298 1106 365 1132 est:
389 1100 472 1131 nihil
496 1101 582 1132 enim
599 1100 768 1132 absurdius
785 1110 879 1140 quam
897 1104 1136 1131 sacramentum
1154 1108 1269 1129 vocare

298 1143 383 1183 quod
408 1145 504 1174 inane
527 1144 580 1183 sit,
604 1154 664 1175 nec
682 1153 750 1174 rem
768 1144 928 1182 signatam
948 1153 1021 1173 vere
1038 1142 1129 1172 nobis
1145 1142 1268 1172 offerat.

298 1187 431 1218 Donum
464 1187 644 1218 sanationis
678 1186 777 1217 fuisse
810 1185 1000 1225 temporale,
1034 1184 1127 1215 fateri
1157 1194 1269 1215 omnes

298 1237 468 1269 coguntur,
493 1235 524 1260 et
547 1240 598 1260 res
621 1230 692 1269 ipsa
711 1229 929 1260 demonstrat:
953 1237 1030 1268 ergo
1053 1228 1183 1268 signum
1201 1227 1269 1258 eius

298 1278 490 1312 perpetuum
520 1282 591 1303 esse
622 1283 686 1303 non
717 1272 867 1311 oportuit.
913 1270 1006 1302 Unde
1034 1270 1181 1310 sequitur
1205 1280 1268 1300 non

299 1325 393 1346 veros
416 1325 487 1346 esse
513 1315 701 1351 imitatores,
732 1315 786 1344 sed
811 1313 922 1344 simias
944 1323 1014 1344 esse
1037 1312 1268 1352 apostolorum,

299 1358 353 1398 qui
390 1358 575 1389 unctionem
613 1358 697 1388 inter
731 1361 932 1388 sacramenta
971 1355 1066 1387 hodie
1099 1361 1268 1395 reponunt,

299 1400 361 1432 nisi
395 1400 545 1432 effectum
579 1401 675 1431 simul
709 1400 896 1437 restituant,
932 1409 1028 1438 quem
1063 1403 1139 1429 ante
1168 1408 1269 1429 annos

299 1443 388 1474 mille
419 1450 450 1474 et
480 1443 734 1483 quadringentos
757 1443 848 1474 Deus
879 1441 1001 1472 mundo
1031 1441 1174 1473 abstulit.
1219 1440 1270 1471 Ita

299 1486 392 1518 nobis
421 1491 583 1517 certamen
615 1496 678 1517 non
704 1490 750 1517 est
779 1495 817 1515 an
842 1485 951 1516 unctio
975 1484 1074 1516 fuerit
1097 1483 1270 1524 aliquando

299 1535 555 1561 sacramentum:
590 1529 645 1560 sed
681 1539 722 1560 an
756 1528 848 1559 nobis
877 1527 952 1559 data
983 1527 1080 1558 tuerit
1110 1531 1146 1558 ut
1177 1526 1270 1557 hodie

300 1582 427 1611 quoque
460 1572 545 1612 apud
577 1582 634 1602 nos
658 1572 700 1602 sit
723 1571 755 1602 in
780 1581 851 1602 usu.
897 1571 969 1602 Hoc
992 1570 1152 1611 posterius
1176 1579 1271 1610 nega-

299 1625 382 1653 mus,
405 1615 479 1654 quia
502 1621 627 1646 constat
650 1625 719 1646 rem
743 1615 905 1655 signatam
930 1614 1053 1654 pridem
1078 1613 1221 1644 desiisse.

388 1658 586 1699 Presbyteros
622 1658 772 1690 ecclesiae.
828 1657 899 1697 Ego
934 1656 1127 1698 generaliter
1160 1665 1271 1686 omnes

299 1702 540 1741 comprehendo
585 1702 639 1741 qui
684 1700 845 1741 regendae
890 1701 1044 1732 ecclesiae
1088 1702 1269 1739 praeerant.

300 1744 414 1784 Neque
452 1746 538 1775 enim
576 1745 636 1775 soli
669 1751 814 1784 pastores
849 1744 1028 1784 presbyteri
1062 1742 1272 1780 vocabantur,

300 1787 356 1818 sed
389 1787 443 1827 qui
478 1787 705 1827 deligebantur
739 1797 779 1817 ex
807 1785 899 1825 plebe
930 1787 1021 1826 quasi
1051 1795 1199 1817 censores
1230 1783 1270 1815 ad

300 1830 455 1861 tuendam
491 1830 705 1870 disciplinam.
762 1829 983 1869 Unaquaeque
1017 1830 1104 1860 enim
1138 1827 1272 1860 ecclesia

301 1883 394 1903 suum
428 1873 521 1912 quasi
552 1879 701 1904 senatum
726 1871 874 1908 habebat,
907 1883 946 1903 ex
970 1872 1123 1913 gravibus
1146 1875 1179 1901 et
1201 1880 1271 1910 pro-

301 1916 396 1946 batae
428 1915 627 1956 integritatis
651 1916 729 1947 viris
759 1915 926 1946 delectum.
973 1915 1135 1954 Quoniam
1162 1916 1270 1945 autem

302 1968 354 1988 eos
379 1958 582 1997 potissimum
606 1958 726 1999 eligere
750 1959 846 1990 moris
868 1964 937 1990 erat
956 1959 1008 1999 qui
1025 1956 1164 1999 praediti
1179 1962 1271 1987 erant

304 2000 589 2032 excellentioribus
624 2002 732 2032 donis:
766 2001 837 2032 ideo
871 2012 1032 2033 accersere
1066 2000 1272 2041 presbyteros

302 2043 399 2079 iubet,
423 2048 533 2082 utpote
557 2045 590 2074 in
610 2044 726 2084 quibus
745 2045 888 2074 maxime
905 2045 954 2075 vis
971 2049 1004 2075 et
1019 2044 1124 2084 gratia
1139 2042 1272 2082 spiritus

302 2086 407 2117 sancti
430 2095 464 2116 se
486 2087 665 2118 exserebat.

392 2128 486 2160 Orent
517 2139 611 2168 super
642 2139 720 2160 eum.
776 2129 851 2161 Huc
884 2134 1008 2169 spectat
1043 2130 1125 2160 ritus
1159 2127 1272 2159 orandi

303 2181 399 2211 super
428 2171 578 2210 aliquem,
610 2174 646 2203 ut
670 2172 770 2203 veluti
793 2183 900 2203 coram
925 2173 994 2204 Deo
1017 2173 1165 2204 sistatur:
1197 2171 1273 2210 quia.

302 2214 357 2245 ubi
388 2214 422 2245 in
451 2223 519 2244 rem
544 2220 745 2254 praesentem
769 2221 900 2246 ventum
925 2221 981 2252 est,
1013 2216 1134 2246 maiore
1157 2214 1273 2244 affectu

303 2257 502 2296 concipimus
540 2267 666 2297 preces:
704 2258 797 2289 sicuti
833 2268 892 2289 non
930 2259 1019 2289 modo
1057 2258 1210 2289 Elisaeus
1247 2258 1274 2287 et

303 2298 438 2339 Paulus,
471 2300 524 2332 secl
549 2299 692 2331 Christus
721 2301 787 2340 ipse
814 2300 870 2331 hac
902 2302 1093 2332 caeremonia
1119 2299 1274 2340 precandi

304 2342 447 2374 ardorem
479 2343 666 2380 excitarunt,
701 2345 728 2374 et
759 2344 1007 2375 commendarunt
1035 2343 1100 2375 Dei
1128 2343 1273 2385 qratiam.

304 2385 493 2416 Notandum
511 2395 589 2416 vero
608 2385 691 2426 quod
708 2387 951 2425 promissionem
969 2387 1105 2418 orationi
1121 2386 1274 2423 annectit,

305 2437 347 2458 ne
381 2428 444 2459 fide
473 2438 575 2460 vacua
604 2430 656 2460 sit.
707 2428 791 2460 Nam
823 2430 878 2468 qui
911 2429 1056 2466 haesitat,
1089 2430 1183 2461 sicuti
1212 2428 1275 2458 rite

306 2480 370 2501 non
402 2471 531 2503 invocat
555 2471 671 2509 Deum,
702 2472 747 2502 ita
776 2471 931 2511 indignus
958 2478 1006 2503 est
1029 2473 1083 2512 qui
1106 2473 1274 2511 impetret:

310 2521 346 2543 ut
369 2513 542 2545 habuimus
564 2515 668 2554 capite
690 2514 804 2554 primo.
849 2514 1004 2554 Quisquis
1029 2526 1105 2556 ergo
1128 2513 1276 2546 exaudiri

310 2556 405 2595 volet,
435 2562 523 2588 certo
551 2557 636 2597 apud
667 2567 702 2588 se
732 2562 854 2588 statuat
883 2567 946 2588 non
974 2557 1094 2589 frustra
1116 2568 1150 2589 se
1172 2566 1275 2588 orare.

310 2597 412 2630 Sicuti
436 2599 567 2631 Iacobus
595 2600 708 2631 donum
737 2599 818 2631 illud
839 2600 973 2639 speciale
994 2601 1027 2631 in
1048 2601 1185 2632 medium
1204 2609 1276 2638 pro-

306 2641 378 2681 fert,
402 2643 493 2673 cuias
515 2643 647 2674 accessio
669 2645 788 2674 tantum
807 2645 874 2675 erat
896 2645 1041 2674 externus
1058 2643 1151 2674 ritus.
1187 2642 1284 2674 Unde

1321 286 1515 326 colligimus,
1550 295 1590 314 ne
1624 283 1686 314 olei
1721 283 1849 323 quidem
1882 284 2061 324 legitimum
2093 295 2164 317 esse
2195 297 2288 320 usum

1321 328 1441 368 absquo
1472 329 1542 358 lide.
1588 327 1689 366 Atqui
1720 337 1820 366 quum
1846 327 1977 367 papistis
2001 327 2080 359 adeo
2104 329 2193 360 nulla
2214 339 2287 361 con-

1322 378 1385 402 stet
1406 370 1564 402 certitudo
1586 379 1664 400 suae
1688 370 1856 410 unctionis,
1881 376 1916 400 ut
1939 370 2045 409 palam
2067 371 2108 402 sit
2131 371 2215 402 dono
2236 382 2290 405 eos

1322 424 1441 451 carcre,
1466 413 1554 443 illam
1579 411 1794 442 adulterinam
1818 422 1890 443 esse
1913 418 2010 452 patet.

1410 457 1457 487 15.
1493 454 1536 486 Et
1564 455 1594 486 si
1618 457 1755 494 peccata,
1785 457 1836 487 etc.
1882 455 1955 486 Non
1983 461 2031 486 est
2061 456 2122 487 hoc
2144 457 2290 489 additum

1323 499 1481 530 duntaxat
1511 498 1650 538 augendi
1680 508 1785 534 causa,
1817 508 1853 529 ac
1880 499 1908 529 si
1937 498 2079 537 dixisset,
2110 501 2214 531 maius
2237 500 2290 531 ali·

1323 541 1397 581 quid
1429 541 1534 571 Deum
1568 545 1699 580 aegroto
1730 540 1880 571 daturum
1908 550 2003 580 quam
2035 543 2177 582 corporis
2206 544 2291 574 sani-

1324 590 1439 615 tatem:
1470 593 1584 614 verum
1608 584 1682 622 quia
1705 583 1808 614 morbi
1832 584 2018 624 saepissime
2041 585 2230 625 irrogantur
2251 587 2290 618 ob

1325 634 1461 667 peccata,
1486 626 1524 656 do
1549 626 1665 656 horum
1690 626 1877 657 remissione
1900 626 2042 666 loquens,
2064 637 2194 658 causam
2214 629 2290 660 mali

1322 670 1482 700 sublatum
1508 669 1547 699 iri
1571 669 1739 708 significat.
1787 670 1829 699 Et
1853 680 1930 700 sane
1954 669 2100 702 videmus
2125 675 2159 701 ut
2182 670 2292 703 David

1323 713 1433 743 morbo
1457 712 1605 748 afflictus,
1635 711 1710 742 dum
1735 712 1929 743 levationem
1954 717 2054 753 optat,
2086 718 2171 745 totus
2194 714 2236 745 sit
2258 715 2290 746 in

1323 756 1461 795 petenda
1486 759 1687 794 pcccatorum
1714 755 1815 786 venia.
1862 756 2024 793 Quorsum
2049 755 2108 787 hoc
2132 756 2193 788 nisi
2216 757 2292 797 quia

1324 799 1397 829 dum
1430 797 1544 837 culpae
1572 807 1648 828 suae
1672 797 1821 829 effectum
1847 798 1993 838 agnoscit
2016 799 2049 829 in
2074 799 2197 840 poenis,
2226 810 2290 832 non

1324 841 1410 872 aliud
1449 839 1625 871 remedium
1664 850 1734 871 esse
1767 840 1904 880 iudicat,
1942 851 2037 881 quam
2072 842 2098 872 si
2132 841 2292 875 Dominus

1325 888 1453 924 peccata
1478 884 1635 922 imputare
1659 882 1805 913 desinat?
1848 883 1940 915 Pleni
1964 888 2041 915 sunt
2065 884 2125 916 hac
2148 884 2291 917 doctrina

1325 927 1509 967 prophetae,
1541 925 1633 956 malis
1663 925 1764 956 levari
1794 926 1950 963 homines,
1980 937 2080 967 quum
2110 927 2150 959 ab
2172 928 2291 968 iniqui-

1325 977 1425 1000 tatum
1450 974 1540 999 reatu
1564 968 1747 999 solvuntur.
1784 969 1872 1008 Ergo
1895 968 1979 1001 hanc
2002 969 2131 1001 demum
2155 976 2187 1002 et
2210 981 2292 1002 mor-

1325 1013 1374 1044 bis
1408 1012 1526 1043 nostris
1560 1015 1592 1042 et
1626 1011 1697 1042 aliis
1735 1011 1974 1043 calamitatibus
2010 1013 2148 1044 sciamus
2185 1019 2294 1054 aptam

1325 1066 1394 1087 esse
1424 1054 1629 1093 medicinam,
1662 1054 1688 1085 si
1718 1054 1756 1085 de
1787 1054 1943 1094 placando
1967 1054 2037 1086 Deo
2068 1060 2100 1086 et
2122 1055 2295 1087 obtinenda

1325 1101 1525 1138 peccatorum
1539 1097 1636 1128 venia
1651 1097 1791 1137 solliciti,
1808 1108 1866 1129 nos
1880 1097 2053 1138 diligenter
2066 1099 2295 1131 examinemus.

1412 1184 1461 1214 16.
1486 1182 1680 1222 Confitemini
1706 1183 1837 1214 invicem
1860 1186 1988 1222 peccata
2016 1186 2128 1223 vestra,
2156 1186 2184 1216 et
2211 1186 2296 1216 orate

1323 1227 1450 1259 invicem
1479 1226 1539 1258 alii
1563 1236 1622 1265 pro
1654 1226 1739 1264 aliis,
1770 1228 1803 1256 ut
1830 1226 2003 1258 salvemini.
2049 1226 2188 1258 Multum
2217 1227 2298 1259 valet

1318 1270 1454 1310 precatio
1484 1269 1561 1300 iusti
1586 1269 1706 1308 efficax.
1754 1269 1803 1299 17.
1828 1269 1923 1300 Elias
1945 1269 2030 1300 homo
2052 1272 2119 1300 erat
2136 1270 2297 1310 passioni·

1322 1314 1377 1344 bus
1408 1312 1552 1343 similiter
1582 1312 1731 1343 obnoxius
1757 1314 1791 1343 ut
1813 1322 1877 1349 nos,
1909 1314 1935 1343 et
1958 1313 2134 1352 precatione
2151 1315 2296 1352 precatus

1323 1358 1365 1387 est
1388 1366 1423 1386 oze
1441 1355 1572 1394 plueret,
1603 1357 1630 1386 et
1651 1365 1710 1385 non
1728 1354 1814 1395 pluit
1836 1364 1955 1394 semper
1977 1357 2093 1387 terram
2114 1365 2213 1387 armos
2234 1358 2296 1387 tres

1322 1402 1349 1430 et
1370 1408 1425 1429 sea·
1447 1408 1574 1429 menses.
1612 1398 1661 1429 18.
1683 1397 1725 1429 Et
1747 1408 1875 1429 rursum
1897 1398 2006 1435 oravit,
2030 1401 2056 1429 et
2077 1397 2191 1430 coelum
2213 1398 2296 1430 dedit

1318 1441 1470 1482 pluviam,
1493 1443 1519 1472 et
1541 1443 1626 1473 terra
1643 1441 1776 1480 protulit
1795 1441 1933 1481 fructum
1955 1451 2057 1472 suum.

1412 1527 1459 1558 16.
1488 1526 1681 1566 Confitemiiii
1703 1527 1840 1558 invicem.
1883 1526 1924 1557 In
1948 1526 2112 1557 nonnullis
2134 1525 2296 1558 codicibus

1324 1570 1479 1601 inseritur
1517 1569 1643 1601 illativa
1677 1569 1854 1609 particula:
1893 1579 1997 1609 neque
2031 1569 2115 1600 male
2148 1568 2296 1609 quadrat.

1324 1613 1408 1644 Nam
1443 1616 1479 1644 ut
1509 1623 1573 1643 non
1602 1613 1819 1652 exprimatur,
1853 1611 2075 1644 subaudienda
2103 1616 2214 1643 tamen
2238 1617 2296 1643 est.

1324 1656 1464 1687 Dixerat
1488 1659 1620 1697 peccata
1642 1656 1762 1686 remitti
1786 1655 1927 1696 aegrotis
1951 1664 2048 1695 super
2071 1665 2149 1695 quos
2171 1655 2295 1686 orarint

1325 1699 1526 1740 presbyteri:
1564 1709 1651 1730 nunc
1689 1698 1840 1729 admonet
1878 1707 1974 1738 quam
2010 1697 2132 1729 utiliter
2165 1702 2296 1738 peccata

1325 1746 1436 1773 nostra
1452 1741 1605 1773 fratribus
1621 1747 1820 1782 retegamus:
1837 1742 1912 1781 quia
1927 1740 2049 1772 scilicet
2064 1751 2176 1772 eorum
2196 1740 2296 1772 inter-

1324 1785 1469 1816 cessione
1498 1785 1677 1825 poterimus
1706 1785 1837 1816 veniam
1868 1784 2032 1823 consequi.
2083 1783 2158 1815 Scio
2188 1783 2296 1814 locum

1324 1827 1413 1858 hunc
1446 1839 1463 1858 a
1490 1828 1601 1859 multis
1638 1827 1756 1867 exponi
1791 1827 1830 1858 de
1863 1826 2108 1858 reconciliandis
2143 1826 2294 1858 offensis:

1325 1881 1400 1901 nam
1425 1871 1478 1910 qni
1502 1871 1607 1901 redire
1629 1871 1663 1901 in
1683 1870 1822 1911 gratiam
1839 1869 1961 1908 volunt,
1985 1879 2038 1900 eos
2057 1869 2186 1909 culpam
2202 1879 2294 1900 suam

1326 1923 1499 1954 agnoscere
1530 1914 1617 1953 prius
1648 1919 1679 1943 et
1710 1913 1802 1944 fateri
1833 1923 1962 1943 necesse
1989 1917 2046 1943 est.
2097 1911 2177 1942 Inde
2207 1912 2296 1942 enim

1325 1957 1362 1987 fit
1392 1961 1427 1986 ut
1456 1957 1578 1987 radices
1601 1961 1700 1996 agant
1722 1955 1918 1992 inimicitiae,
1948 1955 2011 1985 imo
2035 1958 2224 1995 augeantur,
2257 1965 2294 1986 ac

1325 2000 1405 2030 fiant
1444 1999 1741 2030 irreconciliabiles:
1788 2000 1863 2038 quia
1902 1998 2125 2038 unusquisque
2164 2007 2296 2029 causam

1326 2052 1417 2072 suam
1448 2042 1660 2081 pertinaciter
1683 2041 1835 2072 defendit.
1881 2041 2005 2072 Putant
2026 2051 2103 2081 ergo
2126 2040 2221 2071 multi
2243 2040 2295 2071 Ia·

1325 2085 1439 2115 cobum
1475 2085 1558 2115 hanc
1587 2084 1756 2115 ostendere
1789 2085 1878 2115 viam
1912 2084 2075 2114 fraternae
2109 2083 2294 2114 reconcilia-

1326 2128 1437 2164 tionis,
1472 2128 1498 2158 si
1529 2133 1641 2158 mutuo
1674 2132 1850 2168 agnoscant
1880 2131 2009 2167 peccata
2039 2135 2113 2157 sua:
2146 2125 2202 2156 sed
2231 2125 2294 2156 alio

1326 2170 1477 2210 respexit,
1501 2169 1770 2209 quemadmodum
1796 2169 1915 2201 dictum
1939 2174 1996 2200 est.
2034 2169 2184 2200 Mutuam
2207 2168 2294 2199 enim

1327 2213 1543 2253 precationem
1566 2223 1640 2243 cum
1664 2218 1775 2243 mutua
1798 2212 1998 2244 confessione
2021 2210 2202 2251 coniungit:
2232 2220 2294 2250 quo

1326 2256 1488 2296 significat
1510 2256 1543 2286 in
1567 2254 1627 2285 hoc
1651 2256 1801 2295 prodesse
1823 2255 2066 2292 confessionem,
2097 2258 2133 2284 ut
2155 2253 2293 2284 fratrum

1327 2298 1476 2339 precibus
1498 2298 1646 2329 iuvemur
1669 2298 1753 2337 apud
1770 2298 1888 2329 Deum.
1923 2297 2006 2328 Nam
2023 2296 2077 2336 qui
2093 2296 2294 2327 necessitatis

1327 2347 1456 2373 nostrae
1490 2341 1607 2372 conscii
1641 2346 1731 2379 sunt,
1765 2341 1805 2372 ad
1838 2339 1997 2371 orandum
2032 2339 2224 2378 incitantur,
2257 2342 2294 2369 ut

1328 2384 1421 2415 nobis
1443 2384 1654 2415 subveniant:
1685 2392 1764 2423 quos
1787 2393 1862 2415 vero
1886 2382 1987 2413 latent
2009 2382 2111 2413 morbi
2136 2381 2247 2418 nostri,
2270 2381 2294 2412 ii

1328 2427 1368 2458 ad
1392 2437 1485 2467 opem
1508 2426 1600 2457 nobis
1623 2426 1786 2457 ferendam
1809 2429 1885 2457 sunt
1904 2424 2078 2466 segniores.
2112 2424 2199 2455 Mira
2217 2433 2294 2456 vero

1327 2471 1530 2510 papistarum
1554 2468 1605 2500 vel
1627 2468 1775 2505 stultitia,
1804 2468 1854 2499 vel
1876 2467 2077 2507 improbitas,
2107 2467 2161 2507 qui
2184 2477 2294 2498 susur-

1329 2513 1481 2544 ratoriam
1505 2522 1596 2543 suam
1619 2512 1849 2543 confessionem
1869 2510 1930 2541 hoc
1949 2510 2132 2541 testimonio
2148 2515 2294 2541 astruere

1328 2560 1498 2588 conantur.
1536 2554 1619 2586 Nam
1643 2565 1682 2584 ex
1706 2553 1813 2585 verbis
1835 2553 1943 2584 Iacobi
1967 2553 2085 2584 inferre
2108 2557 2292 2593 promptum

1328 2604 1422 2639 esset,
1446 2598 1531 2629 solos
1553 2597 1713 2628 sacrificos
1732 2596 1847 2628 debere
1862 2596 2017 2628 confiteri.
2051 2595 2190 2635 Quando
2206 2595 2292 2626 enim

1329 2647 1442 2673 mutua
1471 2641 1523 2672 hic
1552 2640 1603 2673 vel
1633 2640 1796 2680 reciproca
1826 2638 1874 2681 (ut
1904 2639 2042 2671 crassius
2071 2637 2195 2679 loquar)
2217 2647 2293 2669 con-

2483 1646 2494 1731 ‘ve
