2513 3126
140 225 203 258 465

141 327 290 361 tremere,
313 330 411 360 quum
435 319 590 351 adversus
612 317 730 359 glorias
754 315 906 356 probrose
923 316 1107 356 insurgunt.

140 363 202 394 Est
231 363 317 394 enim
350 363 411 394 hoc
442 362 644 402 prodigiosae
675 359 891 399 arrogantiae,
925 369 984 399 pro
1007 358 1109 389 nihilo

142 405 257 437 ducere
291 405 427 446 gloriam
462 414 543 445 quae
576 403 608 433 in
643 401 810 433 ordinibus
840 412 858 432 a
888 401 959 432 Deo
998 401 1110 441 positis

141 448 289 489 refulget.
334 448 434 479 Porro
466 457 528 478 non
560 445 691 476 dubium
722 448 771 475 est
794 444 869 484 quin
895 444 953 476 hoc
977 444 1111 474 nomine

141 491 278 531 imperia
317 495 350 522 et
390 489 599 530 magistratus
639 487 796 528 designet.
849 487 991 518 Tametsi
1025 485 1111 517 enim

140 533 264 565 nullum
301 537 349 565 est
382 532 561 573 legitimum
597 530 682 562 vitae
717 540 819 570 genus
854 529 937 569 quod
972 539 1036 560 non
1070 529 1112 560 sit

140 576 235 607 laude
269 575 417 616 dignum:
452 573 570 605 scimus
605 577 713 604 tamen
745 582 821 612 prae
851 572 923 603 aliis
954 571 1111 603 excellere

141 619 387 659 magistratuum
407 617 622 648 functionem:
647 616 724 655 quia
740 615 803 646 Dei
828 615 912 646 vices
935 618 1054 656 gerunt
1078 615 1110 644 in

140 660 352 702 gubernando
382 659 525 690 humano
556 668 682 699 genere.
727 657 814 689 Vere
844 657 945 698 igitur
971 657 1112 698 gloriosa

142 708 192 735 est
222 703 299 735 haec
321 704 463 742 potestas
486 701 519 732 in
543 711 607 741 qua
630 701 721 732 Deus
744 701 812 740 ipse
835 701 966 731 eminet.
1010 701 1111 731 'Pene-

141 756 215 778 mus
244 755 329 777 nunc
359 744 435 784 quid
462 744 522 776 1100
545 744 684 776 secundo
714 743 857 774 membro
888 743 966 775 velit
989 748 1112 783 aposto-

141 789 208 820 lus:
232 797 347 827 nempe
365 788 444 819 istos
468 787 507 818 de
530 787 647 827 quibus
670 786 819 826 loquitur,
843 786 941 817 fuisse
964 785 1111 816 homines

141 831 354 872 phreneticos,
378 830 614 869 turbarumque
638 833 670 860 et
692 829 890 860 confusionis
913 833 1110 869 appetentes.

142 873 228 913 Quia
257 883 352 904 nemo
381 874 486 913 potest
515 871 670 914 ἀναρχίαν
694 872 816 903 010οἀ0
840 871 1001 908 inducere,
1033 871 1111 910 quin

142 915 270 954 ἀταξίαν
286 915 434 947 inducat:
459 916 511 946 isti
528 922 635 946 autem
660 915 820 955 intrepide
844 915 962 954 probra
984 923 1111 945 evome-

141 959 218 990 bant
248 959 281 989 in
313 959 534 999 magistratus,
565 963 601 989 ut
627 968 754 989 omnem
779 956 899 998 publici
922 957 1001 988 iuris
1024 966 1113 987 reve-

140 1002 279 1033 rentiam
313 1001 472 1032 tollerent.
524 1001 597 1033 Hoc
630 1006 737 1032 autem
770 1005 839 1031 erat
868 1000 975 1031 Deum
1005 999 1112 1039 palam

141 1044 208 1075 suis
250 1043 460 1084 blasphemiis
496 1044 660 1084 impetere.
720 1043 819 1075 Multi
857 1042 953 1074 hodie
990 1052 1113 1082 quoque

141 1086 298 1118 eiusmodi
327 1086 504 1118 turbulenti
527 1086 675 1118 homines
699 1086 903 1122 exstiterunt,
928 1085 983 1125 qui
1007 1090 1112 1124 potes-

140 1132 242 1160 tatem
276 1129 374 1170 gladii
409 1130 576 1170 profanam
611 1134 642 1160 et
675 1129 819 1160 illicitam
849 1138 919 1159 esse
948 1128 1114 1165 iactantes,

140 1182 270 1203 omnem
298 1172 443 1212 politiam
468 1172 585 1203 furiose
609 1176 754 1204 evertere
778 1176 973 1211 satagerent.
1018 1170 1114 1201 Tales

140 1214 239 1246 furias
270 1215 388 1246 excitat
412 1214 525 1254 Satan,
555 1225 635 1255 quae
659 1214 820 1255 evangelii
843 1223 974 1244 cursum
998 1212 1114 1244 distur-

141 1257 229 1289 bent.
274 1257 340 1289 Sed
371 1258 534 1298 praeclare
564 1259 630 1299 egit
660 1257 829 1288 nobiscum
852 1256 1024 1294 Dominus,
1059 1255 1115 1295 qui

142 1311 207 1331 non
236 1300 330 1331 modo
359 1301 398 1332 ab
429 1301 489 1332 hoc
521 1300 646 1332 exitiali
674 1310 801 1332 veneno
831 1299 1013 1331 cavendum
1045 1308 1115 1330 esse

142 1343 322 1374 admonuit:
357 1343 413 1374 sed
444 1344 545 1375 veteri
581 1344 677 1375 etiam
707 1342 855 1382 exemplo
886 1351 945 1373 nos
975 1341 1115 1373 munivit

142 1385 300 1417 adversus
323 1386 521 1418 scandalum.
566 1386 681 1426 Itaque
705 1386 801 1417 nimis
824 1384 969 1425 improbe
992 1385 1116 1416 faciunt

141 1428 294 1468 papistae,
330 1439 430 1469 quum
465 1429 633 1461 seditiosos
666 1429 812 1460 homines
836 1432 945 1459 nostra
970 1427 1116 1459 doctrina

143 1472 263 1502 armari
297 1473 523 1503 criminantur.
573 1472 675 1511 Quasi
710 1482 786 1503 vero
819 1481 883 1502 non
919 1470 1004 1501 idem
1038 1470 1116 1501 olim

141 1514 293 1554 apostolis
309 1514 499 1555 exprobrari
516 1515 666 1555 potuerit,
691 1514 744 1555 qui
762 1518 873 1545 tamen
889 1513 928 1544 ab
946 1513 1006 1544 hac
1022 1512 1117 1552 culpa

141 1555 331 1597 longissime
353 1558 496 1590 aberant.

230 1599 280 1631 11.
308 1599 410 1639 Quum
432 1601 543 1641 anyeli.
590 1599 805 1640 Praecipitem
830 1609 940 1630 eorum
964 1608 1117 1638 arrogan—

142 1641 220 1672 tiam
251 1642 326 1673 inde
349 1644 499 1681 ostendit,
531 1643 614 1684 quod
639 1643 710 1684 plus
733 1642 792 1673 sibi
816 1641 965 1673 licentiae
987 1651 1115 1672 sumere

141 1685 262 1716 audent
293 1695 390 1725 quam
419 1686 528 1727 angeli
558 1686 629 1726 ipsi.
674 1685 740 1718 Sed
767 1685 885 1716 mirum
909 1687 959 1715 est
981 1693 1038 1714 cur
1061 1694 1116 1715 an-

142 1727 232 1767 gelos
248 1729 516 1760 contumeliosum
534 1729 572 1760 de
589 1728 831 1770 magistratibus
850 1727 1006 1758 iudicium
1030 1726 1115 1758 ferre

142 1774 248 1810 neget.
289 1770 453 1810 Quorsum
478 1772 560 1804 euim
585 1777 696 1803 sancto
720 1770 825 1802 ordini
848 1769 974 1801 adversi
997 1774 1115 1808 essent,

143 1814 234 1844 euius
268 1819 413 1845 autorem
448 1815 554 1846 sciunt
587 1825 657 1846 esse
690 1812 821 1845 Deum?
881 1812 1047 1852 Quorsum
1081 1812 1114 1843 in

142 1860 316 1896 potestates
332 1857 547 1898 insurgerent,
571 1868 650 1898 quas
666 1862 787 1889 norunt
811 1857 843 1887 in
868 1855 981 1887 eodem
1005 1865 1114 1887 secum

143 1909 213 1930 esse
245 1899 448 1931 ministerio?
493 1900 583 1932 Haec
605 1901 688 1932 ratio
716 1899 871 1941 quosdam
895 1898 996 1929 movit
1018 1903 1053 1929 ut
1077 1898 1115 1929 de

142 1940 277 1973 diabolis
299 1942 361 1974 1100
384 1948 537 1982 putarent
560 1944 693 1975 dictum:
726 1942 782 1974 sed
805 1942 865 1973 1100
887 1941 981 1972 modo
1005 1942 1116 1973 absur-

143 1984 277 2015 ditatem
306 1986 439 2017 minime
462 1987 630 2027 effugiunt.
675 1985 845 2025 Quomodo
868 1985 954 2015 enim
980 1985 1116 2017 homini-

142 2027 201 2058 bus
218 2028 386 2067 parcendo,
410 2034 474 2060 tam
499 2030 624 2061 sobrius
648 2035 732 2061 esset
748 2027 860 2067 Satan,
883 2027 937 2067 qui
960 2028 1065 2058 omnis
1081 2029 1115 2059 in

140 2069 249 2101 Deum
268 2071 485 2111 blasphemiae
501 2077 595 2104 autor
610 2072 681 2104 est?
721 2071 850 2102 Deinde
873 2080 984 2102 eorum
1008 2070 1115 2110 opinio

141 2112 241 2143 Iudae
274 2114 383 2146 verbis
416 2115 581 2146 refellitur.
635 2115 687 2147 De
717 2114 837 2146 sanctis
867 2123 962 2154 porro
991 2114 1115 2154 angelis

141 2156 286 2196 apposite
320 2157 365 2188 sic
397 2157 548 2198 loquutus
582 2163 645 2197 est,
678 2158 705 2189 si
739 2161 928 2197 reputamus
962 2158 1115 2196 temporis

142 2199 432 2231 circumstantiam.
469 2201 574 2231 Erant
598 2201 684 2232 enim
710 2206 788 2231 tunc
811 2209 922 2231 omnes
945 2200 1114 2239 magistra-

140 2245 193 2273 tus
216 2242 282 2273 fere
306 2243 395 2282 impii
412 2247 442 2274 et
459 2244 659 2284 sanguinarii
676 2242 836 2283 evangelii
852 2242 972 2273 hostes.
1004 2241 1115 2280 Quare

141 2284 211 2315 fieri
243 2296 307 2317 non
340 2290 467 2325 poterat
496 2287 575 2326 quin
608 2286 731 2327 angelis
755 2285 907 2317 ecclesiae
930 2285 1115 2317 custodibus

143 2329 230 2359 exosi
262 2333 381 2360 essent.
435 2328 491 2361 Sic
525 2333 634 2360 tamen
669 2329 707 2359 ab
741 2328 821 2368 ipsis
856 2328 1003 2359 damnari
1038 2328 1114 2360 dicit

142 2368 290 2404 homines
308 2371 382 2402 odio
406 2377 437 2403 et
457 2373 680 2404 exsecratione
697 2371 822 2411 dignos,
847 2374 883 2401 ut
898 2371 1115 2402 reverentiam

142 2410 286 2445 deferant
309 2416 461 2454 potestati
485 2415 642 2446 divinitus
665 2415 844 2446 ordinatae.
878 2413 976 2451 Haec,
1000 2413 1115 2454 inquit,

141 2455 176 2485 in
210 2457 333 2497 angelis
366 2467 465 2498 quum
500 2458 542 2489 sit
575 2458 765 2496 moderatio,
799 2457 852 2488 isti
887 2456 1047 2496 intrepide
1080 2457 1114 2488 in

142 2496 313 2530 dissolutas
336 2504 368 2531 et
389 2501 549 2532 effraenes
572 2501 790 2541 blasphemias
813 2504 922 2531 ruunt.

228 2584 278 2615 12.
302 2584 363 2616 Isti
385 2587 486 2616 autem
507 2588 655 2626 tanquam
677 2586 767 2618 bruta
791 2586 956 2626 animalia,
983 2588 1113 2618 natura·

140 2626 209 2662 liter
229 2627 333 2668 yenita
360 2627 394 2659 in
416 2631 579 2667 capturam
601 2632 628 2661 et
644 2629 822 2670 perniciem,
847 2630 880 2660 in
902 2629 1013 2669 quibus
1034 2629 1116 2661 nibil

139 2670 314 2711 intelliyunt
343 2669 564 2712 maledicentes,
593 2673 628 2703 in
659 2682 719 2704 sua
741 2673 935 2712 corruptione
952 2672 1114 2712 peribunt.-

247 2729 358 2756 Galvizni
376 2736 468 2763 opera.
497 2729 555 2757 Vol.
573 2730 635 2757 LV.

1035 221 1185 254 CAPUT
1209 222 1249 254 II.

2074 226 2136 257 466

1165 316 1213 347 13.
1230 316 1407 356 recipientes
1429 317 1595 348 mercedem
1618 318 1806 350 iniustitiae:
1824 329 1886 359 pro
1907 318 2061 359 voluptate
2079 321 2136 351 du-

1162 362 1261 390 centes
1290 360 1324 390 in
1354 359 1436 391 diem
1468 359 1537 398 frui
1571 360 1695 398 delitiis,
1729 361 1812 393 labes
1841 364 1867 393 et
1896 362 2036 394 maculae
2061 363 2135 394 deli-

1163 403 1277 433 tiantes
1321 403 1355 433 in
1403 401 1561 433 erroribus
1604 403 1687 441 suis,
1735 405 1924 436 conviventes
1967 405 2137 438 vobiscum:

1166 444 1214 476 14.
1239 444 1340 476 oculos
1369 443 1511 476 habentes
1535 444 1645 483 plenos
1671 446 1838 485 adulterae,
1873 451 1899 478 et
1921 448 2073 488 inquietos
2095 449 2137 480 ad

1158 488 1357 526 peccandum,
1389 488 1560 518 inescantes
1581 488 1706 519 animas
1728 489 1895 527 instabiles,
1926 501 1976 522 cor
1997 490 2137 523 habentes

1164 531 1365 561 exercitatum
1393 529 1623 570 cupiditatibus,
1657 531 1860 563 exsecrabiles
1881 533 1951 571 filii.
1999 533 2048 566 15.
2076 534 2138 574 Qui

1163 572 1269 604 relicta
1299 575 1381 605 recta
1410 573 1463 604 via
1486 573 1716 614 aberraverunt,
1745 575 1868 613 sequuti
1889 577 1973 607 viam
1996 576 2138 609 Balaam

1160 615 1223 654 lilii
1246 614 1360 654 Bozor,
1383 616 1437 655 qui
1459 616 1626 647 mercedem
1649 616 1822 648 iniustitiae
1844 617 1966 650 dilexit:
2014 620 2061 651 16.
2085 620 2138 652 sed

1163 658 1348 698 redaryutus
1377 659 1439 698 fuit
1470 659 1507 690 de
1535 669 1596 690 sua
1624 659 1805 699 iniquitate:
1839 660 1958 691 animal
1979 662 2138 703 subiuyale

1162 703 1296 774 trinutum,
1331 700 1469 732 bumana
1501 711 1568 733 voce
1601 702 1741 742 loquens,
1779 702 1943 743 prohibuit
1970 705 2138 744 prophetae

1183 743 1355 775 ementium.

1252 849 1301 882 12.
1332 849 1393 882 Isti
1421 853 1531 891 autem,
1564 853 1615 882 etc.
1666 851 1882 892 Prosequitur
1912 854 1998 893 quod
2030 854 2136 887 dicere

1165 897 1316 933 coeperat
1350 892 1389 924 de
1423 893 1529 933 impiis
1562 899 1594 925 et
1623 894 1767 925 scelestis
1797 895 1860 927 illis
1883 897 2134 936 corruptoribus.

1165 936 1315 967 Primum
1331 941 1440 966 autem
1456 946 1561 968 mores
1578 936 1750 969 dissolutos
1769 942 1801 969 et
1823 937 2013 971 obscoenam
2038 941 2139 973 totius

1165 979 1252 1010 vitae
1282 979 1461 1018 nequitiam
1491 981 1597 1010 taxat:
1633 979 1749 1011 deinde
1778 981 1824 1012 sic
1850 981 1987 1014 audaces
2011 986 2044 1014 et
2067 994 2138 1023 pro-

1166 1027 1276 1053 tervos
1299 1031 1369 1053 0000
1392 1021 1478 1060 dicit,
1500 1027 1536 1052 ut
1558 1023 1687 1053 scurrili
1709 1033 1768 1054 000
1790 1025 1983 1063 garrulitate
2006 1035 2040 1056 se
2063 1026 2139 1058 insi-

1166 1068 1268 1095 nuent
1301 1064 1335 1095 in
1370 1064 1547 1095 multorum
1581 1066 1730 1106 gratiam.
1789 1066 1937 1098 Primum
1972 1074 2140 1109 comparat

1167 1118 1220 1139 eos
1251 1107 1391 1138 brutis
1421 1107 1690 1147 animalibus,
1723 1119 1804 1148 quae
1833 1110 1866 1140 in
1896 1110 1956 1142 hoc
1987 1111 2139 1143 videntur

1167 1154 1243 1181 nata
1260 1154 1295 1181 ut
1317 1160 1351 1181 se
1374 1151 1408 1181 iu
1431 1150 1543 1190 plagas
1566 1150 1713 1190 induant,
1736 1158 1767 1182 et
1791 1152 1830 1182 ad
1854 1163 1946 1184 suum
1970 1153 2138 1186 interitum

1167 1193 1297 1233 proprio
1327 1193 1451 1233 impetu
1481 1194 1641 1224 ferantur:
1674 1204 1710 1225 ac
1732 1194 1760 1226 si
1783 1195 1912 1233 diceret,
1948 1196 2046 1228 nullis
2068 1197 2138 1229 ille-

1166 1236 1270 1267 cebris
1298 1235 1455 1273 inductos,
1485 1241 1601 1276 sponte
1631 1247 1804 1277 properare
1826 1243 1861 1269 ut
1884 1249 1918 1270 se
1940 1239 1974 1270 in
1998 1239 2142 1271 Satanae

1168 1283 1200 1310 et
1223 1279 1336 1310 mortis
1359 1278 1493 1319 laqueos
1515 1279 1695 1318 proiiciant.
1729 1280 1793 1311 Pro
1816 1291 1854 1312 eo
1877 1281 1961 1321 quod
1986 1283 2143 1314 vertimus

1169 1321 1430 1353 naturaliter
1459 1322 1617 1362 genita,
1653 1323 1771 1354 Petrus
1805 1323 1846 1355 ad
1876 1324 2010 1356 verbum
2044 1325 2143 1357 habet

1170 1364 1330 1396 naturalia
1353 1364 1479 1405 genita:
1508 1364 1563 1395 sed
1587 1365 1626 1396 ad
1650 1375 1781 1397 sensum
1805 1377 1917 1406 parum
1942 1367 2050 1406 refert,
2075 1369 2142 1399 sive

1169 1408 1309 1439 alterum
1336 1418 1376 1438 ex
1401 1408 1451 1439 his
1475 1407 1599 1439 duobus
1621 1409 1660 1439 ab
1683 1409 1745 1440 alio
1766 1410 1917 1449 quopiam
1941 1412 2142 1450 suppositum

1170 1451 1276 1488 fuerit,
1299 1451 1369 1482 sive
1392 1457 1556 1490 utrunque
1579 1451 1736 1490 ponendo,
1761 1453 1865 1492 magis
1889 1454 2070 1492 exprimere
2090 1464 2143 1485 vo-

1169 1493 1267 1524 luerit
1296 1493 1379 1533 quod
1407 1494 1542 1525 dicebat.
1589 1493 1684 1532 Quod
1708 1494 1806 1532 addit,
1841 1495 2142 1528 maledicentes

1170 1537 1209 1567 in
1233 1537 1377 1576 quibus
1402 1536 1507 1567 nihil
1532 1536 1796 1576 intelligunt,
1819 1539 1958 1577 pertinet
1974 1540 2014 1570 ad
2033 1550 2143 1579 super-

1170 1580 1254 1611 biam
1288 1580 1380 1610 cuius
1414 1580 1562 1618 proxime
1594 1580 1751 1610 meminit.
1807 1581 1894 1612 Dicit
1928 1581 2036 1621 igitur,
2071 1582 2142 1614 ideo

1169 1623 1353 1662 petulanter
1383 1621 1422 1653 ab
1455 1622 1526 1653 aliis
1555 1623 1718 1653 contemni
1746 1633 1875 1654 omnem
1905 1625 2141 1662 excellentiam,

1169 1666 1244 1705 quia
1269 1676 1400 1705 prorsus
1423 1665 1658 1704 obstupuerint,
1682 1670 1718 1696 ut
1742 1666 1822 1696 nihil
1847 1677 1865 1697 a
1884 1667 2059 1706 pecudibus
2083 1668 2142 1699 dif-

1169 1708 1285 1740 ferant.
1317 1707 1489 1739 Caeterum
1507 1709 1559 1739 ubi
1576 1708 1676 1748 posui,
1700 1710 1739 1739 in
1755 1709 2003 1748 perniciem,
2026 1710 2142 1742 deinde

1168 1751 1208 1782 in
1232 1751 1523 1791 corruptione,
1547 1757 1682 1791 utroque
1704 1751 1772 1783 loco
1796 1757 1844 1784 est
1868 1762 1985 1784 nomen
2005 1753 2141 1795 φθορᾶς,

1168 1794 1223 1825 sed
1254 1794 1343 1825 varie
1369 1798 1547 1833 acceptum.
1593 1794 1677 1825 Nam
1702 1805 1800 1834 quum
1824 1796 1983 1835 perituros
2006 1797 2084 1828 dicit
2107 1797 2142 1828 in

1167 1847 1226 1868 sua
1255 1837 1469 1877 corruptione,
1500 1836 1591 1868 docet
1619 1837 1768 1869 exitiales
1797 1838 1860 1869 illis
1889 1839 1956 1870 fore
1979 1848 2053 1870 suas
2075 1849 2142 1871 cor-

1168 1880 1321 1921 ruptelas.

1255 1944 1305 1975 13.
1330 1943 1395 1976 Pro
1423 1944 1578 1983 voluptate
1601 1944 1752 1976 ducentes.
1798 1945 1845 1976 Ac
1868 1945 1894 1976 si
1918 1945 2048 1985 diceret,
2072 1946 2141 1978 feli-

1168 1988 1296 2019 citatem
1327 1991 1477 2018 statuunt
1507 1987 1539 2018 in
1572 1988 1797 2027 praesentibus
1829 1987 1956 2020 delitiis.
2013 1988 2141 2021 Scimus

1168 2031 1201 2061 10
1225 2030 1286 2061 1100
1307 2030 1503 2070 praecellere
1527 2030 1630 2062 brutis
1653 2030 1845 2062 animalibus
1869 2030 2025 2068 homines,
2057 2032 2141 2073 quod

1168 2073 1311 2104 animum
1336 2073 1466 2114 longius
1489 2073 1721 2114 circumagunt.
1758 2074 1845 2114 Ergo
1862 2073 1947 2105 istud
1970 2073 2141 2116 indignum

1168 2119 1218 2147 est
1252 2116 1398 2154 homine,
1432 2116 1581 2156 occupari
1616 2116 1650 2147 iu
1684 2117 1846 2156 praesenti
1880 2126 1988 2148 sensu.
2045 2118 2140 2157 Quod

1167 2159 1319 2190 admonet
1349 2159 1555 2190 extricandas
1584 2170 1653 2190 esse
1682 2164 1808 2190 mentes
1835 2170 1853 2190 a
1875 2159 1982 2191 carnis
2011 2159 2139 2201 delitiis,

1168 2202 1230 2233 nisi
1264 2202 1402 2233 velimus
1435 2201 1468 2232 10
1503 2202 1660 2241 pecudum
1694 2201 1841 2233 ordinem
1875 2202 1987 2243 redigi.
2044 2203 2142 2242 Quod

1167 2245 1325 2285 sequitur,
1359 2245 1446 2276 hunc
1477 2245 1574 2276 habet
1603 2254 1744 2282 sensum,
1780 2244 1840 2276 Isti
1868 2255 1928 2277 vos
1954 2256 1991 2277 ac
2013 2251 2140 2278 coetum

1167 2293 1314 2319 vestrum
1338 2287 1439 2319 foedis
1463 2287 1596 2319 maculis
1619 2287 1834 2328 adspergunt:
1864 2298 1937 2319 nam
1965 2288 2041 2320 dum
2064 2299 2139 2329 epu-

1167 2331 1278 2362 lantur
1307 2330 1484 2369 vobiscum,
1515 2330 1610 2362 simul
1640 2330 1850 2361 luxuriantur
1880 2330 1913 2362 10
1937 2331 2002 2362 0010
2025 2332 2139 2363 errori-

1167 2374 1237 2413 bus,
1259 2383 1385 2405 amores
1408 2373 1608 2405 meretricios
1631 2378 1662 2403 et
1685 2373 1846 2413 perditam
1869 2374 2140 2406 incontinentiam

1166 2417 1266 2448 oculis
1296 2420 1454 2457 gestuque
1483 2416 1681 2456 exprimunt.
1726 2416 1885 2447 Erasmus
1916 2416 1961 2447 sic
1989 2416 2139 2458 reddidit,

1167 2459 1388 2491 Convivantes
1410 2459 1444 2490 in
1460 2458 1622 2490 erroribus
1645 2458 1722 2498 suis,
1745 2458 1903 2490 insultant
1926 2458 2026 2491 vobis.
2074 2459 2140 2492 Sed

1166 2502 1248 2533 illud
1279 2502 1376 2533 nimis
1409 2507 1553 2534 coactum
1588 2506 1645 2533 est.
1701 2502 1815 2533 Posset
1852 2512 1916 2532 non
1951 2502 2060 2543 inepte
2094 2503 2140 2535 ita

1167 2545 1302 2585 exponi,
1344 2544 1510 2577 vobiscum
1550 2544 1734 2584 epulantes,
1764 2554 1823 2576 vos
1846 2544 2032 2584 petulanter
2055 2545 2139 2577 ludi-

1167 2588 1236 2619 brio
1270 2587 1391 2619 habent
1424 2588 1458 2618 in
1493 2587 1559 2618 suis
1588 2587 1760 2619 erroribus.
1814 2587 1884 2628 Ego
1914 2591 2023 2619 tamen
2055 2588 2139 2629 quod

1167 2630 1307 2661 maxime
1323 2630 1486 2670 probabile
1504 2629 1682 2667 videbatur,
1698 2629 1832 2661 reddidi.
1865 2629 2009 2662 Plenos
2025 2631 2138 2663 adul-

1168 2679 1282 2705 terae
1311 2673 1455 2704 oculos
1486 2677 1579 2703 vocat
1609 2672 1806 2711 libidinosos,
1840 2676 1872 2704 et
1900 2673 1954 2713 qui
1979 2674 2137 2715 intempe-

1889 2731 1923 2758 30
