2513 3126
181 194 220 225 49
1065 190 1213 223 CAPUT
1237 190 1296 221 lv.
2135 192 2176 222 50

181 299 274 320 usum
306 288 460 320 abolitum
490 299 558 320 esse
588 288 748 329 perspicit.

181 338 274 372 pectu
299 331 430 363 umbrae
446 332 592 371 protinus
615 336 821 363 evanescunt.
862 330 949 369 Ergo
972 330 1029 359 hoc
1049 329 1152 368 primo

181 384 308 414 semper
343 373 504 414 agendum
539 381 586 405 est
618 379 652 405 ut
683 373 852 406 Christum
883 372 1054 404 doceamus
1084 381 1152 402 esse

181 417 262 457 legis
283 417 390 448 finem.

801 288 953 327 Corporis
983 286 1065 318 enim
1102 297 1151 316 as-

270 502 317 532 11.
350 500 538 533 Studeamus
570 511 639 542 erqo
673 501 794 541 inyredi
824 501 858 532 in
887 499 976 531 illam
1005 497 1153 537 requiem,

183 553 218 575 ne
233 545 305 583 quis
319 544 421 575 eodem
442 544 533 575 eadat
555 543 784 576 incredulitatis
805 541 949 580 exemplo.
982 540 1031 571 12.
1057 539 1154 570 Vivus

181 587 261 618 enim
284 597 381 618 sermo
403 586 463 617 Dei
486 590 513 617 et
534 587 654 626 efficax,
683 589 709 616 et
725 584 936 624 penetraiztior
959 583 1068 622 quovis
1088 582 1155 622 yla-

181 629 233 661 dio
264 630 407 668 utrinque
436 629 598 667 scindente,
627 631 654 660 et
676 629 856 668 pertingens
883 635 981 664 usque
1008 624 1051 656 ad
1073 624 1152 655 divi-

181 672 299 703 siouem
329 672 452 703 animae
480 674 507 703 et
531 671 671 710 spiritus,
701 678 937 709 compayumque
959 669 986 698 et
1007 665 1154 713 medulla-

182 725 263 754 rum,
294 724 330 745 ae
358 714 504 745 discretor
531 713 747 753 cogitationum
771 714 799 742 et
820 711 1019 742 intentionum
1041 708 1152 740 cordis.

184 757 232 788 13.
258 757 322 788 Nec
350 756 419 787 ulla
447 758 490 787 est
517 758 661 787 creatura
690 764 769 794 quae
791 764 852 785 uon
874 753 1027 791 appareat
1049 760 1153 783 eoram

182 800 263 839 ipso:
288 799 349 830 imo
371 798 474 829 omnia
496 797 580 829 nuda
602 799 629 828 et
650 796 798 836 resupina
820 796 855 827 iu
877 794 973 827 oculis
995 794 1063 826 eius
1086 803 1154 825 cum

181 852 238 882 quo
260 840 344 872 nobis
366 842 408 871 est
429 840 524 879 ratio.

264 925 442 964 Postquam
458 934 590 964 scopum
608 924 750 955 ostendit
768 934 829 964 quo
848 923 978 955 tendere
990 921 1152 959 debemus,

181 978 267 1000 nunc
289 972 324 998 ut
341 967 426 999 viam
450 967 597 999 ineamus
621 967 785 998 admonet:
817 966 903 1007 quod
926 966 965 997 fit
988 965 1064 996 dum
1088 974 1153 995 ass-

180 1011 339 1042 uescimus
380 1010 419 1041 ad
454 1010 555 1041 nostri
596 1009 855 1051 abnegationem.
922 1008 1009 1048 Quia
1046 1013 1154 1038 autem

180 1054 362 1094 ingressum
392 1053 426 1083 in
456 1053 599 1093 requiem
629 1057 794 1093 comparat
817 1057 904 1084 recto
927 1050 1045 1088 cursui,
1079 1049 1154 1080 huic

181 1106 290 1128 casum
324 1095 473 1136 opponit:
508 1102 603 1136 atque
634 1096 680 1126 ita
711 1101 847 1136 utroque
878 1094 1022 1125 membro
1053 1099 1153 1123 meta-

181 1139 316 1179 phoram
355 1139 530 1170 continuat.
587 1137 794 1179 Quamquam
833 1137 930 1169 simul
967 1135 1082 1167 alludit
1114 1135 1154 1166 ad

182 1181 359 1219 historiam,
389 1191 485 1221 qnam
505 1191 545 1212 ex
569 1181 661 1212 Mose
680 1181 802 1219 retulit,
830 1181 869 1212 de
892 1180 931 1211 iis
954 1179 1009 1219 qui
1032 1177 1153 1210 cecide-

184 1231 261 1255 runt
295 1225 328 1255 in
364 1223 491 1255 deserto
514 1224 591 1263 quia
625 1224 752 1255 fuerant
775 1223 846 1255 Deo
880 1222 1025 1254 rebelles.
1077 1220 1155 1252 Ideo

183 1266 261 1298 dicit
287 1270 331 1307 τῷ
359 1266 445 1307 αὐτῷ
476 1265 691 1308 ὑποδείγματι,
721 1267 908 1307 significans
936 1264 1027 1306 quasi
1051 1264 1083 1295 in
1108 1269 1154 1294 ta—

182 1309 257 1341 bula
287 1308 377 1340 nobis
408 1309 474 1341 illic
497 1309 656 1349 depictam
680 1309 900 1350 representari
924 1317 1059 1349 poenam
1082 1305 1155 1337 infi-

183 1351 324 1383 delitatis
340 1357 372 1383 et
389 1353 624 1384 contumaciae:
648 1363 707 1384 nec
729 1363 807 1384 vero
831 1352 962 1383 dubium
987 1359 1056 1381 esse
1079 1349 1156 1389 quin

181 1394 267 1425 idem
283 1405 343 1426 nos
359 1400 491 1426 maneat
506 1395 620 1433 exitus,
644 1396 671 1427 si
694 1396 874 1435 reperietur
897 1395 930 1425 in
953 1393 1044 1424 nobis
1068 1392 1156 1423 simi·

182 1436 222 1468 lis
244 1436 463 1469 incredulitas.
505 1438 594 1479 Ergo
617 1438 754 1470 cadere
778 1448 835 1478 pro
858 1437 963 1478 perire
986 1435 1156 1475 accipitur:

184 1479 244 1519 vel,
279 1486 314 1511 ut
347 1480 465 1512 clarius
499 1480 613 1518 dicam,
649 1491 714 1512 non
749 1491 806 1520 pro
839 1484 980 1521 peccato,
1013 1478 1070 1510 sed
1100 1488 1156 1517 pro

183 1532 294 1562 poena.
336 1522 402 1555 Sed
426 1529 491 1555 tam
515 1524 615 1564 priori
639 1523 735 1555 verbo
758 1522 967 1564 Ingrediendi
990 1520 1158 1552 translatio

184 1564 371 1605 respondet,
416 1576 511 1607 quam
550 1567 635 1605 tristi
672 1567 797 1598 excidio
836 1572 983 1607 patrum,
1020 1573 1157 1604 quorum

184 1608 332 1648 exemplo
355 1612 477 1641 terrere
499 1609 601 1641 voluit
623 1609 773 1642 Iudaeos.

271 1651 321 1683 12.
361 1651 459 1683 Vivus
489 1652 578 1692 enim,
611 1654 661 1684 ete.
707 1651 871 1693 Quidquid
907 1651 959 1682 hic
992 1649 1031 1681 de
1065 1649 1156 1680 verbi

184 1694 326 1726 efficacia
345 1694 483 1732 disserit,
508 1695 572 1727 huc
595 1695 744 1736 pertinet,
768 1700 803 1726 ut
818 1695 924 1726 sciant
939 1694 1072 1733 impune
1092 1702 1156 1723 non

184 1746 277 1776 posse
297 1739 472 1769 contemni.
516 1740 566 1770 Ac
589 1740 615 1770 si
639 1738 777 1770 diceret:
808 1738 931 1778 quoties
962 1746 1020 1767 nos
1043 1734 1156 1766 Domi-

184 1789 246 1810 nus
281 1790 357 1811 voce
387 1791 447 1812 sua
477 1781 656 1821 compellat,
692 1781 775 1812 serio
806 1781 872 1822 agit
902 1779 1086 1818 nobiscum,
1121 1784 1158 1808 ut

185 1832 296 1853 omnes
332 1824 502 1855 interiores
541 1834 654 1856 sensus
692 1831 818 1856 nostros
856 1823 982 1854 afficiat.
1042 1820 1157 1861 Itaque

186 1864 275 1896 nulla
305 1871 353 1897 est
382 1876 456 1906 pars
487 1868 614 1898 animae
644 1877 740 1907 quam
772 1876 836 1898 non
866 1869 1011 1906 oporteat
1035 1874 1157 1903 permo-

186 1907 265 1939 veri.
297 1907 469 1940 Caeterum
485 1915 660 1950 antequam
680 1910 766 1941 ultra
788 1908 1024 1950 progredimur,
1047 1906 1158 1938 viden-

187 1950 265 1981 dum
295 1955 344 1982 est
373 1951 565 1992 loquaturne
584 1953 779 1993 generaliter
802 1951 965 1992 apostolus
988 1951 1027 1981 de
1051 1950 1158 1988 verbo,

186 2003 228 2024 an
249 1993 454 2033 peculiariter
473 1995 513 2026 ad
532 1995 645 2027 fideles
667 1995 728 2028 hoc
751 1995 880 2027 referat.
917 1994 1053 2025 Constat
1071 1993 1158 2023 enim

187 2045 250 2066 non
281 2047 439 2078 peraeque
469 2039 502 2069 in
525 2037 674 2070 omnibus
698 2039 812 2070 efficax
835 2047 905 2069 esse
928 2037 989 2068 Dei
1012 2035 1158 2067 verbum.

186 2078 271 2110 Nam
305 2089 383 2120 erga.
406 2079 524 2112 electos
548 2081 614 2112 vim
644 2091 735 2113 suam
766 2081 902 2119 exserit,
937 2085 975 2110 ut
1003 2089 1081 2111 vera
1109 2078 1159 2109 sui

187 2121 351 2162 agnitione
383 2122 542 2155 humiliati
572 2123 613 2155 ad
645 2124 769 2156 Christi
800 2123 938 2164 gratiam
961 2121 1158 2162 confugiant.

187 2163 282 2202 Quod
299 2165 368 2196 fieri
388 2166 500 2206 nequit
522 2167 601 2206 quin
624 2177 726 2208 usque
749 2166 789 2198 ad
812 2166 964 2197 intimum
987 2175 1040 2197 cor
1063 2174 1160 2205 pene-

188 2212 267 2238 tret:
301 2208 494 2240 excutienda
527 2217 575 2241 est
608 2210 694 2241 enim
725 2210 914 2251 hypocrisis,
949 2217 1030 2248 quae
1060 2207 1160 2238 miros

189 2248 286 2281 habet
320 2261 356 2283 ac
385 2251 555 2292 plusquam
586 2253 747 2284 flexuosos
777 2262 920 2285 recessus
947 2252 980 2282 in
1010 2250 1160 2283 cordibus

188 2291 370 2325 hominum:
402 2294 517 2326 deinde
547 2306 613 2327 non
637 2296 752 2328 leviter
775 2306 834 2327 nos
857 2295 959 2336 pungi
984 2294 1036 2326 vel
1059 2295 1159 2327 lanci-

189 2336 270 2376 nari,
292 2336 348 2368 sed
371 2337 504 2378 penitus
523 2338 687 2370 vulnerari
708 2343 842 2379 oportet,
865 2342 901 2370 ut
924 2339 1037 2370 mortis
1059 2344 1160 2371 aeter-

190 2387 250 2409 nae
272 2389 368 2411 sensu
392 2381 544 2420 prostrati
567 2382 660 2414 nobis
683 2382 764 2413 mori
787 2381 955 2413 discamus.
1010 2382 1161 2423 Denique

191 2430 354 2462 nunquam
397 2424 628 2456 renovabimur
666 2430 734 2456 tota
770 2429 879 2456 mente
917 2424 1015 2466 (quod
1053 2430 1161 2457 tamen

192 2462 312 2496 Paulus
334 2466 502 2508 praecipit)
525 2467 628 2500 donec
651 2468 748 2500 huius
772 2467 949 2508 spiritualis
972 2467 1071 2508 gladii
1094 2470 1161 2500 acie

191 2507 356 2539 confectus
386 2508 485 2540 fuerit
514 2514 608 2542 vetus
640 2516 750 2542 noster
780 2510 885 2542 homo.
931 2510 1026 2543 Unde
1052 2510 1161 2543 fideles

193 2550 267 2581 alibi
296 2550 396 2592 (Phil.
414 2550 443 2588 2,
478 2551 530 2591 17)
557 2553 679 2586 Paulus
707 2553 784 2586 dicit
811 2553 882 2585 Deo
912 2553 1074 2585 immolari
1105 2565 1162 2595 per

192 2593 413 2634 evangelium:
444 2594 518 2633 quia
549 2605 613 2626 non
642 2601 776 2636 possunt
798 2596 892 2627 aliter
914 2598 948 2628 in
970 2597 1161 2637 obsequium

193 2635 254 2667 Dei
271 2635 383 2676 redigi,
405 2645 499 2676 quam
522 2637 548 2667 si
572 2638 707 2670 intereat
730 2641 859 2680 propria
881 2640 1022 2681 ipsorum
1047 2639 1160 2672 volun-

298 2695 406 2721 Calvina
419 2703 510 2728 opera.
547 2697 604 2723 Vol.
620 2696 682 2723 LV.

1206 291 1268 317 tas:
1311 296 1369 317 nec
1407 286 1500 317 aliter
1535 292 1666 325 possunt
1701 286 1801 317 lucem
1836 285 1965 317 divinae
1999 287 2175 326 sapientiae

1206 329 1378 368 percipere,
1410 329 1471 359 nisi
1501 329 1660 359 exstincta
1691 330 1796 360 carnis
1827 328 2010 368 prudentia.
2056 328 2095 359 In
2127 340 2174 360 re-

1207 371 1311 410 probis
1331 371 1411 402 nihil
1435 370 1497 402 talc
1520 378 1667 411 apparet:
1693 381 1765 401 nam
1790 372 1841 402 vel
1865 381 1975 403 secure
1998 370 2176 411 despiciunt

1206 414 1387 453 loquentem
1412 413 1529 452 Deum,
1563 413 1704 453 adeoque
1731 414 1946 445 subsannant:
1983 414 2032 445 vel
2055 414 2177 446 obstre-

1206 462 1288 494 punt
1311 457 1379 487 eius
1402 455 1574 495 doctrinae,
1605 465 1641 487 ac
1668 456 1899 487 contumaciter
1923 457 1955 487 in
1979 467 2048 488 eam
2073 457 2177 488 insur-

1206 504 1298 537 gunt.
1343 498 1493 539 Denique
1523 499 1617 530 sicuti
1646 497 1781 530 verbum
1806 499 1866 530 Dei
1894 499 2028 531 malleus
2050 505 2108 539 est,
2132 500 2178 531 ita

1206 549 1260 570 cor
1291 540 1336 571 illi
1367 540 1488 572 habent
1516 541 1640 572 incudis
1663 541 1772 579 instar,
1803 546 1838 572 ut
1860 542 1943 571 ictus
1967 543 2177 582 quantumvis

1208 582 1329 614 validos
1364 594 1422 614 sua
1452 583 1571 614 duritia
1601 584 1742 624 repellat.
1797 583 1884 624 Ergo
1917 585 2057 615 multum
2088 586 2177 616 abest

1206 625 1282 664 quin
1317 626 1450 657 verbum
1474 626 1535 656 Dei
1566 632 1711 666 penetret
1735 627 1767 657 in
1799 626 1884 667 ipsos
1919 627 1964 657 ad
1998 627 2176 659 divisio·

1207 677 1293 697 nem
1318 677 1443 707 usque
1467 669 1626 700 animae
1648 675 1686 700 et
1708 669 1896 709 spiritus.
1933 669 2028 701 Unde
2052 670 2178 702 videtur

1206 708 1266 740 hoc
1290 708 1429 750 elogium
1454 711 1712 752 restringendum
1737 711 1776 742 ad
1800 712 1882 743 solos
1905 712 2026 749 fideles,
2050 713 2177 752 quando

1207 751 1266 782 soli
1297 752 1342 782 ita
1372 752 1412 782 ad
1440 753 1552 784 vivum
1576 755 1814 786 examinantur.
1860 754 1984 786 Verum
2007 760 2177 787 contextus

1208 794 1345 833 apostoli
1365 795 1507 825 ostendit
1531 796 1614 827 hanc
1638 797 1831 828 sententiam
1856 807 1925 829 esse
1948 797 2178 836 universalem,

1207 842 1239 867 et
1262 847 1343 876 quae
1367 837 1405 867 ad
1431 837 1583 876 reprobos
1605 848 1729 878 quoque
1752 840 1838 879 ipsos
1862 843 1960 880 patet.
2008 840 2093 872 Nam
2127 847 2177 871 ut-

1207 889 1333 919 cunque
1350 889 1415 910 non
1432 879 1649 918 emolliantur,
1672 881 1727 912 sed
1751 882 1890 914 ferreum
1913 893 1968 915 cor
1992 888 2048 915 aut
2070 883 2179 924 chaly-

1208 921 1302 953 beum
1326 922 1425 953 verbo
1450 921 1510 952 Dei
1533 929 1708 962 opponant:
1737 935 1867 956 necesse
1889 931 1938 957 est
1961 930 2069 957 tamen
2092 927 2179 967 ipsos

1208 969 1299 996 reatu
1332 975 1390 995 suo
1425 966 1613 1005 constringi.
1664 966 1786 997 Rident
1819 968 1957 1007 quidem,
1991 968 2048 1000 sed
2078 969 2179 1001 risum

1207 1007 1405 1044 sardonium,
1430 1008 1504 1048 quia
1523 1008 1610 1038 intus
1630 1018 1664 1039 se
1687 1010 1776 1048 quasi
1799 1011 1995 1051 strangulari
2018 1011 2179 1043 sentiunt:

1208 1051 1466 1090 tergiversantur
1499 1050 1598 1081 variis
1633 1051 1752 1089 modis,
1792 1062 1832 1083 ne
1866 1054 1906 1084 ad
1940 1053 2002 1085 Dei
2037 1054 2179 1086 tribunal

1209 1092 1377 1125 accedant:
1402 1093 1458 1124 sed
1480 1092 1575 1124 inviti
1598 1093 1638 1124 ab
1662 1093 1721 1125 hoc
1744 1095 1813 1134 ipso
1826 1096 1933 1134 verbo,
1956 1097 2006 1128 cui
2029 1102 2178 1137 proterve

1208 1135 1382 1173 insultant,
1424 1136 1676 1176 protrahuntur:
1716 1142 1751 1167 ut
1784 1141 1858 1176 apte
1892 1139 2010 1170 rabidis
2044 1140 2179 1172 canibus

1209 1179 1348 1210 conferri
1375 1178 1508 1219 possint,
1532 1179 1586 1219 qui
1613 1178 1808 1217 mordentes,
1832 1180 1883 1211 vel
1903 1182 2063 1221 unguibus
2085 1192 2179 1222 appe-

1209 1224 1315 1253 tentes
1346 1227 1494 1253 catenam
1523 1222 1575 1253 cui
1599 1227 1674 1253 sunt
1697 1221 1838 1261 allegati,
1870 1222 1951 1254 nihil
1975 1229 2083 1256 tamen
2107 1236 2180 1265 pro-

1209 1264 1332 1303 ficiunt,
1356 1265 1430 1304 quia
1453 1264 1666 1295 nihilominus
1689 1270 1822 1296 manent
1845 1266 2017 1298 constricti.
2054 1267 2179 1299 Deinde

1209 1307 1336 1338 etiamsi
1377 1317 1443 1338 non
1482 1307 1585 1347 primo
1622 1308 1734 1339 statim
1773 1307 1824 1339 die
1860 1314 1965 1340 exstet
2002 1309 2055 1340 hic
2091 1311 2180 1342 verbi

1210 1350 1357 1387 effectus,
1393 1349 1524 1381 tandem
1559 1360 1599 1381 ex
1633 1355 1753 1381 eventu
1787 1350 1928 1383 iudicare
1960 1351 2083 1391 licebit,
2117 1364 2181 1384 nou

1210 1393 1331 1424 frustra
1354 1393 1504 1434 cuiquam
1527 1392 1627 1424 fuisse
1650 1392 1880 1433 praedicatum.
1915 1394 2078 1426 Generale
2096 1401 2182 1427 certe

1210 1442 1258 1467 est
1274 1435 1356 1476 quod
1373 1435 1524 1467 Christus
1540 1436 1741 1476 pronuntiat,
1774 1437 1907 1477 spiritus
1927 1448 2026 1477 quum
2057 1440 2183 1470 venerit

1211 1483 1325 1519 arguet
1348 1478 1505 1509 mundum
1531 1478 1660 1519 (Iohan.
1680 1478 1729 1517 16,
1754 1478 1796 1520 8).
1844 1481 1944 1521 Atqui
1968 1481 2100 1521 spiritus
2124 1481 2182 1513 hoc

1210 1522 1365 1553 iudicium
1409 1531 1466 1561 per
1510 1521 1670 1561 evangelii
1723 1522 1997 1561 praedicationem
2044 1531 2182 1557 exercet.

1210 1565 1379 1596 Postremo
1410 1564 1536 1596 etiamsi
1573 1563 1657 1595 hanc
1688 1566 1756 1596 vim
1790 1575 1856 1596 non
1895 1576 2024 1607 semper
2057 1574 2183 1599 exserat

1210 1618 1288 1648 erga
1304 1606 1452 1638 homines
1474 1607 1607 1638 verbum
1626 1607 1696 1645 Dei,
1720 1606 1817 1639 habet
1840 1614 1950 1640 tamen
1974 1610 2007 1640 in
2030 1620 2064 1641 se
2087 1609 2183 1650 quod-

1211 1650 1360 1681 ammodo
1393 1650 1563 1682 inclusam.
1615 1650 1789 1690 Apostolus
1823 1657 1914 1683 autes
1947 1651 2000 1684 hic
2034 1651 2073 1684 de
2114 1653 2183 1684 eius

1211 1699 1329 1724 natura
1352 1693 1544 1733 proprioque
1568 1693 1674 1724 officio
1703 1692 1845 1733 disputat
1878 1695 1912 1725 in
1946 1694 2032 1727 hunc
2056 1700 2183 1726 tantum

1211 1738 1318 1773 finem,
1350 1742 1384 1767 ut
1412 1736 1551 1767 sciamus
1571 1735 1784 1768 conscientias
1811 1742 1945 1775 nostras,
1968 1737 2064 1769 simul
2087 1743 2183 1778 atque

1211 1780 1344 1811 auribus
1373 1778 1528 1817 insonuit,
1556 1789 1628 1810 reas
1653 1778 1692 1810 ad
1725 1779 1787 1810 Dei
1818 1779 1958 1811 tribunal
1988 1781 2090 1811 citari.
2135 1782 2183 1812 Ac

1210 1823 1237 1854 si
1269 1823 1404 1854 diceret:
1435 1820 1472 1853 Si
1502 1823 1575 1861 quis
1605 1827 1697 1862 putet
1726 1831 1831 1853 aerem
1860 1823 1950 1854 inani
1980 1823 2088 1854 sonitu
2111 1834 2183 1855 ver-

1211 1866 1314 1897 berari
1347 1874 1446 1904 quum
1479 1865 1641 1904 profertur
1672 1865 1732 1896 Dei
1765 1865 1915 1902 verbum,
1949 1865 2044 1897 valde
2077 1871 2179 1898 errat:

1211 1919 1262 1940 res
1285 1908 1372 1939 enim
1396 1907 1467 1938 viva
1489 1914 1547 1948 est,
1570 1912 1602 1940 et
1624 1907 1768 1940 occultae
1792 1909 1941 1949 energiae
1961 1908 2067 1948 plena,
2097 1919 2180 1949 quae

1212 1950 1294 1982 nihil
1330 1950 1363 1981 in
1401 1950 1529 1981 homine
1566 1951 1723 1982 intactum
1756 1951 1928 1991 relinquat.
1982 1951 2073 1983 Haec
2106 1962 2184 1992 ergo

1212 2003 1340 2025 summa
1370 1998 1427 2031 est,
1457 1993 1554 2025 simul
1584 1998 1681 2033 atque
1710 2004 1839 2025 sacrum
1870 2004 1905 2025 os
1934 1995 2062 2034 aperuit
2084 1994 2186 2033 Deus,

1212 2037 1327 2069 debere
1357 2046 1471 2067 sensus
1499 2046 1608 2068 omnes
1639 2041 1766 2068 nostros
1789 2037 1973 2076 recipiendo
1996 2037 2065 2068 eius
2089 2037 2186 2068 verbo

1212 2079 1373 2121 patefieri:
1397 2079 1472 2119 quia
1495 2090 1560 2111 non
1579 2078 1656 2111 velit
1680 2080 1801 2111 frustra
1818 2090 1911 2111 voces
1934 2090 2088 2120 spargere
2105 2090 2187 2120 quae

1212 2128 1269 2154 aut
1298 2124 1507 2162 evanescant,
1540 2125 1597 2155 aut
1630 2122 1797 2163 neglectae
1830 2123 1863 2153 in
1895 2127 2016 2154 terram
2050 2122 2185 2154 cadant:

1212 2165 1268 2197 sed
1296 2165 1468 2196 efficaciter
1491 2165 1682 2206 compellare
1706 2165 1872 2196 hominum
1898 2165 2122 2203 conscientias,
2153 2173 2187 2196 ut

1213 2208 1349 2249 imperio
1383 2217 1441 2239 suo
1474 2209 1640 2240 subiiciat:
1674 2208 1782 2248 itaque
1815 2208 1900 2240 hanc
1931 2208 1998 2239 vim
2032 2207 2188 2239 indidisse

1213 2252 1312 2284 verbo
1327 2261 1392 2289 suo,
1410 2252 1446 2281 ut
1461 2262 1573 2284 omnes
1589 2252 1713 2282 animae
1729 2256 1838 2291 partes
1854 2251 2008 2288 excutiat,
2025 2252 2188 2282 examinet

1213 2294 1431 2336 cogitationes,
1462 2295 1597 2326 affectus
1629 2293 1792 2333 diiudicet,
1822 2305 1856 2326 se
1884 2293 2020 2334 denique
2049 2293 2187 2324 iudicem

1212 2337 1370 2370 ostendat.
1404 2335 1470 2369 Sed
1494 2338 1546 2369 hic
1567 2337 1712 2369 exoritur
1732 2348 1815 2369 nova
1832 2337 1987 2377 quaestio,
2012 2336 2050 2367 de
2073 2336 2187 2376 legens

1213 2392 1255 2413 an
1279 2380 1318 2411 de
1340 2381 1510 2420 evangelio
1532 2380 1592 2412 hoc
1615 2379 1657 2412 sit
1679 2379 1936 2421 intelligendum.
1972 2379 2036 2418 Qui
2056 2379 2095 2409 de
2119 2379 2189 2419 lege

1213 2423 1393 2464 apostolum
1423 2424 1509 2464 loqui
1539 2428 1671 2463 putant,
1700 2422 1865 2454 adducunt
1895 2422 1950 2453 illa
1977 2422 2070 2453 Pauli
2101 2423 2188 2453 testi-

1214 2466 1337 2498 monia:
1371 2466 1592 2498 Ministerium
1620 2476 1690 2497 esse
1712 2466 1834 2503 mortis,
1865 2465 1990 2497 literam
2014 2475 2085 2496 esse
2108 2474 2188 2504 quae

1213 2509 1344 2546 occidat,
1375 2509 1459 2540 nihil
1489 2515 1617 2548 praeter
1645 2510 1727 2539 iram
1749 2509 1872 2546 afferre,
1903 2513 1936 2539 et
1959 2507 2083 2548 reliqua
2106 2507 2187 2538 eius-

1214 2552 1301 2584 modi
1323 2551 1365 2594 (2.
1390 2552 1464 2584 Cor.
1488 2553 1518 2590 3,
1550 2552 1580 2583 6.
1605 2551 1639 2591 7;
1668 2551 1764 2582 Rom.
1787 2550 1818 2588 4,
1848 2551 1913 2591 15).
1965 2549 2031 2582 Sed
2062 2550 2113 2581 hic
2144 2549 2188 2579 di-

1214 2606 1324 2627 versos
1354 2595 1452 2626 etiam
1476 2595 1610 2626 effectus
1634 2594 1797 2634 apostolus
1822 2599 1925 2625 notat:
1957 2599 2007 2625 est
2029 2593 2114 2624 enim
2139 2591 2188 2632 (ut

1214 2638 1367 2679 diximus)
1392 2638 1519 2670 vivifica
1548 2637 1706 2678 quaedam
1735 2636 1850 2668 occisio
1879 2636 2016 2674 animae,
2046 2645 2128 2675 quae
2152 2634 2188 2664 fit

1946 2695 1963 2720 4
