2513 3126
339 186 401 218 395
1172 183 1316 217 EPIS'I'.
1338 182 1495 215 IACOBI
2266 186 2330 219 396

338 283 514 324 pcrs'cclum,
537 291 616 320 quae
639 283 681 311 cst
704 279 865 317 libertatis,
889 282 915 310 et
934 279 1151 318 permanserit,
1180 278 1229 310 liic
1249 289 1309 311 mm

342 326 466 357 auditor
493 324 666 358 obliviosus,
696 322 749 353 sed
776 322 875 360 factor
899 322 1010 361 operis,
1040 321 1145 353 beatus
1167 321 1200 352 in
1223 331 1310 361 opere

342 377 397 399 suo
420 368 486 397 erit.
524 366 573 396 26.
600 365 636 396 Si
659 365 730 405 quis
751 365 870 396 videtur
891 364 1055 404 reliyiosus
1072 374 1137 395 esse
1151 364 1231 394 inter
1245 374 1309 405 vos,

341 420 394 442 nec
422 409 577 447 refraenat
602 408 743 448 linyuam
772 417 873 443 summ
903 407 957 438 sed
986 407 1100 446 decipit
1129 416 1180 438 cor
1202 416 1311 438 suum:

342 453 437 484 huius
469 451 574 482 inanis
603 453 647 482 est
664 450 784 489 reliyio.
830 450 882 481 27.
907 449 1029 490 Reliyio
1048 459 1133 489 pura
1154 451 1181 480 et
1202 449 1310 489 impol-

342 496 405 526 luta
429 503 531 525 coram
553 493 620 525 Deo
641 496 667 524 et
684 496 786 532 patre,
809 492 882 524 llaec
906 494 964 523 est.-
986 493 1114 523 visitare
1128 491 1266 532 pupillos
1284 495 1312 524 et

342 537 455 567 viduas
477 536 511 566 in
534 536 702 574 afflictione
719 536 869 576 ipsorum,
892 535 1124 567 immaculatum
1141 544 1264 566 servare
1281 545 1312 567 se

341 590 361 610 a
383 579 506 610 vitando.

428 664 479 695 22.
515 663 621 696 Estote
645 664 784 702 factores.
830 663 950 694 Factor
978 662 1040 702 hic,
1072 672 1137 694 non
1161 662 1312 702 quemad·

341 707 470 738 modum
495 706 535 738 ad
560 707 725 737 Romanos
748 716 817 746 cap.
836 706 866 746 2,
892 705 941 743 13,
965 715 1038 736 eum
1062 705 1236 746 significat,
1258 706 1312 745 qui

341 750 406 790 legi
431 750 491 781 Dei
522 749 689 786 satisfacit,
718 749 869 789 omnique
898 759 938 780 ex
970 755 1061 788 parte
1088 758 1158 779 eam
1183 747 1312 787 implet:

341 793 397 824 sed
414 794 466 832 qui
483 802 664 823 sermonem
683 791 745 822 Dei
768 801 808 822 ex
825 791 932 822 animo
948 791 1163 830 amplectitur,
1187 791 1313 830 vitaque

342 838 490 872 testatur,
514 835 598 866 serio
621 845 654 865 se
678 834 863 874 credidisse,
887 834 979 865 iuxta
1002 833 1086 865 hanc
1102 833 1226 865 Christi
1244 844 1313 865 sen-

342 878 493 909 tentiam:
518 877 614 909 Beati
637 877 691 917 qui
710 877 848 907 audiunt
866 886 1047 908 sermonem
1064 876 1136 914 Dei,
1159 878 1192 907 et
1210 879 1312 907 custo-

342 921 436 952 diunt
458 930 531 951 eum
555 920 649 960 (Luc.
675 919 724 956 11,
747 919 812 961 28).
858 919 942 950 Nam
967 919 1019 951 hic
1042 929 1060 949 a
1084 918 1239 950 fructibus
1261 919 1312 950 de-

343 963 445 996 clarat
475 973 634 1002 quaenam
661 962 704 993 sit
726 962 782 993 illa
804 962 912 994 insitio
935 962 1025 993 cuius
1048 961 1204 992 meminit.
1249 960 1313 993 Ob-

343 1005 540 1037 servandum
575 1010 742 1045 praeterea
775 1010 838 1041 est,
875 1005 973 1036 fidem
1008 1004 1103 1036 simul
1137 1013 1210 1035 cum
1242 1004 1313 1035 aliis

341 1048 492 1088 operibus
515 1058 534 1079 a
550 1048 666 1079 Iacobo
688 1047 928 1088 comprehendi,
951 1048 1014 1078 imo
1037 1057 1106 1078 eam
1131 1047 1165 1077 in
1185 1046 1313 1087 primis:

342 1092 437 1123 sicuti
460 1091 667 1131 praecipuum
687 1101 766 1130 opus
786 1096 835 1122 est
851 1090 937 1130 quod
955 1101 973 1121 a
989 1089 1079 1121 nobis
1096 1089 1186 1120 Deus
1201 1090 1313 1130 exigit.

342 1133 480 1166 Summa
508 1140 566 1171 est,
596 1133 735 1164 dandam
770 1143 839 1165 esse
861 1143 1002 1173 operam,
1033 1137 1069 1163 ut
1092 1131 1215 1163 radices
1238 1138 1314 1173 agat

342 1177 375 1208 in
399 1176 491 1208 nobis
513 1176 646 1208 verbum
670 1175 812 1213 Domini,
834 1186 896 1216 quo
919 1181 1030 1215 postea
1053 1175 1234 1207 fructificet.

431 1219 482 1250 23.
514 1218 638 1251 Similis
670 1222 714 1250 est
744 1219 870 1250 homini.
921 1219 982 1249 Est
1011 1218 1138 1258 quidem
1168 1218 1312 1250 coelestis

344 1262 491 1294 doctrina
520 1261 699 1302 speculum,
730 1262 764 1292 in
793 1272 856 1301 quo
883 1272 918 1292 se
940 1261 1031 1292 Deus
1053 1260 1312 1301 conspiciendum

342 1304 435 1336 nobis
468 1305 579 1336 offert:
609 1305 665 1336 sed
696 1306 750 1340 ita,
782 1310 819 1335 ut
847 1305 879 1335 in
910 1304 979 1335 eius
1011 1304 1186 1344 imaginem
1211 1309 1313 1335 trans-

343 1348 535 1388 figuremur,
559 1347 643 1379 sicut
665 1347 710 1378 ait
733 1347 854 1378 Paulus
876 1347 906 1378 2.
931 1345 1080 1378 Corinth.
1100 1347 1129 1386 3,
1155 1346 1204 1378 18.
1249 1346 1313 1378 Hic

343 1395 451 1421 autem
476 1389 514 1421 de
537 1396 673 1421 externo
696 1389 861 1422 oculorum
885 1390 1032 1421 coniectu
1051 1389 1168 1430 agitur,
1191 1400 1255 1421 non
1274 1389 1313 1420 de

344 1434 418 1464 viva
447 1438 478 1464 et
506 1433 627 1464 efficaci
659 1433 928 1472 contemplatione
958 1442 1038 1472 quae
1067 1433 1102 1463 in
1132 1441 1186 1463 cor
1208 1433 1312 1472 ipsum

344 1480 502 1516 penetrat.
554 1476 697 1516 Elegans
727 1476 917 1513 similitudo,
949 1485 1012 1515 qua
1042 1474 1186 1506 breviter
1214 1475 1313 1515 signi-

344 1520 426 1554 ficat,
458 1518 541 1549 nihil
568 1518 718 1558 prodesse
741 1529 822 1559 quae
846 1517 960 1549 auditu
983 1518 1087 1556 modo,
1119 1528 1183 1549 non
1206 1524 1312 1549 autem

343 1561 496 1592 interiore
514 1561 617 1593 cordis
633 1561 751 1592 affectu
767 1561 944 1602 percipitur
960 1560 1121 1593 doctrina:
1150 1560 1225 1600 quia
1240 1570 1315 1592 mox

341 1604 516 1636 evanescit.

432 1646 483 1678 25.
516 1647 557 1677 In
589 1646 681 1687 leyem
711 1646 888 1687 perfectam.
942 1647 1121 1686 Postquam
1158 1645 1196 1678 de
1225 1647 1315 1678 inani
1341 1653 1342 1674 l

343 1690 563 1729 speculatione
597 1689 751 1729 loquutus
784 1694 849 1729 est,
887 1700 975 1721 nunc
1008 1689 1049 1720 ad
1083 1689 1314 1730 penetrabilem

343 1732 434 1763 illum
459 1733 612 1763 intuitum
635 1732 802 1763 descendit
825 1733 879 1772 qui
903 1743 961 1764 nos
985 1733 1018 1763 in
1042 1732 1105 1763 Dei
1128 1732 1313 1764 similitudi·

343 1785 415 1806 nem
440 1776 660 1807 transformat.
698 1774 784 1814 Quia
807 1779 915 1806 autem
938 1775 1106 1816 negotium
1130 1775 1227 1807 habet
1242 1785 1313 1806 cum

343 1817 482 1857 Iudaeis,
506 1828 624 1849 nomen
653 1817 777 1858 legis
801 1818 1001 1849 familiariter
1023 1818 1088 1849 illis
1112 1823 1233 1856 notum,
1256 1828 1314 1858 pro

342 1861 494 1892 universa
517 1860 580 1892 Dei
603 1860 750 1892 doctrina
773 1866 918 1901 usurpat.
964 1861 1065 1892 Porro
1087 1871 1144 1893 cur
1168 1861 1313 1902 legem
1338 1863 1340 1869 ’

344 1904 603 1942 perfectam
637 1909 736 1941 vocet,
769 1913 805 1935 ac
835 1904 1110 1944 libertatis,
1143 1913 1209 1935 non
1231 1913 1314 1935 asse-

345 1947 435 1985 quuti
464 1951 540 1977 sunt
570 1946 781 1986 interpretes:
813 1947 888 1986 quia
915 1946 1091 1978 antithesin
1124 1947 1177 1977 hic
1208 1947 1312 1977 notari

344 1998 409 2019 non
432 1988 746 2027 animadvertebant,
769 1999 852 2029 quae
875 1999 915 2021 ex
939 1989 1011 2021 aliis
1034 1990 1212 2029 scripturae
1235 1989 1313 2020 locis

344 2030 517 2070 colligitur.
563 2030 726 2070 Quamdiu
756 2039 891 2063 externa
921 2032 1063 2063 hominis
1087 2043 1164 2064 voce
1188 2031 1313 2072 praedi·
1338 2055 1339 2058 η

345 2078 439 2104 eatur
462 2073 525 2112 lex,
553 2084 618 2105 non
641 2079 749 2105 autem
773 2075 874 2115 digito
898 2080 953 2106 aut
976 2075 1090 2115 spiritu
1114 2075 1175 2106 Dei
1199 2075 1311 2105 inscri-

345 2115 434 2146 bitur
465 2116 499 2146 in
529 2116 632 2153 corda,
663 2121 791 2148 mortua
817 2118 912 2149 litera
934 2122 991 2155 est,
1024 2128 1061 2149 ac
1084 2118 1176 2149 velut
1197 2127 1313 2157 corpus

345 2158 504 2189 exanime.
542 2158 694 2190 Mutilam
717 2170 794 2200 ergo
817 2161 922 2200 legem
946 2161 1082 2199 censeri,
1106 2161 1206 2192 donec
1221 2160 1313 2191 corde

345 2201 530 2241 recipiatur,
566 2201 683 2232 mirum
717 2212 782 2233 non
817 2209 875 2233 est.
928 2203 1049 2234 Eadem
1083 2207 1115 2234 et
1149 2203 1313 2234 servitutis

345 2244 435 2274 ratio.
481 2243 566 2275 Nam
588 2243 873 2284 (quemadmodum
897 2245 937 2276 ad
961 2246 1096 2277 Galatas
1119 2256 1188 2286 cap.
1211 2247 1240 2285 4,
1262 2246 1313 2284 24,

348 2286 442 2318 docet
472 2286 609 2328 Paulus)
644 2297 662 2317 a
693 2286 823 2318 Christo
856 2296 1020 2327 separata,
1054 2289 1088 2319 in
1123 2289 1312 2320 servitutem

346 2334 495 2369 generat:
532 2334 564 2360 et
595 2329 864 2369 quemadmodum
894 2331 979 2362 idem
1008 2331 1047 2361 ad
1079 2332 1173 2363 Rom.
1203 2332 1232 2369 8,
1264 2331 1313 2371 15,

346 2370 453 2408 tradit,
485 2371 568 2402 nihil
599 2382 695 2412 quam
727 2372 904 2404 diffidentia
933 2380 964 2404 et
987 2379 1075 2404 metu
1097 2375 1233 2406 deiicere
1256 2385 1313 2405 nos
1339 2393 1340 2416 ;

345 2419 460 2454 potest.
507 2414 651 2454 Spiritus
675 2425 752 2446 vero
780 2417 1042 2455 regenerationis,
1071 2418 1124 2456 qui
1155 2427 1225 2448 eam
1249 2417 1312 2448 vis-

346 2457 472 2487 ceribus
492 2458 611 2488 nostris
630 2457 791 2497 insculpit,
812 2458 993 2498 adoptionis
1010 2461 1148 2500 gratiam
1165 2459 1314 2491 similiter

1362 280 1486 311 sincero
1509 278 1613 310 cordis
1637 279 1755 311 affectu
1779 290 1798 312 a
1822 280 1913 312 vobis
1936 281 2032 321 recipi
2055 285 2190 321 oportet,
2218 286 2256 314 ut
2278 284 2329 323 pie

1362 329 1537 361 sanctoque
1561 321 1686 353 vivatis.
1735 323 1836 354 Porro
1859 333 1959 363 quum
1980 323 2039 355 hoc
2054 334 2124 356 csse
2142 324 2217 356 novi
2234 329 2328 357 testa-

1363 365 1462 395 menti
1487 363 1686 403 beneficium,
1709 368 1746 396 ut
1769 366 1820 397 lex
1838 365 1897 397 Dei
1923 376 1981 398 nos
2004 367 2165 404 reformet,
2189 377 2230 398 ex
2246 367 2328 400 Iere-

1363 409 1447 438 miae
1463 406 1528 447 (31,
1551 406 1607 448 33)
1631 409 1813 439 testimonio
1835 414 1867 439 et
1882 408 2101 450 compluribus
2117 409 2190 441 aliis
2206 415 2328 449 pateat:

1362 450 1507 489 sequitur
1539 449 1569 480 id
1602 459 1664 480 nou
1692 461 1784 490 posse
1815 451 1954 482 obtineri
1977 451 2078 484 donec
2099 451 2139 483 ad
2163 451 2331 484 Christum

1364 498 1496 523 ventum
1527 492 1632 523 fuerit.
1680 493 1723 524 Et
1753 498 1839 525 certe
1869 494 1956 525 solus
1984 495 2052 534 ipse
2080 499 2130 526 est
2152 494 2234 535 legis
2258 496 2330 527 finis

1363 545 1399 566 ac
1429 534 1591 574 perfectio.
1643 534 1720 567 Ideo
1755 536 2032 568 libertatem
2067 537 2157 568 addit
2188 538 2331 577 Iacobus,

1364 578 1454 608 velut
1476 577 1679 609 individuam
1695 580 1861 610 comitem:
1884 579 1960 619 quia
1976 590 2142 620 nunquam
2159 586 2330 621 regenerat

1364 630 1421 651 nos
1444 619 1566 651 Christi
1591 620 1732 660 spiritus,
1755 622 1833 662 quin
1857 621 1985 653 divinae
2008 622 2188 662 adoptionis
2212 624 2331 662 pariter

1364 664 1405 694 sit
1439 662 1530 693 testis
1564 667 1662 703 atque
1695 664 1843 703 arrhabo,
1878 669 1912 696 ut
1940 669 2028 696 metu
2059 671 2090 696 et
2119 665 2333 706 trepidatione

1365 704 1459 737 corda
1483 710 1592 736 nostra
1614 705 1736 738 liberet.

1451 747 1671 780 Per-manserit.
1717 749 1788 782 Hoc
1816 754 1875 787 est,
1908 750 1993 781 fixus
2023 751 2202 791 perstiterit
2223 751 2256 783 in
2279 751 2335 783 illa

1367 791 1428 822 Dei
1457 791 1648 831 cognitione.
1702 792 1746 823 Et
1775 803 1873 833 quum
1905 792 2008 831 addit,
2043 792 2208 825 beatus
2241 795 2334 826 erit

1365 834 1409 865 in
1440 842 1578 873 opere
1608 844 1708 872 suo,
1742 835 1902 876 significat
1929 837 1962 866 in
1992 836 2063 876 ipsa
2090 837 2214 868 actione
2237 837 2333 868 sitam

1365 886 1433 908 esse
1458 876 1698 916 beatitudinem,
1723 888 1786 908 non
1810 878 1842 908 in
1866 878 2028 910 auditione
2052 879 2178 920 frigida.

1450 919 1500 950 26.
1534 918 1661 950 Videtur
1689 920 1864 961 reliqiosus.
1909 921 2004 953 Nunc
2034 922 2068 952 in
2097 923 2137 953 iis
2159 922 2257 954 etiam
2280 922 2336 963 qui

1365 972 1399 993 se
1429 961 1510 1002 legis
1541 962 1678 994 factores
1706 973 1775 994 esse
1807 973 1883 1004 prae
1913 973 1947 994 se
1971 963 2089 1002 ferunt,
2120 965 2246 1005 vitium,
2272 976 2335 1005 quo

1366 1004 1512 1035 laborant
1528 1006 1742 1037 communiter
1758 1006 1957 1046 hypocritae,
1974 1006 2195 1047 reprehendit:
2220 1017 2336 1048 nempe

1367 1047 1495 1087 linguae
1525 1049 1721 1088 proterviam
1753 1049 1792 1080 ad
1823 1049 2069 1080 detrahendum.
2121 1050 2269 1082 Antehac
2298 1050 2336 1082 de

1366 1090 1496 1131 linguae
1533 1091 1732 1123 continentia
1769 1091 1890 1132 aliquid
1927 1092 2050 1132 attigit:
2084 1092 2140 1124 sed
2171 1092 2233 1124 alio
2262 1093 2336 1131 fine,

1366 1143 1438 1164 nam
1477 1138 1554 1164 tunc
1590 1133 1723 1165 iubebat
1759 1134 1923 1166 silentium
1962 1145 2019 1166 nos
2057 1139 2222 1176 praestare
2255 1135 2336 1175 Deo,

1365 1186 1427 1215 quo
1456 1185 1600 1207 essemus
1629 1176 1668 1207 ad
1692 1176 1879 1209 discendum
1904 1177 2018 1209 melius
2041 1178 2219 1219 compositi.
2264 1178 2336 1210 Iam

1365 1217 1451 1249 aliud
1482 1223 1614 1257 tractat,
1653 1219 1703 1251 Ne
1733 1219 1953 1252 maledicendo
1992 1220 2134 1261 linguam
2167 1225 2338 1253 exerceant

1365 1260 1484 1292 fideles.
1531 1261 1632 1292 Porro
1663 1262 1721 1294 hoc
1750 1262 1868 1293 vitium
1900 1263 2086 1294 nominatim
2118 1264 2259 1303 oportuit
2286 1269 2335 1295 ta-

1366 1304 1436 1335 xari
1456 1314 1558 1344 quum
1581 1304 1620 1336 de
1643 1305 1723 1346 legis
1745 1306 1968 1337 observatione
1990 1316 2096 1337 sermo
2120 1312 2214 1338 esset.
2252 1306 2335 1338 Nam

1366 1347 1418 1387 qui
1449 1347 1605 1378 crassiora
1636 1349 1715 1379 vitia
1743 1353 1912 1386 exuerunt,
1944 1348 2019 1380 huic
2049 1348 2161 1380 morbo
2188 1354 2265 1380 sunt
2287 1352 2336 1381 ut-

1367 1389 1543 1429 plurimum
1574 1390 1714 1422 obnoxii.
1760 1390 1826 1430 Qui
1849 1401 1953 1431 neque
1975 1391 2101 1423 adulter
2124 1392 2195 1430 erit,
2229 1402 2336 1433 neque

1367 1433 1428 1470 fur,
1459 1443 1565 1472 neque
1587 1433 1742 1471 ebriosus,
1772 1434 1851 1474 quin
1875 1434 1980 1474 potius
2002 1438 2140 1466 externa
2162 1435 2336 1467 sanctimo-

1368 1476 1441 1506 niae
1469 1476 1574 1515 specie
1602 1476 1746 1517 fulgebit,
1780 1476 1916 1508 aliorum
1947 1477 2066 1508 famam
2089 1477 2270 1518 lacerando,
2302 1488 2337 1510 se

1368 1518 1512 1550 iactabit:
1554 1519 1613 1550 zeli
1646 1519 1776 1559 quidem
1811 1523 2001 1560 praetextu,
2043 1520 2098 1551 sed
2134 1520 2337 1552 obtrectandi

1368 1560 1509 1593 libidine.
1546 1561 1688 1593 Proinde
1711 1561 1764 1594 hic
1785 1573 1880 1594 veros
1905 1563 1965 1593 Dei
1988 1562 2128 1594 cultores
2151 1563 2334 1595 discernere

1369 1603 1471 1636 voluit
1500 1605 1540 1635 ab
1572 1604 1759 1645 hypocritis,
1793 1605 1847 1645 qui
1876 1605 2057 1645 pharisaico
2093 1605 2264 1645 supercilio
2293 1606 2338 1638 ita

1368 1651 1500 1686 turgent
1529 1652 1565 1678 ut
1591 1648 1719 1679 laudem
1742 1652 1874 1688 captent
1895 1658 1935 1679 ex
1958 1647 2096 1679 aliorum
2118 1649 2264 1680 omnium
2287 1659 2338 1681 su-

1366 1690 1539 1730 gillatione.

1452 1732 1490 1764 Si
1508 1733 1579 1773 quis
1596 1733 1725 1773 videtur,
1750 1733 1864 1773 inquit,
1888 1733 1950 1766 hoc
1973 1736 2031 1771 est,
2055 1733 2175 1774 alioqui
2197 1734 2335 1774 speciem

1367 1775 1463 1806 habet
1493 1776 1739 1807 sanctimoniae:
1771 1776 1896 1808 interea
1926 1781 2034 1807 autem
2057 1776 2280 1808 maledicendo
2303 1787 2338 1810 se

1366 1818 1512 1856 oblectat,
1546 1819 1621 1850 hinc
1651 1819 1855 1850 convincitur
1885 1829 1951 1850 non
1980 1829 2057 1851 vere
2087 1819 2193 1851 Deum
2223 1820 2337 1852 colere.

1366 1861 1449 1892 Nam
1469 1871 1568 1901 quum
1592 1861 1679 1900 dicit,
1707 1862 1912 1902 Religionem
1936 1862 2004 1893 eius
2028 1872 2143 1894 vanam
2167 1873 2247 1903 esse,
2270 1873 2337 1894 non

1365 1904 1458 1935 modo
1485 1904 1649 1945 significat
1678 1904 1818 1944 reliquas
1842 1906 1979 1936 virtutes
2002 1904 2245 1937 maledicentiae
2267 1906 2338 1937 labe

1365 1949 1541 1987 corrumpi,
1576 1947 1631 1978 sed
1667 1947 1789 1988 colligit
1819 1957 1884 1978 non
1915 1948 2078 1979 sincerum
2108 1958 2178 1980 esse
2208 1949 2338 1989 pietatis

1364 1988 1507 2020 studium
1531 1989 1617 2030 quod
1643 1994 1786 2030 apparet.

1451 2032 1511 2064 Sed
1542 2042 1594 2064 cor
1619 2042 1711 2064 suum
1735 2032 1858 2073 decipit,
1889 2033 1972 2064 Mihi
1995 2043 2061 2064 non
2084 2033 2189 2073 placet
2210 2033 2337 2065 Eresmi

1367 2075 1485 2106 versio:
1520 2075 1609 2106 Sinit
1640 2076 1800 2106 aberrare.
1852 2075 1992 2107 Fontem
2019 2075 2106 2106 enim
2130 2076 2335 2116 petulantiae,

1338 2130 1340 2162 ξ
1365 2118 1416 2149 cui
1440 2117 1558 2149 addicti
1580 2124 1656 2149 sunt
1679 2117 1878 2159 hypocritae,
1910 2119 2058 2158 designat
2080 2129 2142 2158 quo
2165 2119 2335 2150 immodico

1368 2161 1418 2191 sui
1442 2171 1551 2192 amore
1574 2162 1670 2200 caeci,
1693 2161 1787 2201 longe
1810 2171 1843 2192 se
1866 2161 2014 2192 meliores
2038 2171 2107 2192 esse
2129 2171 2225 2201 quam
2249 2166 2334 2199 sunt,

1366 2203 1426 2235 sibi
1455 2203 1680 2243 persuadeant.
1726 2204 1771 2235 Et
1797 2208 1883 2235 certe
1914 2204 1989 2235 hine
2017 2204 2220 2235 obtrectandi
2247 2213 2334 2235 mor-

1367 2246 1436 2285 bus,
1459 2247 1533 2286 quia
1556 2257 1619 2277 non
1643 2246 1839 2286 conspicitur
1862 2246 2006 2287 pendens
2029 2257 2048 2278 a
2071 2251 2161 2287 tergo
2183 2247 2335 2283 mantica,

1366 2293 1403 2319 ut
1425 2292 1474 2320 est
1497 2290 1531 2319 in
1555 2289 1673 2329 Aesopi
1703 2288 1846 2330 apologo.
1891 2289 1982 2320 Bene
2006 2299 2082 2330 ergo
2105 2289 2250 2329 Iacobus,
2280 2290 2335 2329 qui

1366 2332 1516 2363 effectum
1535 2333 1696 2373 corrigere
1714 2331 1837 2369 volens,
1861 2332 1920 2363 hoc
1946 2336 2003 2369 est,
2028 2331 2241 2363 maledicendi
2264 2332 2335 2362 libi-

1367 2374 1491 2414 dinem,
1526 2384 1655 2406 causam
1689 2375 1837 2411 attexuit,
1871 2374 1955 2414 quod
1989 2374 2111 2406 scilicet
2145 2374 2335 2415 hypocritae

1367 2417 1438 2457 plus
1471 2427 1572 2457 aequo
1595 2417 1656 2448 sibi
1680 2416 1860 2457 indulgent.
1905 2417 2064 2457 Propensi
2087 2417 2174 2448 enim
2198 2417 2237 2448 ad
2259 2427 2334 2449 con-

1338 2463 1340 2503 }
1366 2460 1550 2491 donandum
1582 2462 1699 2497 essent,
1731 2460 1757 2490 si
1782 2459 1924 2490 vicissim
1955 2464 2169 2501 agnoscerent
2194 2470 2229 2492 se
2251 2459 2334 2491 indi-

347 2499 452 2530 affert.
498 2500 638 2531 Perinde
670 2510 746 2541 ergo
770 2500 829 2532 hoc
852 2501 939 2532 valet
961 2512 997 2533 ac
1021 2502 1047 2532 si
1071 2503 1204 2534 dixisset
1226 2502 1314 2533 Iaco-
1338 2509 1340 2529 ἑ

1366 2513 1440 2542 gere
1464 2503 1601 2533 aliorum
1625 2502 1729 2533 venia.
1777 2502 1960 2533 Blanditiae
1983 2513 2059 2543 ergo
2082 2502 2197 2542 quibus
2219 2513 2254 2534 se
2277 2502 2333 2533 fal-

347 2542 415 2578 bus,
440 2541 489 2573 Ne
512 2543 653 2582 amplius
676 2543 804 2574 servilis
826 2543 869 2574 sit
887 2543 967 2584 legis
986 2545 1158 2584 institutio,
1181 2545 1237 2577 sed
1257 2555 1313 2576 vos
1338 2554 1340 2575 l
1365 2545 1446 2582 lunt,
1476 2545 1564 2576 vitiis
1591 2545 1658 2576 suis
1680 2545 1851 2585 parcendo,
1875 2549 1940 2576 tam
1963 2546 2188 2585 superciliosos
2210 2545 2332 2576 faciunt

348 2585 455 2623 potius
478 2584 510 2616 in
534 2585 716 2617 libertatem
740 2592 878 2617 asserat:
908 2597 948 2617 ne
971 2588 1107 2627 amplius
1131 2590 1173 2619 sit
1196 2588 1312 2628 paeda·
1338 2581 1339 2611 l

349 2636 454 2667 gogus
487 2634 621 2666 tantum,
651 2628 706 2660 sed
737 2629 776 2660 ad
807 2630 1034 2669 perfectionem
1058 2631 1213 2662 adducat:
1242 2641 1312 2661 eam
1338 2638 1339 2647 ¹

1366 2588 1502 2619 aliorum
1526 2598 1681 2620 censores.

1451 2631 1502 2662 27.
1527 2630 1649 2672 Reliyio
1666 2641 1760 2671 pura.
1807 2630 1916 2670 Quum
1946 2641 1993 2669 ea,
2024 2640 2107 2671 quae
2137 2631 2269 2662 maximi
2298 2630 2332 2661 in
