2513 3126
113 211 175 243 313

113 306 217 338 lumen
239 316 344 338 verum
365 306 430 338 iam
453 306 537 337 lucet.
573 305 602 336 9.
638 305 699 344 Qui
722 305 796 337 dicit
818 314 849 336 se
871 304 905 335 in
928 302 992 334 luce
1015 311 1091 348 esse,

114 352 142 381 et
163 350 293 389 fratrem
316 359 408 381 suum
432 349 503 389 odit,
527 348 561 379 in
584 348 716 379 tenebris
739 350 782 378 est
805 345 912 378 adhuc.
953 343 1003 375 10.
1031 343 1090 382 Qut

114 392 218 433 diligit
238 392 369 432 fratrem
391 402 493 429 suum,
523 391 558 422 ire
586 391 651 422 luce
681 391 792 430 manet,
822 391 849 420 et
875 385 1092 433 offendiculum

116 435 149 466 in
170 445 202 466 eo
223 444 284 466 non
302 437 355 467 est.
402 435 451 466 11.
490 433 550 474 Qui
571 443 641 465 vero
670 433 801 472 fratrem
828 439 921 461 suum
949 428 1025 468 odit,
1056 438 1091 459 m

115 477 245 509 tenebris
267 480 320 514 est,
342 479 369 508 et
388 476 568 508 intenebris
589 475 733 512 ambulat,
749 483 802 504 nec
823 472 880 504 scit
901 481 960 511 quo
981 470 1091 502 vadat:

118 521 194 560 quia
217 519 356 552 tenebrae
378 520 579 551 ezeaecarunt
601 517 702 549 oculos
722 516 798 547 eius.

205 604 346 645 Fratres,
365 615 424 636 non
442 604 624 635 mandatum
640 604 690 633 etc.
716 599 899 640 Explicatio
916 598 1090 639 superioris

118 647 302 688 doctrinae,
338 647 420 687 quod
452 646 574 677 scilicet
609 654 718 675 amare
750 642 854 673 Deum
887 642 930 672 sit
961 651 1091 673 servare

118 691 187 721 eius
210 690 371 721 mandata.
415 688 484 719 Non
515 692 635 719 temere
664 691 772 717 autem
804 684 951 725 pluribus
983 685 1091 715 verbis

118 733 151 764 in
176 733 236 763 hoc
258 732 389 763 insistit.
434 730 582 761 Primum
605 730 727 761 scimus
757 734 795 759 ut
825 738 952 768 semper
981 727 1091 758 odiosa

118 776 160 807 sit
183 774 232 806 vel
256 779 403 813 suspecta
426 773 569 804 novitas:
593 772 709 803 deiude
732 782 795 802 non
819 770 909 802 facile
926 771 1090 801 insuetum

118 819 228 858 iugum
260 817 469 856 suscipimus:
508 816 548 847 ad
585 815 682 852 haec,
718 814 772 845 ubi
803 818 924 845 certum
963 812 1091 853 aliquod

120 859 285 892 doctrinae
311 869 412 899 genus
443 869 554 890 sumus
584 858 741 898 amplexi,
777 856 951 896 quidquam
986 857 1018 887 in
1055 866 1092 887 ea

117 902 236 934 mutari
271 902 322 933 vel
354 902 484 941 novari,
517 901 608 933 nobis
643 900 814 932 molestum
847 903 906 930 est.
960 899 1022 930 His
1054 899 1092 929 de

117 945 221 976 causis
245 943 398 975 admonet
410 944 582 982 Iohannes,
608 943 688 975 nihil
705 954 739 974 se
758 943 872 973 docere
889 941 928 973 de
947 943 1092 981 caritate,

117 987 179 1019 nisi
204 987 291 1027 quod
315 987 377 1018 iam
402 988 441 1018 ab
465 987 558 1018 initio
582 986 726 1018 auditum
751 984 916 1024 fidelibus,
940 996 999 1016 usu
1023 985 1093 1024 ipso

116 1030 362 1061 inveteraverit.
395 1030 460 1061 Alii
478 1033 671 1061 vetustatem
693 1039 784 1060 secus
801 1034 984 1067 exponunt:
1009 1026 1093 1067 quod

119 1072 241 1104 scilicet
263 1082 329 1103 non
354 1073 450 1104 aliam
479 1082 564 1104 nunc
587 1073 620 1104 in
645 1071 814 1112 evangelio
838 1070 972 1102 vivendi
997 1080 1092 1110 reguâ€”

119 1115 184 1146 lam
209 1115 404 1155 praescribat
418 1115 577 1152 Christus,
602 1125 698 1155 quam
716 1114 808 1145 Deus
831 1113 906 1144 olim
930 1114 989 1144 sub
1013 1113 1093 1153 lege.

120 1157 223 1198 quue
247 1159 454 1189 verissimum
479 1162 536 1190 est.
567 1158 634 1189 Nee
658 1167 805 1198 repugno
818 1157 894 1196 quin
916 1156 975 1187 hoc
997 1166 1093 1187 sensu

119 1200 216 1241 paulo
239 1205 311 1241 pest
333 1201 494 1242 evangelii
518 1211 700 1233 sermonem
722 1199 863 1240 appellet
887 1205 981 1230 vetus
1005 1209 1094 1229 man-

119 1243 242 1275 datum.
288 1243 412 1275 Verum
447 1244 505 1276 hoc
543 1249 670 1275 tantum
706 1253 794 1274 nunc
830 1242 913 1274 velle
947 1242 1093 1278 arbitror,

119 1285 211 1317 Haec
233 1286 339 1327 prima
368 1297 437 1318 esse
469 1287 629 1328 evangelii
659 1286 860 1326 rudimenta,
891 1285 936 1316 sic
967 1284 1052 1325 ipsos
1077 1294 1095 1315 a

117 1329 277 1369 principio
307 1329 404 1361 fuisse
436 1331 617 1361 institutos:
653 1340 715 1360 non
747 1338 817 1359 esse
847 1337 903 1359 cur
934 1328 1095 1368 refugiant

119 1372 209 1411 quasi
232 1372 408 1410 insolitum,
431 1383 493 1413 quo
517 1372 639 1413 pridem
663 1371 802 1403 imbutos
826 1380 894 1402 esse
918 1371 1093 1411 oportebat.

120 1414 202 1445 Nam
234 1414 407 1446 relativum
443 1426 558 1447 causae
588 1415 657 1446 loco
686 1414 762 1455 poni
791 1416 941 1454 apparet:
973 1418 1096 1444 vetus

118 1467 196 1498 ergo
212 1458 368 1497 nominat,
395 1467 459 1489 non
476 1458 560 1499 quod
577 1464 653 1490 ante
671 1457 775 1488 multa
790 1456 919 1488 saecula
938 1456 1095 1487 traditum

121 1500 221 1530 fuerit
243 1500 409 1540 patribus:
443 1501 497 1532 sed
534 1502 566 1532 in
602 1511 665 1541 quo
694 1499 797 1531 edocti
828 1499 957 1530 fuerant
986 1499 1095 1530 statim

121 1552 141 1573 a
172 1543 277 1582 primo
308 1543 474 1584 religionis
503 1545 662 1585 ingressu.
714 1542 751 1573 Id
783 1546 890 1573 autem
920 1542 1096 1583 plurimum

122 1584 162 1615 ad
195 1584 291 1616 fidem
322 1587 530 1618 asserendam
562 1587 665 1618 valet:
703 1586 776 1627 quia
807 1588 949 1617 statuere
980 1584 1099 1616 debent.

122 1627 273 1667 lectores,
304 1629 343 1660 ab
373 1629 485 1661 eodem
509 1629 642 1662 Christo
669 1628 846 1670 profectum
877 1638 964 1667 esse,
993 1638 1011 1659 a
1034 1638 1097 1669 quo

120 1671 324 1712 evangelium
349 1671 479 1703 habent.

208 1714 396 1746 Mandatum
436 1718 522 1746 vetus
554 1717 606 1747 est.
662 1714 844 1746 Vetustatis
885 1724 1002 1745 nomen
1038 1713 1097 1745 hoc

122 1756 191 1788 loco
222 1757 348 1798 longius
380 1758 512 1789 extendi
545 1758 707 1798 probabile
736 1762 794 1788 est.
846 1756 979 1788 Plenior
1009 1757 1096 1788 enim

121 1805 169 1830 est
187 1801 297 1839 oratio,
314 1811 410 1840 quum
425 1800 510 1839 dicit,
534 1811 680 1838 sermo,
698 1810 813 1841 quem
838 1799 1026 1831 audistis
1050 1800 1096 1831 ab

120 1842 264 1880 initio,
289 1849 348 1874 est
373 1849 493 1875 vetus
517 1844 762 1875 mandatum.
797 1843 844 1874 Ac
860 1842 945 1884 (meo
966 1843 1096 1883 quidem

123 1885 257 1927 iudicio)
302 1886 464 1927 significat
504 1897 566 1918 non
606 1886 723 1918 debere
757 1886 856 1926 accipi
891 1885 1097 1926 evangelium

125 1929 216 1967 quasi
251 1928 430 1960 doctrinam
466 1940 571 1970 nuper
605 1936 729 1961 natam:
768 1929 823 1961 sed
858 1939 939 1969 quae
973 1939 991 1959 a
1027 1928 1097 1960 Deo

122 1970 286 2011 prodierit,
308 1973 415 2012 sitque
433 1976 564 2004 aeterna
587 1972 656 2004 eius
679 1972 810 2004 veritas.
843 1971 892 2003 Ac
915 1971 940 2002 si
964 1971 1094 2010 diceret,

122 2012 196 2044 Non
221 2013 343 2046 debetis
366 2016 527 2056 evangelii
552 2015 780 2056 antiquitatem
809 2015 916 2045 metiri
942 2015 1097 2055 temporis

121 2056 243 2095 spatio,
268 2067 330 2097 quo
354 2057 442 2088 vobis
466 2058 598 2089 allatum
623 2064 687 2089 est:
711 2058 738 2089 si
768 2057 895 2098 quidem
921 2057 987 2089 illic
1011 2062 1096 2097 pate-

123 2099 206 2130 fecta
238 2100 327 2132 vobis
358 2100 420 2130 fuit
442 2107 573 2132 aeterua
596 2101 656 2132 Dei
682 2101 842 2132 voluntas.
888 2100 962 2131 Non
992 2101 1095 2131 solum

125 2151 203 2182 ergo
226 2141 309 2175 hanc
333 2144 384 2183 pie
409 2143 538 2174 vivendi
562 2144 707 2184 regulam
732 2143 821 2175 vobis
846 2143 982 2174 tradidit
997 2142 1097 2180 Deus,

125 2193 226 2224 quum
262 2187 365 2217 vocati
399 2187 538 2226 primum
562 2187 638 2218 estis
671 2187 710 2218 ad
735 2186 859 2218 Christi
892 2185 1006 2217 fidem:
1041 2186 1097 2217 sed

125 2226 237 2259 eadem
272 2239 399 2269 semper
434 2228 480 2259 illi
513 2229 579 2260 fixa
609 2230 806 2270 probataque
837 2229 908 2260 fuit.
956 2229 997 2259 Et
1020 2239 1097 2260 sane

124 2269 205 2302 haec
229 2270 356 2302 demum
386 2271 563 2311 antiquitas
591 2273 713 2304 censeri
744 2272 854 2311 debet,
882 2271 1043 2312 fidemque
1067 2277 1098 2302 et

124 2315 341 2345 reverentiam
366 2319 522 2352 meretur,
556 2324 636 2354 quae
667 2316 824 2356 originem
857 2314 953 2345 habet
975 2324 994 2345 a
1017 2314 1097 2345 Deo.

127 2356 211 2387 Nam
230 2357 400 2388 hominum
421 2357 586 2398 figmenta,
609 2358 816 2397 quantumvis
829 2358 926 2398 longa
939 2367 1097 2388 annorum

127 2401 392 2440 praescriptione,
416 2410 479 2431 non
504 2405 628 2431 tantum
653 2401 836 2432 autoritatis
859 2400 1039 2441 acquirent,
1064 2405 1098 2431 ut

127 2443 268 2473 obruant
291 2443 352 2474 Dei
378 2443 559 2473 veritatem.

214 2488 241 2516 8.
278 2485 420 2517 Rursum
452 2485 635 2516 mandatum
662 2495 783 2517 novum.
840 2486 913 2517 Non
945 2486 1098 2517 videntur

127 2527 206 2558 mihi
242 2528 451 2567 interpretes,
485 2528 621 2569 apostoli
651 2534 791 2560 mentem
823 2529 988 2569 assequuti
1017 2539 1096 2561 esse.

127 2570 272 2601 Novum
297 2571 382 2602 enim
407 2572 492 2609 dicit,
517 2571 600 2611 quod
618 2570 707 2602 Deus
730 2572 868 2611 quotidie
892 2571 1095 2613 suggerendo

127 2613 226 2643 veluti
263 2619 411 2652 renovat,
446 2620 482 2645 ut
515 2624 548 2645 se
582 2614 617 2644 in
652 2624 688 2645 eo
719 2618 788 2645 tota
820 2616 889 2646 vita
923 2620 1098 2646 exerceant

127 2657 254 2687 fideles:
290 2658 361 2696 quia
393 2657 516 2687 nullum
549 2657 589 2687 sit
613 2656 675 2687 illis
699 2658 917 2697 praestantius
940 2662 1096 2699 expeten-

1012 206 1161 239 CAPUT
1186 207 1225 238 II.

2052 184 2115 237 314

1144 300 1230 331 dum.
1283 301 1364 332 Nam
1391 311 1472 342 quae
1500 301 1589 342 pueri
1614 300 1744 332 discunt
1768 300 1969 338 rudimenta,
2003 304 2115 340 postea

1144 343 1247 375 locum
1272 343 1391 376 cedunt
1419 344 1524 375 altiori
1548 348 1579 375 et
1603 343 1746 374 solidiori
1770 343 1945 374 doctrinae.
1992 343 2114 374 Contra

1144 386 1309 417 Iohannes
1323 391 1420 427 negat
1443 386 1598 417 eiusmodi
1615 396 1684 417 esse
1701 385 1882 417 doctrinam
1904 386 1942 416 de
1958 385 2116 417 fratribus

1144 428 1331 469 diligendis.
1366 439 1447 469 quae
1479 434 1623 469 tempore
1654 428 1844 459 obsolescat:
1881 428 1934 460 sed
1960 433 2115 469 perpetuo

1143 471 1270 511 vigere,
1305 476 1342 502 ut
1374 481 1438 502 non
1468 472 1574 503 minus
1603 472 1646 503 sit
1676 470 1790 502 ultima
1820 472 1988 511 perfectio,
2020 481 2116 512 quam

1145 514 1351 551 tyrocinium.
1398 515 1500 545 Porro
1526 515 1585 546 hoc
1608 523 1738 546 necesse
1762 513 1822 544 fuit
1846 514 1936 545 addi:
1966 514 2056 554 quia.â·
2082 518 2117 544 ut

1143 556 1261 587 curiosi
1286 557 1356 596 plus
1381 558 1464 588 iusto
1488 562 1565 588 sunt
1588 557 1750 595 homines,
1783 556 1865 587 bona
1888 566 1962 596 pars
1991 567 2118 597 semper

1144 599 1219 629 novi
1243 599 1364 639 aliquid
1389 600 1503 640 cupide
1519 601 1651 641 appetit.
1682 598 1770 630 Hinc
1786 599 1938 638 simplicis
1954 599 2118 630 doctrinae

1144 640 1319 679 fastidium,
1343 642 1425 681 quod
1457 643 1628 674 innumera
1652 652 1797 673 errorum
1823 646 1971 682 portenta
1994 642 2115 683 gignit:

1145 683 1221 714 dum
1256 684 1391 724 quisque
1424 685 1517 715 novis
1549 685 1685 717 subinde
1720 685 1846 716 arcanis
1880 684 1995 715 inhiat.
2052 685 2117 716 Ubi

1145 731 1252 758 autem
1288 726 1348 757 hoc
1382 728 1591 759 constitutum
1626 731 1690 766 est,
1724 728 1901 759 Dominum
1936 727 1969 758 in
2005 727 2117 758 eodem

1145 779 1279 810 pergere
1303 774 1423 806 tenore,
1447 772 1481 799 ut
1504 770 1536 800 in
1560 780 1597 801 eo
1626 770 1711 810 quod
1735 770 1923 809 didicimus,
1954 774 2020 801 tota
2051 770 2117 800 vita

1145 822 1202 843 nos
1230 812 1385 843 retineat:
1415 812 1567 842 iniectum
1597 818 1645 843 est
1675 813 1858 844 huiusmodi
1886 812 2119 853 cupiditatibus

1145 855 1303 886 fraenum.
1336 855 1424 895 Ergo
1449 855 1503 894 qui
1523 855 1561 885 ad
1586 856 1761 895 sapientiae
1784 861 1902 887 metam
1932 856 2119 896 pertingere

1144 899 1242 938 cupit,
1272 897 1356 937 quod
1391 897 1432 928 ad
1467 898 1563 928 vitam
1598 900 1684 929 recte
1719 898 1951 930 instituendam
1986 899 2114 935 attinet,

1146 940 1201 972 ille
1224 941 1256 971 iu
1281 940 1415 972 caritate
1438 940 1593 980 proficiat.

1237 983 1321 1023 Quae
1351 985 1395 1014 est
1425 983 1548 1014 veritas.
1594 983 1716 1014 Probat
1746 984 1872 1015 ratione
1903 985 1986 1025 quod
2019 984 2119 1015 dixit:

1147 1027 1223 1066 quia
1236 1027 1295 1058 hoc
1309 1036 1374 1056 uno
1387 1026 1528 1057 caritatis
1545 1025 1710 1065 mandato,
1727 1026 1811 1066 quod
1825 1027 1863 1057 ad
1879 1027 2119 1058 institutionem

1147 1070 1234 1101 vitae
1264 1074 1398 1109 spectat,
1433 1073 1558 1100 constat
1593 1073 1661 1100 tota
1690 1069 1815 1100 Christi
1847 1071 1974 1101 veritas.
2028 1069 2121 1109 Quae

1147 1121 1244 1152 porro
1274 1111 1493 1152 exspectanda
1523 1117 1572 1142 est
1604 1111 1667 1143 alia
1691 1112 1794 1142 maior
1818 1112 1990 1143 revelatio?
2037 1112 2121 1144 Nam

1147 1155 1301 1187 Christus
1323 1159 1410 1186 certe
1434 1154 1579 1185 omnium
1605 1155 1677 1186 finis
1701 1160 1750 1186 est
1773 1165 1809 1185 ac
1832 1155 2121 1195 complementum:

1147 1198 1283 1238 proinde
1314 1198 1462 1229 veritatis
1487 1208 1604 1228 nomeu
1629 1197 1693 1228 huc
1717 1200 1852 1237 spectat,
1887 1204 1921 1228 ut
1944 1198 2124 1229 subsistant

1148 1241 1242 1281 quasi
1273 1241 1306 1271 in
1338 1246 1432 1272 meta.
1481 1240 1565 1271 Nam
1589 1250 1650 1280 pro
1679 1240 1893 1280 complemento
1920 1241 1965 1272 vel
1988 1241 2123 1272 absoluto

1148 1286 1230 1315 statu
1260 1283 1422 1323 accipitur.
1470 1283 1636 1315 Christum
1668 1283 1731 1314 illis
1755 1284 1933 1324 coniungit,
1965 1291 2002 1314 ut
2024 1294 2122 1315 mem-

1149 1327 1214 1358 bris
1230 1331 1343 1367 caput:
1368 1336 1404 1357 ac
1419 1326 1445 1356 si
1470 1326 1599 1366 diceret,
1623 1336 1740 1366 corpus
1764 1326 1916 1357 ecclesiae
1941 1336 2003 1357 non
2028 1326 2122 1357 aliam

1149 1370 1269 1401 habere
1300 1369 1545 1409 perfectionem:
1580 1369 1626 1400 vel
1655 1371 1725 1400 tunc
1754 1369 1853 1400 solide
1877 1367 2002 1400 Christo
2023 1369 2124 1400 unitos

1147 1413 1225 1453 sore,
1254 1413 1283 1443 si
1305 1414 1431 1443 sanctus
1454 1422 1542 1443 amor
1563 1412 1643 1443 inter
1665 1412 1750 1451 ipsos
1772 1414 1881 1443 mutuo
1903 1412 2013 1453 vigeat.
2058 1412 2123 1443 Alii

1150 1466 1241 1487 secus
1265 1460 1441 1495 exponunt,
1466 1454 1561 1494 Quod
1585 1459 1634 1486 est
1657 1455 1779 1486 veritas
1803 1455 1835 1486 in
1861 1454 2002 1494 Christo,
2027 1455 2123 1486 etiam

1149 1499 1183 1529 in
1207 1498 1299 1529 vobis
1320 1502 1377 1535 est,
1402 1497 1456 1529 sed
1481 1508 1545 1529 non
1570 1497 1664 1529 video
1687 1507 1840 1538 quorsum
1865 1497 1897 1528 id
1922 1502 2053 1538 spectet.

1239 1541 1321 1581 Quia
1344 1541 1483 1572 tenebrae
1505 1543 1677 1572 transeunt.
1721 1540 1882 1572 Praesens
1906 1545 2033 1581 tempus
2057 1541 2124 1572 loco

1150 1584 1327 1625 praeteriti.
1373 1583 1542 1624 Significat
1572 1583 1669 1620 enim,
1699 1583 1794 1614 simul
1819 1593 1855 1615 ac
1879 1583 2029 1615 Christus
2052 1583 2123 1614 illu-

1151 1628 1218 1667 xit,
1259 1637 1317 1658 nos
1356 1627 1474 1658 habere
1512 1626 1643 1667 plenum
1681 1625 1917 1667 intelligentiae
1955 1627 2121 1668 fulgorem.

1151 1670 1223 1701 Non
1255 1671 1339 1710 quod
1368 1670 1470 1710 sapiat
1496 1669 1628 1710 quisque
1652 1669 1794 1700 fidelium
1819 1670 1922 1709 primo
1946 1669 1998 1700 die
2022 1680 2123 1710 quanÎ‡

1151 1718 1220 1744 tum
1257 1718 1383 1754 oportet
1417 1712 1507 1754 (nam
1538 1716 1569 1743 et
1593 1712 1715 1743 Paulus
1746 1722 1780 1742 se
1810 1712 1888 1742 eniti
1921 1714 2059 1743 testatur
2088 1717 2124 1743 ut

1150 1756 1371 1796 apprehendat
1402 1755 1485 1796 quod
1516 1756 1659 1786 nondum
1693 1759 1887 1795 assequutus
1917 1759 1966 1786 est
1989 1755 2122 1796 (Philip.

1150 1799 1255 1840 3â€š12),
1279 1799 1333 1830 sed
1354 1799 1428 1839 quia
1446 1798 1571 1829 Christi
1595 1798 1710 1829 notitia
1733 1797 1772 1828 ad
1796 1797 2012 1828 discutiendas
2035 1802 2123 1829 tene-

1151 1843 1224 1874 bras
1265 1842 1333 1873 sola
1374 1841 1504 1872 sufficit.
1567 1841 1657 1882 Ergo
1698 1841 1868 1872 necessarii
1905 1846 1982 1871 sunt
2017 1841 2122 1880 quoti-

1151 1885 1238 1916 diani
1281 1894 1484 1925 progressus:
1524 1889 1555 1915 et
1589 1885 1678 1924 prius
1711 1893 1803 1914 suam
1840 1893 1990 1914 auroram
2024 1884 2124 1915 habet

1150 1929 1307 1968 cuiusque
1335 1927 1425 1965 fides,
1457 1936 1553 1967 quam
1577 1926 1616 1957 ad
1641 1926 1807 1957 meridiem
1833 1926 2011 1966 perveniat.
2058 1926 2122 1958 Sed

1151 1972 1227 2012 quia
1250 1970 1392 2002 eiusdem
1417 1970 1585 2001 doctrinae
1608 1973 1750 2000 tenorem
1775 1969 1943 2000 continuat
1965 1968 2065 2007 Deus,
2090 1969 2123 2000 in

1150 2024 1212 2055 qua
1242 2014 1397 2054 proficere
1430 2023 1489 2044 nos
1520 2012 1624 2043 iubet:
1659 2013 1774 2043 merito
1798 2011 1959 2052 evangelii
1984 2012 2124 2052 cognitio

1151 2067 1264 2088 verum
1298 2057 1407 2087 lumen
1432 2056 1558 2092 dicitur,
1593 2056 1647 2086 ubi
1671 2055 1822 2086 Christus
1846 2054 1891 2085 sol
1916 2055 2058 2086 iustitiae
2081 2055 2125 2086 af-

1152 2100 1263 2141 fulget.
1320 2099 1371 2130 Ita
1409 2099 1462 2130 via
1500 2098 1720 2139 praecluditur
1758 2098 1926 2128 hominum
1963 2098 2125 2135 audaciae,

1151 2144 1206 2183 qui
1237 2142 1393 2183 evangelii
1424 2142 1599 2182 puritatem
1631 2150 1838 2181 corrumpere
1869 2140 1936 2171 suis
1959 2140 2126 2181 figmentis

1151 2189 1295 2217 tentant:
1329 2195 1365 2216 ac
1396 2189 1467 2216 tuto
1491 2185 1676 2216 universam
1702 2193 1801 2223 papae
1825 2183 2023 2224 theologiam
2048 2192 2124 2213 ana-

1151 2229 1294 2260 themate
1311 2228 1464 2258 damnare
1480 2227 1566 2268 licet,
1589 2237 1671 2267 quae
1687 2226 1747 2257 hoc
1764 2236 1878 2257 verum
1902 2226 2011 2256 lumen
2036 2235 2124 2266 pror-

1151 2282 1207 2303 sus
1229 2272 1386 2303 obscurat.

1237 2315 1265 2346 9.
1293 2314 1354 2354 Qui
1369 2313 1444 2344 dicit
1458 2323 1489 2344 se
1504 2313 1539 2344 in
1560 2313 1634 2344 luce.
1671 2312 1884 2352 Prosequitur
1906 2321 1997 2341 suam
2023 2316 2125 2342 meta-

1151 2358 1298 2398 phoram.
1344 2356 1439 2387 Dixit
1469 2356 1635 2387 caritatem
1665 2355 1793 2386 unicam
1823 2364 1892 2385 esse
1916 2354 2062 2394 regulam
2087 2353 2126 2384 ad

1151 2410 1247 2441 quam
1271 2399 1430 2440 exigenda
1453 2400 1494 2430 sit
1517 2399 1600 2430 vita:
1632 2398 1713 2429 dixit
1741 2397 1825 2428 hanc
1849 2396 1951 2436 legem
1977 2397 2067 2428 nobis
2090 2397 2125 2427 in

1151 2443 1318 2483 evangelio
1341 2442 1533 2482 praescribi:
1560 2441 1640 2472 dixit
1661 2445 1823 2481 postremo
1846 2439 1912 2470 illic
1934 2449 2004 2470 esse
2028 2440 2124 2480 quasi

1151 2486 1363 2531 meridianam
1397 2484 1511 2523 lucem,
1542 2494 1625 2524 quae
1649 2483 1756 2514 oculos
1780 2486 1905 2513 nostros
1929 2482 2049 2513 intuitu
2074 2482 2125 2513 sui

1150 2530 1290 2560 retinere
1314 2528 1417 2559 debet.
1464 2527 1558 2559 Nunc
1587 2537 1626 2557 ex
1651 2526 1785 2557 adverso
1808 2525 1941 2565 colligit,
1965 2525 2126 2557 caecutire

1150 2582 1260 2603 omnes
1291 2581 1327 2602 ac
1356 2571 1389 2601 in
1422 2570 1563 2601 tenebris
1592 2579 1700 2601 errare
1731 2570 1783 2609 qui
1817 2579 1835 2599 a
1864 2568 1998 2599 caritate
2026 2568 2123 2598 alieni

1151 2620 1234 2646 sunt.
1281 2613 1376 2653 Quod
1402 2618 1508 2644 autem
1533 2613 1622 2653 prius
1646 2621 1787 2642 amorem
1808 2611 1868 2642 Dei
1893 2612 2011 2651 posuit,
2035 2620 2122 2641 nune

1150 2659 1297 2695 fratrum,
1334 2656 1434 2687 nihilo
1467 2656 1538 2696 plus
1562 2662 1611 2686 est
1635 2655 1871 2696 repugnantiae
1907 2664 2003 2694 quam
2039 2654 2124 2684 inter
