2513 3126
139 189 198 221 145

139 287 196 317 bus
214 286 354 317 emineat
370 296 446 326 prae
463 286 534 318 aliis
558 287 744 318 virtutibus.
777 286 899 318 Verum
924 287 975 318 hic
997 287 1108 327 quaeri

138 334 244 369 potest
274 338 330 360 cur
360 328 421 359 fide
451 329 590 370 intelligi
621 335 746 362 asserat
769 330 933 370 apostolus
956 329 1038 369 quod
1062 330 1108 360 in-

138 372 249 403 fideles
282 371 344 412 ipsi
378 378 583 412 cognoscunt.
635 373 719 404 Nam
750 373 865 413 impios
894 372 990 404 etiam
1020 372 1108 412 cogit

137 414 217 446 coeli
234 423 271 446 ac
286 418 392 445 terrae
407 414 587 455 adspectus,
611 418 647 446 ut
665 416 811 456 opificem
835 415 973 455 aliquem
996 424 1107 455 agnos-

137 461 222 489 cant.
258 456 367 496 Atque
391 457 467 489 hinc
490 458 612 489 Paulus
636 469 705 490 reos
728 458 972 499 ingratitudinis
995 467 1107 488 omnes

136 500 279 540 peragit:
303 500 377 540 quia
402 505 570 541 postquam
587 501 694 532 Deum
717 499 939 542 cognoverint,
964 499 1105 531 debitum

136 543 184 573 illi
214 542 370 574 honorem
400 553 464 574 non
496 544 639 575 tribuant
661 543 770 585 (Rom.
792 543 820 582 1,
843 542 908 583 21).
953 542 997 572 Et
1020 546 1106 573 certe

136 595 200 616 non
220 586 264 616 ita
286 596 412 626 semper
432 587 590 627 viguisset
613 587 699 617 inter
727 595 838 616 omnes
870 584 1004 624 populos
1035 583 1107 614 reli-

135 629 196 669 gio,
228 628 287 659 nisi
320 628 380 660 hac
411 629 619 667 persuasione
648 632 820 667 occupatae
842 627 981 658 fuissent
1004 626 1105 657 homi-

135 682 212 702 nnm
238 674 370 709 mentes,
396 671 502 702 Deum
526 682 594 703 esse
617 670 731 702 mundi
753 669 963 701 conditorem.
1009 669 1105 700 Vide-

135 720 186 744 tur
218 714 324 754 itaque
354 718 447 744 extra
469 714 564 745 fidem
589 713 694 745 locum
719 712 837 744 habere
861 712 940 743 haec
963 712 1105 752 cognitio

134 767 231 797 quam
264 756 426 797 apostolus
457 757 488 787 in
517 755 581 786 fide
611 755 759 787 includit.
808 754 1013 795 Responden,
1047 755 1104 785 ali-

134 810 230 840 quam
247 808 373 839 semper
389 798 485 830 fuisse
501 798 657 829 eiusmodi
677 798 862 838 opinionem
884 798 969 829 inter
991 800 1106 838 gentes

134 842 218 883 quod
247 841 386 873 mundus
415 852 434 872 a
457 842 527 872 Deo
549 843 635 872 esset
658 841 816 878 conditus,
846 840 902 872 sed
923 840 1104 872 evanidam.

134 886 239 918 Simul
263 884 348 916 enim
373 894 408 916 ac
433 883 539 915 Deum
563 883 700 924 aliquem
725 884 896 924 imaginati
920 889 1006 923 sunt,
1030 894 1104 914 mox

134 931 330 960 evanescunt
361 927 393 958 in
425 927 491 958 suis
521 926 782 967 cogitationibus,
812 931 849 957 ut
880 926 1026 958 umbram
1056 927 1104 957 in-

134 971 213 1002 certi
230 970 371 1001 numinis
389 970 522 1010 palpent
537 970 570 1000 in
588 969 730 1001 tenebris
746 969 862 1009 potius,
879 979 975 1009 quam
990 979 1104 1000 verum

131 1013 237 1044 Deum
269 1018 408 1044 teneant.
454 1013 626 1044 Praeterea
658 1022 760 1052 quum
790 1013 878 1043 fluxa
908 1014 1037 1043 tantum
1062 1012 1105 1044 sit

131 1056 238 1096 opinio
255 1056 386 1096 quaein
407 1065 517 1087 eorum
541 1055 705 1086 mentibus
722 1055 846 1093 volitat,
869 1055 980 1095 procul
1005 1055 1104 1087 distat

131 1099 169 1130 ab
193 1099 418 1140 intelligentia.
464 1097 557 1129 Adde
585 1098 669 1139 quod
692 1098 725 1128 in
750 1098 870 1129 mundo
893 1098 1104 1139 gubernando

131 1152 269 1182 regnum
290 1143 439 1173 fortunae
463 1141 643 1181 assignant:
677 1141 903 1181 providentiae
925 1140 997 1179 Dei,
1021 1151 1104 1181 qnae

131 1185 198 1216 sola
221 1192 269 1216 est
292 1184 500 1222 moderatrix,
532 1184 623 1215 nulla
650 1185 780 1215 mentio.
828 1184 1020 1215 Caecutiunt
1043 1186 1104 1216 ita-

131 1238 191 1267 que
223 1228 389 1259 hominum
418 1233 541 1258 mentes
564 1228 604 1258 ad
629 1228 712 1258 hanc
735 1231 871 1258 naturae
894 1227 998 1258 lucem
1023 1238 1104 1268 quae

131 1271 164 1301 in
196 1271 353 1302 creaturis
385 1270 534 1301 omnibus
565 1270 714 1310 refulget,
749 1269 850 1300 donec
880 1270 1054 1301 irradiatae
1086 1281 1105 1301 a

131 1313 246 1353 spiritu
273 1312 336 1344 Dei
371 1313 433 1344 fide
463 1312 644 1352 intelligere
685 1313 843 1352 incipiant
871 1313 955 1352 quod
985 1313 1104 1353 alioqui

130 1366 298 1396 nunquam
321 1362 484 1396 caperent.
526 1356 637 1394 Quare
661 1355 828 1388 verissime
852 1355 1026 1396 apostolus,
1050 1356 1104 1396 qui

129 1399 226 1430 talem
250 1399 324 1430 fidei
348 1399 596 1439 intelligentiam
620 1399 789 1431 adscribit:
814 1409 888 1429 nam
905 1398 1016 1430 fideles
1039 1409 1105 1430 non

129 1450 258 1473 tantum
287 1442 403 1473 leviter
433 1442 610 1482 opinantur
633 1443 739 1474 Deum
772 1452 841 1473 esse
865 1442 976 1473 mundi
1001 1441 1104 1474 archi—

129 1490 266 1522 tectum,
300 1486 355 1516 sed
384 1485 631 1524 persuasionem
662 1485 791 1525 penitus
821 1485 938 1516 animis
967 1485 1103 1516 infixam

129 1527 260 1567 habent,
288 1538 325 1559 ac
349 1538 461 1559 verum
483 1528 589 1559 Deum
613 1529 794 1559 intuentur.
841 1527 968 1559 Deinde
991 1533 1102 1568 poten-

129 1571 207 1601 tiam
242 1570 350 1602 verbis
383 1571 452 1602 eius
487 1571 745 1611 apprehendunt,
781 1580 847 1601 non
881 1581 963 1610 quae
995 1581 1029 1602 se
1062 1570 1103 1602 ad

128 1619 328 1644 momentum
353 1613 387 1644 in
410 1614 549 1645 creando
571 1614 693 1645 mundo
717 1613 904 1651 ostenderit,
936 1613 991 1645 sed
1019 1622 1103 1654 quae

129 1662 286 1696 perpetuo
327 1657 361 1687 in
396 1657 463 1688 eius
496 1657 743 1689 conservatione
776 1667 811 1688 se
845 1657 999 1697 proferat:
1043 1668 1102 1689 nec

127 1700 293 1738 potentiae
317 1699 411 1731 modo
434 1710 565 1731 sensum
588 1700 785 1740 concipiunt,
816 1700 871 1731 sed
895 1699 1048 1731 bonitatis
1071 1704 1102 1731 et

127 1741 302 1782 sapientiae
325 1746 356 1773 et
379 1743 566 1782 aequitatis:
596 1742 682 1774 unde
705 1743 745 1774 ad
769 1742 831 1774 Dei
854 1742 988 1781 cultum,
1018 1752 1102 1774 amo·

127 1794 203 1822 rem,
227 1794 264 1816 ac
287 1786 503 1817 reverentiam
526 1786 716 1818 incitantur.

220 1827 258 1859 Ut
288 1838 349 1860 mm
377 1830 605 1868 apparentium.
652 1829 690 1860 In
714 1829 775 1860 hoc
798 1829 943 1861 membro
966 1829 1101 1861 halluci-

128 1870 195 1900 nati
226 1874 312 1910 sunt,
347 1881 419 1902 meo
450 1871 583 1910 iudicio,
615 1882 727 1903 omnes
757 1872 961 1912 interpretes.
1015 1872 1102 1904 Hinc

129 1915 238 1946 autem
261 1917 355 1945 natus
379 1920 427 1946 est
461 1925 550 1946 error
573 1915 659 1955 quod
682 1914 954 1956 praepositionem
987 1915 1026 1946 ἐκ
1054 1926 1101 1946 se-

128 1959 246 1996 parant
275 1966 294 1987 a
322 1958 487 1998 participio
516 1957 724 1999 φαινομένων.
770 1958 821 1989 Ita
843 1962 1022 1998 exponunt,
1056 1958 1103 1990 Ut

128 1999 244 2030 fierent
266 1999 406 2030 visibilia
427 2010 469 2032 ex
492 2011 556 2032 non
578 2000 820 2042 apparentibus.
858 2001 960 2042 Atqui
989 2011 1030 2032 ex
1049 2001 1101 2032 his

129 2041 235 2072 verbis
270 2042 325 2073 vix
358 2042 446 2074 ullus
480 2054 596 2076 sensus
631 2044 701 2076 elici
732 2046 856 2085 potest:
891 2044 1006 2075 saltem
1038 2044 1101 2075 nisi

130 2083 223 2115 valde
247 2084 383 2116 ieiunus.
428 2085 555 2118 Deinde
577 2087 732 2118 orationis
753 2089 928 2119 contextus
951 2087 1012 2118 hoc
1035 2097 1100 2118 non

128 2127 259 2167 patitur.
311 2127 491 2159 Dicendum
522 2131 607 2160 enim
638 2133 717 2170 erat,
751 2130 789 2161 ἐκ
820 2131 862 2171 μὴ
893 2129 1099 2172 φαινομένων.

128 2169 204 2201 Alia
244 2173 352 2201 autem
390 2171 476 2211 apud
517 2172 695 2212 apostolum
737 2177 787 2204 est
827 2173 935 2204 series.
990 2173 1101 2213 Quare

128 2213 239 2250 aliter,
280 2213 305 2244 si
341 2214 412 2254 quis
447 2214 580 2245 verbum
616 2225 632 2246 e
665 2215 764 2246 verbo
798 2217 974 2248 transferre
1008 2216 1099 2254 velit,

127 2265 191 2287 non
208 2260 315 2296 potest
331 2255 390 2288 hoc
415 2257 596 2288 membrum
620 2258 739 2298 exponi
762 2268 857 2298 quam
882 2260 943 2291 sic:
969 2259 1013 2291 Ut
1036 2270 1099 2290 non

128 2299 355 2339 apparentium
392 2300 506 2331 fierent
540 2301 625 2338 visa,
660 2300 720 2332 hoc
751 2308 800 2332 est
829 2302 1028 2341 spectacula:
1063 2307 1101 2333 ut

128 2342 322 2382 praepositio
345 2342 382 2373 ἐκ
406 2343 447 2373 sit
471 2343 644 2383 composita
668 2353 741 2374 cum
767 2344 942 2383 participio.
989 2344 1101 2376 Conti-

128 2389 209 2415 nent
225 2394 319 2424 porro
336 2384 416 2417 haec
439 2386 538 2417 verba
561 2386 714 2426 optimam
741 2386 934 2418 doctrinam:
959 2387 1042 2427 quod
1066 2388 1097 2419 in

129 2426 189 2458 hoc
219 2427 338 2459 mundo
375 2429 579 2469 conspicuam
613 2428 790 2460 habeamus
819 2429 882 2460 Dei
913 2430 1099 2471 imaginem.

129 2469 282 2510 Adeoque
298 2471 381 2502 idem
405 2471 465 2503 hoc
490 2471 558 2503 loco
582 2472 674 2503 docet
696 2472 858 2511 apostolus
882 2478 991 2505 noster
1014 2474 1099 2513 quod

128 2511 250 2544 Paulus
281 2513 320 2544 ad
344 2514 509 2546 Romanos
532 2516 636 2555 capite
661 2515 688 2553 1,
720 2514 770 2555 20,
805 2525 901 2555 quum
930 2515 1027 2547 tradit
1050 2516 1098 2547 in-

130 2555 269 2586 visibilia
303 2555 364 2587 Dei
406 2558 496 2589 nobis
531 2559 674 2598 patefieri
708 2568 748 2588 ex
782 2558 894 2589 mundi
928 2559 1099 2599 creatione,

129 2597 204 2628 dum
235 2599 267 2629 in
299 2599 447 2639 operibus
477 2606 662 2632 cernuntur.
713 2602 875 2633 Aeternae
905 2602 991 2633 enim
1022 2612 1099 2634 suae

129 2640 317 2680 sapientiae,
363 2642 510 2681 bonitati,
557 2644 721 2685 potentiae
762 2643 853 2676 Deus
894 2644 1097 2676 luculentum

222 2701 332 2728 Calvini
348 2709 441 2735 opera.
473 2702 533 2729 Vol.
549 2703 612 2731 LV.

1012 190 1162 223 CAPUT
1185 191 1249 223 XI.

2074 201 2132 230 1445

1163 288 1381 319 testimoninm
1413 289 1517 321 reddit
1546 290 1578 322 in
1610 294 1676 322 tota
1700 292 1812 323 mundi
1836 293 2065 326 architectura:
2101 303 2130 327 et

1162 340 1262 370 quum
1297 332 1331 362 in
1362 341 1395 362 se
1425 333 1465 363 sit
1496 332 1676 371 invisibilis,
1711 335 1802 367 nobis
1831 336 2066 376 quodammodo
2097 339 2130 369 in

1161 374 1228 404 suis
1265 373 1414 414 operibus
1448 380 1591 416 apparet.
1648 376 1757 416 Quare
1791 378 1957 420 eleganter
1990 381 2131 412 mundus

1162 415 1342 448 divinitatis
1371 419 1537 458 speculum
1560 419 1759 451 nominatur:
1792 432 1853 452 non
1878 422 1960 463 qnod
1985 423 2066 454 satis
2089 425 2130 456 sit

1162 457 1346 490 hominibus
1363 461 1579 501 perspicaciae
1593 462 1632 494 ad
1649 461 1756 493 Deum
1777 474 1816 494 ex
1841 465 1952 496 mundi
1975 465 2129 506 adspectu

1160 502 1433 540 cognoscendum:
1458 504 1513 535 sed
1537 505 1582 536 ita
1605 516 1639 537 se
1662 505 1769 546 impiis
1793 508 1953 546 patefacit,
1977 510 2014 539 ut
2033 519 2130 541 excu-

1160 543 1286 575 satione
1320 551 1427 577 careat
1461 557 1572 578 eorum
1606 548 1798 589 ignorantia.
1852 549 1982 581 Fideles
2012 556 2130 591 autem,

1160 585 1275 624 quibus
1299 588 1407 619 oculos
1430 589 1517 620 dedit
1541 590 1573 621 in
1597 590 1734 631 singulis
1757 592 1922 631 creaturis,
1947 594 2034 625 velut
2050 596 2129 626 emi-

1160 633 1269 660 cantes
1309 630 1430 670 gloriae
1470 633 1538 664 cius
1572 633 1729 665 scintillas
1762 639 1908 666 cernunt.
1965 636 2061 668 Certe
2096 638 2128 668 in

1159 669 1246 702 hunc
1274 672 1371 703 finem
1402 674 1550 707 conditus
1581 680 1628 708 est
1655 676 1805 717 mundus,
1836 681 1872 708 ut
1894 683 1979 709 esset
2002 678 2130 712 divinae

1159 712 1280 753 gloriae
1303 715 1477 748 theatrum.
2091 731 2094 735 ’

1244 756 1274 787 4.
1299 756 1378 788 Fide
1401 759 1487 791 Abel.
1533 761 1673 793 Posthac
1704 762 1889 802 disputabit,
1922 773 2130 804 quaecunque

1158 809 1301 839 unquam
1333 801 1452 831 eximia.
1483 802 1613 834 fuerunt
1642 809 1825 836 sanctorum
1850 816 1957 846 opera,
1991 807 2128 846 pretium

1158 852 1264 881 suum,
1295 841 1494 881 dignitatern,
1525 850 1557 875 et
1580 846 1731 887 quidquid
1756 847 1938 879 habuerunt
1962 854 2129 889 praestan-

1159 884 1231 922 tiae,
1267 895 1285 915 a
1319 884 1381 915 fide
1416 889 1566 917 mutuata
1599 899 1677 920 esse.
1724 890 1818 922 Unde
1844 892 2013 923 conficitur
2046 893 2130 932 quod

1158 927 1222 958 iam
1259 928 1348 967 prius
1379 928 1477 969 dixit,
1512 933 1621 969 patres
1657 932 1723 963 sola
1761 933 1824 964 fide
1857 934 2015 974 placuisse
2051 936 2129 967 Deo.

1158 970 1262 1002 Porro
1279 970 1398 1010 duplici
1416 972 1546 1003 nomine
1562 973 1658 1004 fidem
1684 975 1735 1006 hie
1758 977 1974 1009 commendat:
1998 984 2130 1018 propter

1157 1013 1373 1044 obedientiam
1405 1015 1536 1051 scilicet,
1572 1016 1647 1056 quia
1681 1017 1761 1048 nihil
1786 1019 1847 1050 nisi
1870 1030 1910 1050 ex
1934 1021 2129 1061 praescripto

1159 1056 1250 1087 verbi
1272 1057 1332 1087 Dei
1357 1057 1547 1097 aggreditur
1570 1062 1626 1089 aut
1649 1061 1796 1100 suscipit:
1828 1062 1943 1093 deinde
1973 1063 2047 1103 quia
2071 1063 2130 1095 Dei

1158 1099 1426 1139 promissionibus
1442 1101 1565 1140 innixa,
1590 1103 1730 1141 pretium
1754 1113 1789 1135 ac
1813 1103 2003 1144 dignitatem
2026 1107 2130 1147 operi-

1158 1143 1218 1173 bus
1247 1153 1286 1173 ex
1318 1152 1406 1173 mera
1430 1143 1493 1174 Dei
1522 1145 1627 1184 gratia
1656 1146 1814 1177 conciliat.
1860 1147 1911 1178 Ita
1934 1149 2056 1187 quoties
2079 1149 2128 1181 in-

1158 1185 1337 1216 culcabitur
1371 1185 1432 1217 hoc
1466 1187 1571 1227 capite
1605 1187 1679 1218 fidei
1713 1199 1845 1228 nomen,
1885 1191 2129 1224 meminerimus

1158 1228 1337 1267 apostolum
1370 1228 1430 1260 hoc
1460 1239 1557 1270 agere
1586 1234 1621 1261 ut
1648 1230 1760 1263 Iudaei
1784 1242 1847 1263 non
1870 1232 1965 1264 aliam
1990 1233 2130 1266 habeant

1157 1270 1232 1302 fidei
1257 1270 1401 1312 regulam
1426 1282 1524 1312 quam
1552 1272 1615 1303 Dei
1639 1273 1791 1305 verbum:
1816 1275 1931 1307 deinde
1954 1278 1990 1307 ut
2013 1286 2030 1307 a
2053 1277 2129 1309 solis

1158 1314 1227 1345 eius
1251 1314 1520 1354 promissionibus
1545 1315 1716 1356 pendeant.
1752 1317 1916 1358 Principio
1941 1319 2018 1351 dicit
2040 1320 2128 1352 hos·

1159 1357 1257 1387 tiam
1281 1357 1382 1388 Abel
1410 1367 1475 1389 non
1499 1357 1562 1389 alia
1584 1359 1709 1391 ratione
1732 1361 1889 1400 potiorem
1913 1361 2010 1393 fuisse
2034 1372 2129 1402 quam

1157 1399 1279 1441 fratris,
1314 1400 1374 1430 nisi
1406 1401 1491 1440 quod
1524 1401 1585 1433 fide
1609 1403 1810 1435 sanctificata
1832 1404 1911 1434 fuit:
1945 1415 2021 1436 nam
2045 1411 2129 1437 certe

1158 1442 1257 1483 adeps
1281 1443 1450 1474 brutorum
1474 1444 1663 1476 animalium
1692 1457 1756 1477 non
1780 1446 1825 1477 ita
1848 1447 1992 1478 suaviter
2015 1448 2129 1485 olebat,

1156 1488 1193 1517 ut
1216 1486 1312 1517 odore
1342 1496 1400 1517 suo
1425 1486 1554 1527 placare
1578 1487 1684 1520 Deum
1706 1490 1857 1529 potuerit.
1903 1490 1947 1521 Et
1970 1491 2130 1531 scriptura

1157 1528 1249 1560 facile
1278 1529 1420 1560 ostendit
1448 1540 1506 1561 cur
1528 1530 1619 1562 Deus
1648 1537 1758 1572 gratas
1786 1532 1936 1564 habuerit
1964 1534 2032 1565 eius
2056 1534 2128 1565 hos-

1156 1572 1227 1602 tias.
1271 1571 1382 1603 Verba
1411 1573 1499 1604 enim
1529 1573 1631 1605 Mosis
1660 1579 1753 1606 sunt:
1787 1575 1946 1616 Respexit
1968 1576 2059 1608 Deus
2089 1577 2129 1607 ad

1155 1614 1238 1646 Abel
1280 1616 1313 1645 et
1352 1615 1392 1646 ad
1430 1626 1566 1647 munera
1604 1618 1680 1649 eius.
1739 1618 1791 1649 Ex
1829 1619 1943 1659 quibus
1979 1619 2129 1661 colligere

1156 1662 1343 1698 promptum
1368 1661 1425 1696 est,
1449 1658 1522 1690 ideo
1546 1659 1704 1700 placuisse
1728 1662 1796 1692 eius
1820 1661 1942 1693 hostias
1965 1662 2038 1702 quia
2060 1663 2128 1703 ipse

1156 1701 1318 1741 gratiosus
1348 1708 1432 1732 esset
1454 1701 1534 1733 Deo.
1580 1703 1676 1734 Unde
1708 1714 1803 1744 porro
1833 1704 1889 1736 illa
1919 1705 2032 1746 gratia,
2067 1706 2128 1737 nisi

1155 1743 1241 1784 quod
1265 1743 1378 1774 habuit
1400 1754 1455 1776 cor
1477 1745 1539 1776 fide
1562 1748 1759 1787 purgatum?

1244 1786 1465 1818 Testimonium
1497 1788 1681 1828 perhibente.
1735 1789 1915 1821 Confirmat
1948 1790 2030 1831 quod
2064 1791 2128 1822 iam

1155 1829 1233 1869 dixi,
1268 1829 1357 1860 nulla
1386 1839 1405 1861 a
1435 1831 1528 1863 nobis
1559 1833 1715 1872 proficisci
1744 1843 1841 1873 opera
1863 1843 1943 1873 quae
1966 1833 2036 1864 Deo
2059 1833 2126 1874 pla-

1154 1876 1258 1909 ceant,
1282 1873 1383 1904 donec
1406 1873 1467 1913 ipsi
1491 1874 1524 1905 in
1548 1875 1687 1915 gratiam
1708 1877 1828 1917 recepti
1851 1877 1961 1907 simus.
1992 1876 2055 1907 Vel
2078 1876 2128 1918 (ut

1156 1915 1286 1947 brevius
1325 1915 1451 1958 loquar)
1492 1917 1581 1948 nulla
1620 1919 1746 1950 censeri
1787 1929 1894 1950 coram
1933 1918 2004 1950 Deo
2041 1920 2127 1950 insta

1153 1968 1250 1999 opera
1273 1958 1335 1990 nisi
1354 1959 1432 1990 iusti
1450 1959 1602 1992 hominis.
1633 1961 1690 1993 Sic
1712 1962 1799 1993 enim
1822 1962 2013 2003 rationetur,
2038 1963 2127 1994 Deus

1154 2002 1376 2032 testimonium
1392 2003 1583 2035 muneribus
1599 2004 1682 2035 Abel
1705 2004 1858 2036 reddidit:
1883 2015 1961 2046 ergo
1984 2005 2127 2037 iustitiae

1154 2044 1280 2075 laudem
1312 2054 1418 2076 coram
1449 2045 1520 2077 Deo
1551 2047 1683 2079 obtinet.
1736 2047 1833 2079 Utilis
1863 2050 1913 2079 est
1942 2048 2022 2080 haec
2053 2048 2125 2080 doc-

1154 2088 1250 2127 trina,
1284 2092 1316 2118 et
1345 2097 1382 2118 eo
1413 2088 1601 2129 diligentius
1632 2090 1786 2128 notanda,
1821 2090 1904 2130 quod
1940 2102 2004 2123 non
2036 2091 2125 2123 facile

1153 2130 1245 2162 nobis
1269 2130 1496 2170 persuadetur:
1528 2143 1602 2164 nam
1629 2133 1663 2164 in
1686 2143 1877 2174 quocunque
1898 2144 1994 2174 opere
2017 2134 2124 2174 splen-

1154 2173 1211 2204 dor
1246 2173 1363 2213 aliquis
1397 2174 1547 2215 affulget,
1580 2177 1690 2208 statim
1724 2176 1938 2208 admiratione
1971 2178 2124 2218 rapimur,

1153 2226 1211 2248 nec
1241 2220 1390 2256 putamus
1420 2227 1511 2257 posse
1542 2229 1560 2250 a
1589 2218 1661 2250 Deo
1693 2219 1762 2251 iure
1790 2220 1973 2260 improbari.
2025 2219 2125 2261 Atqui

1154 2259 1245 2290 Deus
1276 2259 1330 2298 qui
1361 2260 1521 2291 internam
1547 2266 1674 2293 tantum
1699 2262 1803 2294 cordis
1826 2263 1998 2303 puritatem
2023 2263 2124 2303 respi-

1154 2303 1206 2343 cit,
1237 2311 1302 2333 non
1333 2307 1479 2334 moratur
1508 2309 1660 2336 externas
1688 2315 1818 2346 operam
1846 2305 1964 2337 larvas.
2008 2305 2123 2337 Disca-

1153 2356 1226 2377 mus
1259 2355 1336 2385 ergo
1371 2346 1498 2377 nullum
1534 2357 1552 2378 a
1587 2348 1678 2379 nobis
1713 2348 1840 2388 prodire
1875 2352 1999 2379 rectum
2033 2359 2123 2389 opus,

1154 2388 1253 2420 donec
1276 2388 1440 2420 iustificati
1463 2390 1564 2421 simus
1587 2400 1694 2422 coram
1719 2390 1799 2422 Deo.

1241 2431 1302 2462 Per
1329 2431 1432 2471 ipsam
1460 2435 1608 2465 mortuus.
1653 2433 1725 2464 Hoc
1753 2434 1849 2465 etiam
1878 2433 1954 2464 fidei
1983 2434 2043 2466 fert
2074 2444 2122 2465 ac-

1153 2478 1290 2514 ceptum,
1317 2474 1401 2514 quod
1423 2474 1513 2506 Deus
1537 2476 1667 2507 Abelem
1692 2476 1751 2507 sibi
1775 2486 1871 2507 curae
1894 2487 1963 2508 esse
1987 2480 2122 2508 testatus

1152 2521 1201 2548 est
1232 2528 1296 2548 non
1327 2517 1436 2549 minus
1465 2522 1536 2558 post
1559 2523 1695 2550 mortem
1731 2529 1825 2558 quam
1849 2519 1883 2550 in
1917 2520 1993 2551 vita.
2039 2519 2122 2551 Nam

1152 2570 1251 2600 quum
1293 2559 1370 2591 dicit
1408 2561 1513 2600 ipsum
1549 2561 1704 2592 clamasse
1738 2567 1919 2601 mortuum,
1961 2563 2123 2604 significat

1152 2603 1236 2643 quod
1261 2603 1357 2634 refert
1377 2603 1494 2642 Moses,
1518 2603 1623 2635 Deum
1648 2604 1782 2644 indigna
1805 2605 1874 2637 eius
1897 2610 2002 2637 morte
2026 2605 2123 2637 fuisse

1151 2649 1345 2677 commotum
1377 2650 1413 2676 ut
1444 2646 1619 2678 vindictam
1648 2651 1800 2679 sumeret.
1847 2648 1942 2687 Quod
1971 2659 2047 2690 ergo
2072 2653 2120 2683 vel

1858 2707 1891 2733 10
