2513 3126
289 171 325 201 91
1050 167 1190 198 El‘lsw.
1215 166 1278 198 ΑΙ)
1302 167 1551 201 ΗΕΒΒᾹΕΟᾶ
1786 167 1789 170 ’
2247 176 2289 207 92

291 265 439 305 gruclnit.
488 265 579 296 Unde
609 263 761 301 sequitur,
793 261 1009 292 sacerdotium
1035 261 1140 301 ipsum
1166 260 1263 293 fuisse

292 307 470 338 obnoxium
503 305 704 337 mutuationi.
750 304 956 343 Quamquam
983 310 1015 334 111
1041 308 1152 344 postca
1177 304 1263 335 vide-

291 349 407 385 bimus,
439 360 500 380 11011
525 349 568 378 sic
593 347 649 377 suit
675 346 803 377 carnale
827 346 1041 377 sacerdotium
1065 348 1140 386 quin
1166 347 1261 378 simul

292 393 460 432 spirituale
483 396 584 420 osset:
615 389 670 420 sed
702 390 752 420 1110
784 394 907 419 tantum
940 390 1070 429 respicit
1101 389 1263 429 apostolus

293 434 368 475 quid
393 435 442 464 hic
467 434 629 463 diversum
655 443 673 463 a
689 432 822 464 Christo
845 432 953 462 Aaron
979 431 1138 463 habuerit.
1176 433 1263 473 Ergo

293 482 452 514 utcunque
469 475 646 515 spiritualis
663 482 744 506 esset
764 475 949 505 umbrarum
967 475 1172 515 significatio,
1192 486 1261 506 um-

292 519 367 550 brae
392 525 498 549 tumen
524 518 621 558 ipsae,
647 525 755 558 utpote
775 528 855 557 quac
880 517 975 549 huius
992 517 1104 548 mundi
1122 518 1260 550 elemen-

292 562 332 592 tis
356 566 552 596 constarent,
577 568 724 592 terrenae
748 561 863 591 merito
887 560 1050 591 dicuntur.

378 604 426 634 16.
453 603 627 636 Secundum
646 603 825 643 potentiam.
865 603 950 642 Quia
973 603 1125 634 Christus
1149 614 1260 644 perpe-

290 651 366 677 tuus
391 651 439 678 est
462 647 619 684 sacerdos,
651 647 789 677 discerni
821 646 858 677 ab
885 647 1013 677 Aarone
1037 647 1141 686 ipsum
1171 647 1259 678 insti-

290 690 427 720 tutionis
458 690 523 720 ritu
555 690 702 729 oportuit.
750 689 821 720 Hoc
853 689 972 720 factum
1005 695 1064 728 est,
1093 690 1167 729 quia
1197 700 1259 721 non

289 731 397 764 Moses
421 732 518 763 homo
553 732 696 762 mortalis
720 732 826 771 ipsum
850 732 1059 770 consecravit,
1089 732 1143 762 sed
1168 733 1257 772 spiri-

289 777 343 806 tus
367 782 514 806 sanctus:
539 775 634 813 idque
651 785 714 805 non
731 774 810 811 oleo,
834 784 892 805 nec
912 775 1070 815 sanguine
1088 775 1261 814 hircorum,

289 828 348 849 nec
384 823 519 848 externa
554 817 691 848 vestium
727 828 852 857 pompa.
887 817 941 848 sed
976 818 1104 850 coelesti
1142 818 1260 849 virtute

289 870 385 900 quam
411 860 462 891 1110
486 860 650 900 apostolus
672 860 811 891 infirmis
831 860 999 892 elementis
1022 861 1164 900 opponit.
1205 860 1260 891 Vi-

290 903 403 934 demus
427 914 502 942 ergo
525 908 561 933 ut
585 904 760 934 aeternitas
783 903 953 935 sacerdotii
977 904 1008 934 in
1026 904 1159 935 Christo
1176 913 1260 935 com-

289 945 441 977 mendata
464 946 569 976 fuerit.

377 988 424 1018 17.
463 988 511 1018 Tu
534 989 676 1020 sacerdos
706 989 738 1019 in
762 991 929 1020 aeteruum.
976 989 1013 1019 In
1045 1000 1108 1020 una
1132 993 1259 1020 tantum

289 1041 364 1062 voce
387 1032 611 1070 perpetuitatis
642 1031 702 1062 1100
734 1032 802 1062 1000
826 1032 947 1063 insistit
975 1032 1154 1071 apostolus:
1186 1042 1259 1063 con-

288 1075 393 1104 firmat
418 1074 501 1104 enim
526 1074 612 1114 quod
636 1075 719 1105 dixit
743 1074 781 1105 de
805 1075 892 1106 vita
913 1074 1149 1106 insolubili.
1191 1075 1258 1105 Dif-

288 1116 370 1147 ferre
395 1126 472 1157 crgo
493 1116 658 1148 Christum
684 1128 701 1148 a
726 1121 791 1148 toto
815 1128 933 1158 genere
958 1118 1085 1149 levitico
1109 1118 1260 1155 ostendit,

286 1159 361 1198 quia
393 1160 435 1190 sit
465 1165 592 1191 creatus
619 1161 651 1190 in
685 1166 879 1200 perpetuum
910 1161 1067 1192 sacerdos.
1115 1159 1178 1192 Sed
1210 1160 1262 1192 hic

287 1204 395 1240 posset
418 1202 511 1233 obiici
536 1202 821 1243 (quemadmodum
839 1203 950 1234 Iudaei
976 1204 1070 1234 etiam
1091 1202 1261 1245 obiiciunt)

288 1251 310 1276 D
333 1250 368 1284 Ψ
392 1270 398 1283 ,
427 1255 492 1276 11011
514 1256 643 1285 semper
666 1247 889 1277 aeternitatem
914 1256 1041 1277 sonare:
1074 1245 1130 1277 sed
1154 1246 1261 1287 potius

287 1287 407 1319 saeculi
437 1288 534 1319 unius
565 1289 722 1328 spatium,
752 1296 808 1319 aut
837 1295 925 1320 certe
956 1289 1088 1329 longum
1122 1294 1259 1330 tempus.

287 1330 364 1361 Huc
387 1330 519 1368 accedit,
551 1331 636 1371 quod
660 1342 760 1371 quum
785 1332 892 1363 Moses
916 1331 955 1362 de
979 1332 1142 1363 veteribus
1165 1332 1261 1363 sacri-

287 1372 369 1405 ficiis
392 1373 469 1413 agit,
504 1384 599 1414 saepe
630 1374 690 1406 1130
712 1374 903 1414 loquutione
926 1375 1047 1405 utitur:
1084 1375 1156 1406 Erit
1182 1375 1261 1406 11300

287 1415 470 1447 observatio
495 1416 528 1447 in
552 1418 724 1448 saeculum.
771 1416 974 1457 Respondeo.
1007 1418 1133 1457 quoties
1156 1417 1195 1449 de
1219 1417 1261 1449 le-

287 1458 413 1499 galibus
444 1460 609 1490 sacrificiis
640 1461 676 1491 fit
706 1461 838 1499 mentio,
868 1460 1032 1492 saeculum
1063 1461 1102 1491 ad
1134 1465 1261 1500 tempus

287 1501 368 1542 legis
392 1503 555 1543 restringi.
601 1503 714 1542 Neque
745 1503 776 1533 id
807 1502 982 1534 absurdum
1013 1503 1117 1535 videri
1150 1504 1260 1535 debet:

288 1543 412 1575 Christi
436 1545 523 1576 enim
548 1545 690 1577 adventu
713 1546 796 1577 facta
820 1551 868 1578 est
891 1546 1050 1586 quaedam
1074 1547 1186 1578 mundi
1210 1557 1259 1578 re-

288 1588 432 1618 novatio.
471 1587 607 1627 Quoties
625 1599 700 1630 ergo
725 1588 763 1620 de
787 1589 959 1620 ministerii
983 1590 1034 1620 sui
1057 1595 1143 1621 statu
1159 1589 1261 1630 loqui-

288 1634 343 1660 tur
365 1629 482 1668 Moses,
519 1631 745 1672 longissimum
775 1636 904 1672 tempus
935 1643 1001 1663 non
1025 1632 1171 1663 extendit
1198 1633 1260 1664 nisi

288 1672 328 1703 ad
352 1672 532 1705 Christum.
578 1674 785 1715 Quamquam
816 1675 913 1707 simul
941 1675 1177 1707 observandum
1202 1681 1260 1713 est,

288 1725 352 1746 non
378 1721 444 1747 tam
461 1721 614 1748 externae
637 1718 856 1749 caeremoniae
872 1724 1032 1759 respectu,
1056 1729 1151 1759 quam
1167 1728 1261 1759 prop-

288 1763 337 1788 ter
375 1759 547 1799 mysticam
586 1760 867 1800 significationem,
905 1761 1023 1793 saeculi
1058 1761 1260 1793 durationem

288 1800 424 1832 attribui
452 1802 618 1834 veteribus
647 1803 820 1835 sacrificiis.
865 1803 905 1834 In
936 1805 1121 1844 praesentia
1150 1809 1261 1836 tamen

287 1844 435 1875 sufficere
464 1845 555 1876 nobis
586 1845 680 1877 debet
702 1856 740 1877 ea
770 1847 862 1885 ratio,
894 1857 987 1878 suum
1012 1847 1097 1878 Mosi
1127 1847 1261 1887 eiusque

287 1886 469 1918 ministerio
488 1887 652 1919 saeculum
672 1889 788 1920 fuisse:
812 1890 865 1921 cui
881 1890 978 1921 finem
996 1890 1107 1921 attulit
1122 1900 1260 1931 regnum

287 1928 422 1967 Christi,
447 1930 507 1961 sub
529 1941 591 1971 quo
616 1937 789 1964 renovatus
812 1932 873 1963 fuit
896 1933 1048 1964 mundus.
1089 1933 1184 1964 Nunc
1207 1934 1261 1965 ubi

288 1973 453 2013 consurgit
476 1972 638 2012 Christus,
668 1979 701 2006 et
724 1975 753 2006 ei
776 1974 920 2006 defertur
942 1980 1134 2016 perpetuum
1157 1986 1259 2008 sacer-

289 2013 422 2054 dotium,
458 2016 554 2047 finem
585 2017 618 2047 in
642 2017 712 2049 eius
734 2017 861 2050 saeculo
891 2029 957 2049 non
980 2019 1189 2058 reperiemus,
1223 2021 1261 2050 ut

288 2062 377 2088 certo
402 2060 554 2099 temporis
577 2060 682 2099 spatio
703 2061 872 2092 terminari
891 2065 998 2101 queat.
1038 2061 1090 2093 Ita
1105 2061 1186 2093 nihil
1201 2062 1262 2093 hac

289 2109 368 2132 voce
391 2110 489 2140 quam
513 2103 689 2134 aeternitas
717 2104 856 2145 intelligi
880 2104 991 2136 debet:
1022 2115 1100 2136 nam
1131 2115 1172 2136 ex
1200 2104 1261 2136 1130

289 2143 533 2175 circumstantia
563 2155 692 2186 semper
721 2146 930 2178 iudicandum
961 2151 1010 2178 est
1043 2147 1120 2189 quid
1154 2147 1261 2179 valeat

288 2185 446 2226 particula
468 2175 578 2227 05195.

377 2229 427 2260 18.
450 2230 622 2271 Abroyatio
635 2232 678 2271 fit.
713 2231 875 2270 Quoniam
894 2233 927 2263 in
952 2233 1012 2264 hoc
1027 2233 1156 2265 cardine
1173 2243 1260 2264 1111110

290 2276 440 2303 versatur
463 2273 598 2313 apostoli
621 2274 735 2313 oratio,
766 2274 872 2316 legem
895 2286 961 2307 una
984 2285 1058 2307 cum
1081 2276 1259 2308 sacerdotio

290 2323 446 2346 cessasse:
475 2325 603 2347 causam
628 2317 762 2357 exponit
792 2327 849 2349 cur
872 2318 957 2350 hanc
986 2319 1162 2359 oportuerit
1184 2319 1259 2350 abo·

291 2355 365 2388 leri:
400 2367 517 2399 nempe
551 2359 627 2399 quia
659 2360 790 2392 infirma
823 2365 855 2392 et
887 2361 1012 2393 inutilis
1046 2361 1150 2393 fuerit.
1203 2360 1260 2393 Sic

291 2404 400 2431 autem
423 2400 567 2441 loquitur
589 2403 864 2435 caeremoniarum
882 2409 1041 2445 respectu,
1064 2414 1146 2445 quae
1167 2404 1202 2435 111
1225 2414 1260 2435 00

291 2441 371 2472 1111111
398 2442 563 2475 habebant
592 2445 741 2486 solidum,
771 2456 831 2478 nec
860 2457 918 2487 per
948 2456 982 2478 se
1012 2447 1187 2487 quidquam
1218 2447 1257 2478 ad

291 2484 427 2530 salutem
462 2486 624 2519 valebant.
684 2488 780 2527 Quod
813 2490 899 2520 enim
933 2491 1057 2530 gratiae
1090 2489 1259 2531 promissio

292 2525 355 2557 1llis
378 2532 447 2558 erat
469 2538 607 2569 annexa,
641 2532 726 2571 quod
750 2533 869 2571 passim
899 2536 1036 2564 testatur
1059 2533 1169 2564 Moses
1191 2532 1259 2573 pla-

292 2572 400 2600 catum
424 2570 463 2600 iri
482 2571 588 2603 Deum
612 2573 786 2613 sacrificiis,
809 2579 841 2606 et
864 2576 1029 2615 expiatum
1048 2576 1089 2607 iri
1111 2581 1260 2616 peccata:

292 2610 324 2641 id
349 2612 477 2652 proprie
505 2624 570 2645 non
593 2616 795 2657 competebat
825 2618 999 2656 sacrificiis,
1030 2617 1087 2650 sed
1113 2617 1259 2650 adventi-

1316 264 1396 294 tium
1421 269 1498 295 erat.
1539 263 1620 293 Num
1647 268 1681 294 ut
1705 263 1743 294 ad
1768 264 1936 296 Christum
1962 266 2183 299 referebantur
2207 270 2285 310 figu—

1316 317 1370 337 rae
1397 317 1517 343 omues,
1549 307 1591 336 ita
1622 305 1662 336 ab
1690 316 1728 337 00
1762 308 1996 339 mutuabantur
2031 310 2095 340 vim
2129 321 2218 342 suam
2254 317 2287 343 et·

1316 349 1474 380 effectum.
1522 349 1590 379 lmo
1617 359 1672 387 por
1703 359 1737 381 se
1762 350 1841 381 nihil
1873 353 2030 390 poterant,
2061 352 2113 383 vol
2137 354 2285 394 agebant,

1315 392 1370 422 sed
1397 398 1461 422 tota
1486 392 1532 422 vis
1556 402 1573 421 a
1597 390 1728 423 Christo
1752 403 1815 423 uno
1840 394 2007 433 pendebat.
2055 394 2158 426 Porro
2185 407 2286 437 quum

1317 434 1428 465 ludaei
1454 444 1619 473 perperam
1649 445 1702 465 cas
1726 435 1857 466 Christo
1881 440 2090 476 opponerent,
2121 440 2285 478 apostolus

1316 488 1505 511 sermonem,
1536 487 1647 507 corum
1672 478 1814 517 opinioni
1842 480 2098 518 accommodans,
2133 490 2188 513 eas
2211 492 2287 522 quo-

1316 530 1378 559 que
1407 531 1425 550 a
1448 519 1579 550 Christo
1608 520 1770 552 discernit.
1818 522 1918 562 Atqui
1948 523 2084 554 simulac
2116 530 2286 563 separatae

1315 568 1391 592 sunt
1415 574 1431 592 a
1448 561 1587 600 Christo,
1612 562 1693 593 nihil
1719 563 1782 595 illis
1807 565 1841 595 fit
1861 565 2031 605 reliquum,
2057 573 2183 606 praeter
2201 566 2284 599 hanc

1316 605 1537 635 infirmitatem
1573 604 1612 635 dc
1645 616 1707 645 qua
1741 606 1890 646 loquitur.
1944 608 2094 648 Denique
2128 609 2217 641 nulla
2250 610 2285 641 in

1314 647 1524 678 caeremoniis
1549 648 1711 680 veteribus
1742 651 1923 690 reperietur
1947 651 2079 689 utilitas,
2116 651 2216 683 donec
2244 652 2285 684 ad

1315 691 1481 721 Christum
1507 695 1638 721 ventum
1664 692 1779 723 fuerit:
1809 693 1950 733 adeoque
1980 695 2024 725 010
2050 694 2187 726 Iudaeos
2214 695 2285 727 red-

1316 734 1430 763 debant
1456 734 1608 764 certiores
1640 734 1678 765 de
1702 736 1805 773 gratia
1831 735 1899 774 Doi,
1928 742 1963 767 ut
1991 747 2164 777 suspensos
2187 738 2284 778 quod-

1314 776 1458 806 ammodo
1483 781 1640 807 tenerent.
1687 778 1933 809 Meminerimus
1957 790 2033 820 ergo
2057 781 2204 811 inutilem
2230 791 2284 812 vo-

1314 820 1377 849 cari
1410 818 1513 858 legem
1545 829 1641 859 quum
1666 820 1799 851 Christo
1828 828 2011 863 vacua-est.
2059 823 2129 854 Hoc
2160 834 2286 864 quoque

1314 862 1352 892 ad
1377 863 1654 892 confirmationem
1681 862 1777 894 huius
1801 863 1965 895 doetrinae
1983 865 2066 906 facit,
2091 866 2175 906 quod
2192 869 2286 898 vocat

1314 906 1426 944 prius
1451 905 1695 936 mandatum.
1740 905 1823 936 Nam
1849 906 1960 937 tritum
1985 908 2065 938 illud
2090 918 2126 939 ac
2150 909 2285 950 vulgare

1314 953 1370 987 est,
1409 947 1530 986 priores
1566 947 1652 988 leges
1688 949 1917 988 posterioribus
1956 950 2113 992 abrogari.
2171 952 2285 993 Longe

1314 997 1387 1021 ante
1415 989 1572 1020 Davidem
1598 991 1803 1031 promulgata
1832 991 1882 1022 lox
1908 992 2020 1030 fuerat,
2053 998 2130 1026 tunc
2157 1000 2227 1026 erat
2252 996 2285 1026 in

1314 1044 1371 1064 suo
1396 1043 1495 1072 regno
1519 1043 1617 1073 quum
1644 1034 1832 1065 vaticinium
1864 1035 1949 1066 istud
1975 1036 2132 1075 proferret
2157 1037 2195 1069 de
2219 1048 2286 1069 cre-

1315 1075 1395 1106 ando
1420 1086 1503 1107 novo
1526 1076 1700 1114 sacerdote,
1724 1083 1772 1108 est
1795 1078 1895 1117 igitur
1918 1088 2000 1109 nova
2025 1078 2075 1110 lex
2097 1089 2179 1120 quae
2202 1081 2286 1121 prio-

1314 1129 1380 1149 rem
1405 1119 1561 1158 antiquat.

1400 1161 1449 1192 19.
1476 1161 1570 1193 Nihil
1593 1163 1675 1194 enim
1692 1163 1831 1202 perfecit.
1878 1162 1962 1202 Quia
1985 1164 2083 1204 paulo
2107 1164 2218 1196 durius
2241 1164 2287 1196 lo-

1315 1210 1431 1244 quutus
1456 1210 1525 1235 erat
1549 1205 1588 1236 de
1612 1206 1691 1246 lege,
1717 1217 1803 1237 nunc
1827 1207 2034 1246 asperitatem
2052 1207 2139 1238 illam
2157 1208 2287 1249 mitigat

1315 1254 1345 1278 et
1382 1247 1471 1287 quasi
1510 1248 1653 1289 corrigit.
1713 1248 1870 1280 Concedit
1907 1249 1992 1280 enim
2027 1249 2074 1280 illi
2113 1250 2287 1282 utilitatem

1315 1291 1485 1330 quandam,
1509 1291 1593 1330 quod
1612 1292 1697 1322 viam
1716 1293 2034 1333 praemonstraverit,
2058 1303 2139 1333 quae
2156 1293 2287 1326 tandem

1314 1333 1352 1364 ad
1385 1333 1522 1364 salutem
1554 1334 1692 1366 duceret.
1740 1335 1788 1366 Ea
1819 1340 1926 1366 tamen
1959 1335 2019 1366 fuit
2048 1337 2215 1374 eiusmodi,
2250 1339 2286 1368 ut

1314 1376 1452 1407 multum
1477 1387 1495 1408 a
1518 1377 1714 1416 perfectione
1737 1378 1881 1409 distaret.
1928 1377 1981 1410 Sic
2005 1389 2082 1419 ergo
2114 1389 2287 1420 argumen-

1315 1424 1401 1450 tatur
1417 1419 1593 1459 apostolus:
1618 1420 1671 1451 lex
1687 1420 1851 1453 inchoavit
1867 1421 2043 1452 duntaxat:
2067 1432 2144 1462 ergo
2164 1421 2286 1462 aliquid

1316 1463 1485 1502 perfectius
1508 1464 1599 1503 sequi
1624 1474 1753 1495 necesse
1777 1464 1845 1495 suit.
1880 1464 1993 1504 Neque
2009 1464 2095 1495 enim
2119 1465 2204 1497 filios
2220 1464 2283 1496 Dei

1315 1516 1440 1545 semper
1462 1506 1494 1536 in
1519 1506 1713 1537 rudimentis
1729 1506 1905 1547 puerilibus
1928 1507 2062 1538 haerere
2079 1507 2177 1538 decet.
2220 1507 2286 1539 In-

1315 1548 1631 1592 troductionis¹)
1655 1551 1783 1581 nomine
1806 1550 1970 1590 significat
2000 1550 2163 1590 quandam
2186 1549 2286 1582 fuisse

1315 1592 1347 1621 in
1379 1591 1449 1633 lege
1479 1593 1775 1633 praeparationem:
1809 1599 1845 1623 ut
1873 1593 1982 1633 pueris
2017 1593 2192 1624 traduntur
2225 1593 2286 1625 ele-

1314 1639 1423 1665 menta
1447 1645 1527 1674 quae
1546 1635 1585 1665 ad
1610 1635 1757 1667 altiorem
1774 1636 1953 1667 doctrinam
1977 1635 2040 1666 illis
2060 1635 2175 1667 deinde
2199 1636 2285 1667 viam

1313 1683 1470 1709 sternant.
1519 1677 1580 1709 Sed
1589 1677 1616 1720 2)
1646 1678 1720 1719 quia
1745 1679 1938 1719 praepositio
1960 1678 2011 1710 ἐπὶ
2039 1679 2285 1719 consequentiam

1313 1721 1484 1760 siyiiifiicat,
1514 1721 1569 1752 ubi
1596 1723 1654 1753 uni
1683 1721 1813 1753 alterum
1841 1721 1981 1760 succedit,
2012 1722 2080 1754 ideo
2106 1722 2285 1754 vertendum

1313 1764 1434 1795 censui:
1459 1764 1531 1795 Sed
1553 1765 1733 1796 accessit.
1780 1764 1866 1796 Nam
1888 1765 1978 1804 duas,
2001 1774 2066 1796 meo
2087 1764 2212 1802 iudicio,
2234 1765 2285 1796 in-

1313 1807 1513 1838 troductiones
1529 1807 1635 1846 ponit.-
1659 1807 1799 1847 priorem
1827 1808 1861 1839 iri
1880 1808 1986 1849 fiyura
2010 1807 2217 1848 Melchisedec,
2241 1817 2285 1839 se-

1313 1850 1445 1880 cundam
1467 1850 1502 1881 in
1524 1850 1598 1890 leye,
1629 1861 1708 1890 quae
1725 1851 1882 1890 posterior
1908 1853 2039 1891 tempore
2066 1850 2140 1890 fuit.
2186 1850 2287 1882 Porro

1313 1892 1417 1933 legsis
1448 1894 1571 1924 nomine
1599 1894 1805 1925 sacerdotium
1836 1894 1992 1925 leviticum
2021 1894 2171 1934 designat,
2205 1893 2288 1934 quod

1312 1935 1479 1967 sacerdotio
1502 1936 1702 1968 Melchisedec
1721 1936 1785 1976 fuit
1805 1937 2049 1977 superadditum.
2085 1937 2149 1967 Per
2172 1946 2286 1977 spem

1314 1978 1520 2017 potiorem
1550 1979 1746 2020 intelligitur
1768 1979 1908 2011 conditio
1931 1979 2075 2011 fidelium
2098 1979 2158 2011 sub
2182 1988 2284 2020 regno

1314 2020 1446 2053 Christi.
1494 2021 1557 2053 Sed
1582 2027 1763 2062 respectum
1787 2022 1884 2053 habet
1908 2022 1948 2053 ad
1972 2025 2090 2063 patres,
2112 2022 2169 2062 qui
2191 2030 2284 2063 prae—

1313 2065 1395 2094 senti
1419 2074 1476 2095 suo
1500 2070 1588 2096 statu
1611 2075 1674 2096 non
1698 2070 1849 2106 poterant
1871 2075 1940 2096 esse
1956 2065 2100 2096 contenti
2123 2065 2199 2105 quin
2215 2064 2283 2095 lon-

1313 2107 1384 2146 gius
1405 2107 1617 2147 adspirarent.
1664 2108 1758 2139 Unde
1781 2108 1870 2146 illud,
1902 2108 1997 2139 Multi
2027 2118 2119 2149 reges
2150 2112 2182 2138 et
2211 2116 2282 2147 pro-

1314 2150 1427 2189 phetae
1443 2156 1596 2190 optarunt
1612 2150 1722 2182 videre
1739 2161 1820 2191 quae
1837 2160 1893 2182 vos
1909 2150 2025 2183 videtis
2041 2150 2134 2192 (Luc.
2149 2149 2201 2191 10,
2219 2148 2291 2191 14).>

1314 2192 1401 2233 Ergo
1435 2193 1516 2233 legis
1546 2193 1745 2234 paedagogia
1780 2193 2091 2231 manuducebantur‚
2125 2196 2163 2224 ut
2195 2192 2283 2224 ultra

1313 2236 1492 2267 tenderent.

1397 2277 1459 2310 Per
1481 2288 1574 2319 quam
1596 2280 1894 2320 appropinquamus.
1940 2279 2060 2311 Subest
2081 2278 2177 2310 tacita
2200 2277 2283 2309 anti-

1313 2319 1413 2352 thesis
1436 2321 1522 2353 inter
1546 2332 1603 2353 nos
1626 2329 1657 2353 et
1680 2328 1799 2363 patres.
1844 2322 1916 2354 Hac
1939 2322 2025 2353 enim
2049 2320 2204 2362 dignitate
2227 2330 2281 2351 eos

1313 2363 1546 2405 antecellimus,
1577 2364 1661 2406 quod
1684 2364 1776 2397 Deus
1802 2375 1837 2396 se
1867 2365 1931 2396 iam
1959 2364 2051 2396 nobis
2080 2363 2282 2395 familiariter

1312 2407 1551 2439 communicat:
1582 2418 1681 2448 quum
1705 2408 1833 2439 eminus
1855 2412 1980 2438 tantum
2003 2407 2067 2439 illis
2091 2411 2122 2438 et
2144 2406 2281 2438 obscure

1312 2450 1507 2489 apparuerit.
1553 2450 1598 2481 Et
1627 2454 1676 2481 est
1698 2450 1814 2482 allusio
1841 2449 1881 2481 ad
1913 2449 2051 2481 formam
2080 2447 2282 2482 tabernaculi

1402 2550 1422 2583 ¹)
1441 2551 1700 2579 Subintroductionis
1724 2552 1833 2579 nomine
1856 2551 1896 2586 (id
1913 2553 1985 2579 em‘m
2007 2560 2066 2580 meo
2089 2552 2187 2580 iudicio
2210 2552 2283 2580 valet

1313 2585 1470 2619 compositio
1487 2585 1516 2612 in
1534 2594 1597 2613 voce
1615 2593 1718 2620 graeca.
1755 2587 1943 2621 ἑπεισαγωγή)

1400 2628 1423 2662 ²)
1440 2629 1520 2656 Haec
1535 2629 1593 2656 iam
1610 2629 1641 2656 im
1658 2629 1722 2657 edit.
1739 2638 1765 2658 α.
1784 2630 1860 2657 1551.
