2513 3126
956 583 1296 618 ARGUMENTUM.

218 784 271 817 De
301 783 363 815 hac
394 781 531 824 epistola
563 781 650 823 quod
682 780 758 813 olim
789 782 889 814 fuisse
918 780 1099 813 dubitatum

134 827 232 861 refert
252 825 425 863 Eusebius,
454 824 494 857 ab
524 824 594 857 eius
622 824 762 857 lectione
784 834 843 857 nos
865 829 1013 857 avertere
1035 833 1102 855 non

134 870 237 903 debet.
288 867 373 900 Nam
402 867 432 900 si
459 866 567 899 nudae
596 867 767 899 hominum
796 867 963 899 autoritati
988 871 1102 907 stetur,

133 909 391 953 quandoquidem
413 920 433 942 a
455 910 572 950 quibus
590 914 678 941 mota
693 909 737 942 sit
752 909 832 943 haec
847 909 1004 951 quaestio,
1025 909 1101 941 sub-

132 955 223 995 ticet,
255 963 321 985 non
355 953 428 994 plus
460 952 524 985 illis
557 952 681 985 deferre
710 963 841 985 necesse
871 957 972 993 esset,
1005 961 1102 992 quam

132 995 316 1029 homiuibus
347 995 476 1037 ignotis.
522 995 564 1028 Et
586 999 698 1036 postea
720 995 858 1033 subiicit,
889 996 1009 1036 passim
1032 995 1102 1026 sine

130 1039 352 1072 controversia
382 1039 482 1070 fuisse
508 1042 681 1078 receptam.
725 1038 834 1080 Magis
862 1038 1030 1078 aliquanto
1050 1047 1104 1068 me

131 1088 240 1114 movet
279 1081 366 1122 quod
403 1081 515 1113 scribit
551 1079 788 1122 Hieronymus,
829 1079 986 1122 quosdam
1023 1079 1103 1120 styli

132 1124 321 1156 diversitate
351 1123 506 1156 adductos
535 1123 672 1155 Petrum
695 1128 839 1155 autorem
873 1133 939 1155 non
962 1126 1103 1164 putasse.

132 1166 218 1199 Nam
248 1167 399 1207 quamvis
430 1166 539 1207 aliqua
561 1166 666 1198 notari
689 1166 790 1206 possit
811 1166 972 1198 affinitas:
1001 1165 1104 1197 fateor

133 1216 244 1241 tamen
281 1208 491 1241 manifestum
528 1218 598 1241 esse
635 1208 807 1241 discrimen
841 1207 924 1249 quod
959 1208 1103 1240 diversos

135 1252 309 1293 scriptores
343 1258 469 1293 arguat.
522 1250 609 1284 Sunt
643 1255 675 1283 et
707 1251 788 1283 aliae
818 1250 1000 1292 probabiles
1028 1260 1103 1282 con·

133 1296 276 1328 iecturae
314 1304 353 1326 ex
388 1294 505 1334 quibus
538 1294 691 1335 colligere
725 1293 833 1333 liceat,
869 1293 1004 1326 alterius
1034 1303 1104 1325 esse

134 1337 244 1379 potius
266 1347 362 1377 quam
379 1337 480 1369 Petri.
516 1337 655 1369 Interim
674 1337 820 1368 omnium
836 1347 1002 1373 consensu,
1026 1335 1105 1367 adeo

133 1379 217 1412 nihil
238 1379 338 1412 habet
352 1379 451 1411 Petro
473 1379 654 1421 indignum,
678 1382 715 1411 ut
733 1380 800 1412 vim
823 1380 955 1420 spiritus
977 1383 1104 1419 aposto-

135 1422 188 1455 lici
225 1427 258 1454 et
294 1422 434 1463 gratiam
472 1422 591 1463 ubique
628 1422 798 1463 exprimat.
855 1421 950 1462 Quod
983 1422 1011 1453 si
1045 1431 1104 1462 pro

133 1466 287 1497 canonica
327 1466 495 1505 recipitur,
540 1465 679 1497 Petrum
717 1465 786 1497 eius
826 1470 969 1497 autorem
1010 1464 1104 1496 fateri

133 1511 276 1548 oportet:
302 1507 430 1549 quando
453 1518 516 1540 non
540 1511 669 1540 tantum
690 1517 807 1540 nomen
823 1508 893 1540 eius
909 1508 1101 1548 inscriptum

133 1551 245 1588 habet,
281 1550 338 1582 sed
375 1551 445 1591 ipse
481 1552 577 1583 etiam
617 1554 755 1582 testatur
791 1561 864 1583 cum
898 1549 1032 1583 Christo
1069 1559 1104 1581 se

134 1593 265 1625 vixisse.
310 1593 400 1624 Haec
430 1598 537 1625 autem
568 1594 655 1625 fictio
685 1593 820 1634 indigna
847 1598 932 1625 esset
954 1593 1103 1624 ministro

134 1635 279 1674 Christi,
311 1636 485 1668 obtendere
519 1636 657 1668 alienam
690 1646 871 1676 personam.
919 1635 975 1667 Sic
1006 1636 1105 1676 igitur

133 1678 304 1716 constituo,
334 1679 361 1710 si
393 1678 491 1720 digna
518 1679 582 1710 fide
611 1684 760 1711 censetur
791 1678 934 1720 epistola,
965 1689 984 1710 a
1007 1678 1104 1710 Petro

133 1721 233 1752 fuisse
256 1721 445 1761 profectam:
470 1732 535 1753 non
558 1722 642 1762 quod
666 1732 736 1754 eam
759 1722 924 1762 scripserit
947 1722 1025 1762 ipse,
1048 1720 1104 1752 sed

135 1763 220 1803 quod
243 1774 327 1795 unus
347 1764 465 1804 aliquis
481 1775 521 1795 ex
537 1764 712 1805 discipulis,
735 1765 836 1805 ipsius
852 1764 1005 1796 mandato
1019 1774 1103 1796 com-

134 1805 250 1846 plexus
283 1807 381 1838 fuerit
414 1817 498 1847 quae
527 1813 708 1848 temporum
739 1808 914 1839 necessitas
943 1806 1104 1847 exigebat.

134 1848 218 1880 Nam
242 1855 320 1881 tunc
342 1860 416 1881 eum
439 1850 586 1881 extrema
608 1851 706 1882 fuisse
729 1856 905 1888 senectute,
928 1849 1104 1881 verisimile

134 1896 201 1923 est:
236 1892 331 1923 morti
365 1893 451 1924 enim
487 1903 521 1924 se
550 1893 692 1925 vicinum
722 1903 792 1925 esse
823 1893 910 1924 dicit.
961 1893 1005 1924 Et
1035 1892 1105 1924 fieri

135 1938 240 1975 potest
255 1939 302 1973 ut,
324 1935 451 1975 piorum
468 1940 592 1977 rogatu,
612 1936 673 1967 hoc
688 1946 802 1967 sensus
818 1936 868 1967 sui
884 1936 1104 1967 testimonium

135 1974 197 2008 sub
213 1981 351 2008 mortem
367 1978 552 2019 consignari
568 1989 683 2019 passus
698 1977 803 2017 fuerit,
823 1978 908 2019 quod
924 1988 961 2010 eo
978 1983 1105 2010 mortuo

138 2019 231 2051 bonis
275 2019 444 2052 fulciendis
483 2027 515 2052 et
554 2022 663 2062 impiis
701 2021 916 2062 reprimendis
956 2020 1105 2052 nonnihil

134 2061 269 2093 valeret.
309 2061 407 2094 Certe
430 2073 529 2103 quum
552 2064 586 2094 in
609 2063 759 2096 omnibus
781 2064 934 2105 epistolae
957 2063 1105 2104 partibus

135 2105 270 2144 spiritus
300 2104 424 2137 Christi
456 2106 608 2138 maiestas
638 2117 672 2138 se
703 2112 842 2145 exserat,
873 2117 944 2139 eam
975 2117 1105 2147 prorsus

135 2146 305 2187 repudiare
325 2147 406 2178 mihi
421 2148 535 2188 religio
551 2155 610 2189 est,
629 2154 794 2189 utcunque
822 2150 998 2191 genuinam
1014 2149 1105 2181 Petri

136 2189 271 2230 phrasin
312 2189 363 2222 hic
400 2201 465 2222 non
503 2201 684 2231 agnoscam.
744 2192 917 2224 Caeterum
954 2192 1029 2232 quia
1067 2191 1106 2223 de

135 2237 247 2263 autore
263 2243 327 2264 non
344 2235 483 2270 constat,
499 2244 587 2266 nunc
601 2234 702 2272 Petri,
719 2245 804 2267 nunc
820 2235 957 2276 apostoli
973 2234 1105 2266 nomine

136 2275 316 2314 promiscue
339 2276 389 2307 uti
411 2275 492 2307 mihi
515 2277 714 2316 permittant.
751 2276 822 2308 Iam
839 2278 933 2309 venio
951 2277 990 2309 ad
1010 2287 1106 2317 argu-

138 2322 293 2355 mentum,
324 2318 409 2359 quod
443 2318 586 2350 breviter
622 2324 748 2350 tantum
782 2320 926 2352 indicare
955 2319 1106 2351 sufficiet.

137 2358 202 2390 Hic
233 2370 349 2401 scopus
371 2366 431 2400 est,
461 2366 498 2392 ut
519 2362 574 2401 qui
596 2361 696 2393 semel
718 2367 840 2394 rectam
862 2362 985 2394 Christi
1008 2361 1106 2393 fidem

138 2402 271 2441 professi
302 2408 391 2442 sunt,
421 2404 584 2436 vocationi
607 2414 684 2436 suae
707 2404 746 2436 ad
768 2411 952 2437 extremum
975 2415 1105 2445 respon-

140 2443 246 2492 deant.
291 2445 467 2487 Postquam
498 2457 574 2488 ergo
604 2446 668 2478 Dei
697 2449 836 2488 gratiam
858 2448 1030 2489 magnifice
1053 2458 1106 2479 ex-

139 2486 229 2525 tulit,
258 2489 465 2522 sanctitatem
495 2489 580 2522 vitae
607 2490 672 2522 illis
699 2490 920 2523 commendat:
955 2491 1106 2530 quoniam

1155 779 1247 812 Deus
1277 780 1466 821 plerumque
1496 780 1642 813 fallacem
1673 780 1814 812 nominis
1844 781 1895 813 sui
1918 785 2122 822 praetextum

1157 823 1318 855 horrenda
1351 823 1575 855 excaecatione
1607 823 1641 854 in
1675 823 1853 864 hypocritis
1881 823 1996 863 punire
2025 824 2123 856 solet:

1155 872 1270 898 contra
1292 870 1401 898 autem
1424 865 1511 897 dona
1532 875 1591 897 sua
1613 871 1711 907 auget
1732 866 1772 897 iis
1790 867 1843 907 qui
1860 867 1990 907 pietatis
2005 866 2123 898 doctri-

1157 918 1233 940 nam
1249 918 1327 940 vere
1348 913 1381 940 et
1403 918 1445 939 ex
1467 908 1575 940 animo
1593 908 1734 949 amplexi
1750 914 1837 940 sunt.
1874 908 2034 941 Hortatur
2048 919 2126 950 ergo

1156 957 1193 984 ut
1225 961 1318 983 suam
1348 950 1550 983 vocationem
1584 951 1635 991 pie
1669 950 1807 983 vivendo
1840 951 2029 992 approbent.
2080 951 2126 984 Et

1157 1004 1219 1035 quo
1249 993 1321 1034 plus
1348 993 1467 1025 habeat
1495 992 1646 1034 ponderis
1675 993 1754 1025 haec
1783 993 1969 1032 admonitio,
1998 1005 2033 1026 se
2059 994 2124 1026 iam

1156 1037 1254 1068 morti
1278 1036 1420 1068 vicinum
1443 1035 1579 1068 indicat:
1611 1040 1644 1068 et
1664 1035 1762 1068 simul
1785 1041 1928 1075 excusat,
1957 1047 1991 1069 se
2013 1036 2126 1069 eadem

1156 1079 1229 1111 ideo
1257 1079 1385 1120 saepius
1407 1083 1562 1119 repetere,
1590 1084 1628 1110 ut
1649 1080 1705 1120 qui
1728 1089 1763 1110 se
1785 1086 1913 1112 mortuo
1935 1079 2126 1120 superstites

1156 1123 1191 1154 in
1225 1126 1313 1154 terra
1346 1122 1534 1161 manebunt,
1566 1121 1664 1153 altius
1697 1122 1814 1154 animis
1848 1123 1950 1154 infixa
1985 1121 2126 1154 habeant

1156 1175 1239 1206 quae
1263 1165 1359 1197 vivus
1388 1165 1562 1205 scripserit.
1607 1164 1770 1204 Quoniam
1798 1169 1907 1197 autem
1935 1166 2035 1197 totius
2057 1165 2126 1206 pie·

1158 1209 1235 1240 tatis
1268 1207 1515 1239 fundamentum
1549 1212 1598 1239 cst
1628 1206 1789 1248 evangelii
1819 1207 1996 1248 certitudo,
2029 1217 2126 1248 quam

1158 1250 1293 1282 indubia
1315 1251 1358 1282 sit
1380 1251 1450 1281 eius
1474 1251 1602 1289 veritas,
1631 1251 1770 1291 primum
1794 1260 1834 1282 ex
1857 1261 1894 1282 eo
1917 1249 2127 1289 demonstrat,

1158 1293 1242 1334 quod
1265 1293 1335 1334 ipse
1365 1293 1526 1330 omnium,
1560 1303 1643 1333 quae
1674 1293 1741 1324 illic
1771 1292 1948 1331 habentur,
1978 1293 2126 1325 oculatus

1159 1337 1255 1368 fuerit
1281 1336 1392 1367 testis:
1421 1345 1457 1367 ac
1480 1336 1669 1375 praesertim
1693 1335 1777 1376 quod
1800 1335 1967 1368 Christum
1988 1335 2127 1367 audierit

1159 1389 1176 1410 e
1206 1378 1294 1411 coelo
1324 1378 1528 1418 pronuntiari
1552 1378 1613 1410 Dei
1644 1378 1765 1410 filium:
1795 1378 1911 1410 deinde
1941 1378 2026 1419 quod
2055 1387 2125 1418 pro-

1158 1421 1334 1462 phetarum
1362 1421 1498 1453 oraculis
1521 1421 1612 1453 Deus
1633 1421 1722 1453 illam
1746 1426 1897 1453 testatam
1922 1431 1960 1453 ac
1981 1430 2129 1461 compro-

1158 1464 1266 1496 batam
1301 1474 1370 1496 esse
1402 1463 1550 1496 voluerit.
1601 1463 1709 1496 Simul
1742 1468 1850 1495 tamen
1885 1469 1952 1496 tam
1985 1474 2004 1496 a
2037 1463 2128 1495 falsis

1159 1506 1344 1539 doctoribus
1378 1507 1432 1547 qui
1461 1507 1562 1547 impia
1591 1507 1747 1547 figmenta
1776 1512 1947 1548 spargant,
1982 1516 2079 1547 quam
2108 1517 2127 1538 a

1158 1549 1222 1581 Dei
1238 1549 1513 1589 contemptoribus
1529 1549 1584 1589 qui
1600 1552 1703 1581 totam
1715 1548 1905 1590 religionem
1917 1549 2130 1587 subsannent,

1158 1592 1338 1633 periculum
1366 1592 1488 1624 instare
1517 1591 1691 1633 praedicit:
1722 1602 1786 1632 quo
1813 1592 1925 1624 fideles
1948 1592 1987 1624 ad
2010 1601 2129 1624 caven-

1159 1635 1236 1667 dum
1269 1635 1420 1667 instructi
1450 1635 1517 1667 sint
1545 1646 1583 1667 ae
1606 1635 1732 1667 muniti.
1776 1633 1916 1667 Videtur
1937 1641 2043 1667 autem
2067 1634 2128 1667 hoc

1159 1678 1308 1709 consulto
1331 1677 1447 1717 dicere,
1478 1688 1518 1709 ne
1541 1677 1603 1709 sibi
1625 1677 1838 1718 tranquillum
1861 1680 1894 1710 et
1916 1677 2128 1718 aequabilem,

1158 1727 1255 1761 atque
1286 1721 1325 1752 ab
1355 1721 1442 1752 omni
1474 1721 1649 1753 certamine
1679 1726 1838 1752 remotum
1868 1721 2033 1753 doctrinae
2056 1731 2128 1752 cur-

1158 1774 1233 1795 sum
1261 1764 1321 1795 sub
1350 1773 1451 1804 regno
1483 1763 1605 1795 Christi
1634 1764 1836 1804 promittant.
1881 1763 2006 1801 Postea,
2035 1763 2129 1804 quasi

1158 1806 1192 1837 in
1226 1806 1346 1843 tabula,
1375 1807 1542 1846 ingenium
1566 1817 1735 1847 moresque
1757 1816 1867 1838 eorum
1891 1806 2045 1847 depingit,
2075 1807 2129 1846 qui

1158 1849 1226 1881 suis
1259 1850 1448 1889 corruptelis
1481 1849 1760 1881 christianismum
1795 1849 1994 1890 inquinaturi
2024 1850 2128 1880 erant.

1158 1892 1262 1923 Porro
1300 1891 1479 1932 descriptio,
1517 1902 1612 1933 quam
1652 1893 1869 1933 prosequitur,
1909 1892 1944 1923 in
1984 1897 2128 1923 nostram

1160 1940 1300 1966 aetatem
1324 1935 1464 1966 maxime
1486 1935 1657 1974 competit:
1686 1935 1780 1967 sicuti
1804 1935 1920 1966 melius
1942 1934 2065 1975 patebit
2087 1944 2129 1965 ex

1159 1977 1406 2017 comparatione.
1452 1977 1585 2018 Stylum
1614 1978 1701 2009 enim
1733 1979 1904 2017 praecipue
1931 1977 2063 2018 stringit
2093 1977 2128 2008 in

1158 2020 1353 2052 Lucianicos
1375 2020 1532 2058 homines,
1561 2020 1616 2060 qui
1639 2020 1679 2052 ad
1702 2030 1831 2051 omnem
1854 2020 2031 2060 nequitiam
2053 2029 2127 2060 pro-

1159 2063 1244 2100 iecti,
1274 2063 1440 2103 profanam
1469 2062 1632 2094 licentiam
1660 2063 1699 2095 ad
1731 2062 1794 2094 Dei
1823 2068 2047 2103 contemptum
2076 2063 2127 2093 in-

1160 2106 1301 2137 ducunt:
1336 2106 1399 2137 imo
1434 2116 1524 2146 spem
1559 2107 1686 2137 futurae
1714 2106 1799 2137 vitae
1829 2106 1958 2146 penitus
1988 2105 2128 2137 ludibrio

1159 2148 1297 2180 habent:
1331 2158 1393 2188 qua
1427 2148 1597 2180 hominum
1626 2148 1765 2180 colluvie
1794 2148 1953 2180 mundum
1981 2147 2128 2180 videmus

1160 2191 1279 2231 passim
1303 2191 1398 2222 hodie
1420 2191 1584 2223 refertum.
1624 2191 1753 2222 Fideles
1770 2201 1866 2231 porro
1882 2190 2040 2229 hortatur,
2063 2201 2127 2222 non

1160 2233 1253 2265 modo
1276 2240 1313 2265 ut
1334 2234 1498 2274 suspensis
1521 2235 1698 2274 erectisque
1721 2234 1839 2266 animis
1862 2233 1985 2266 Christi
2008 2233 2126 2264 adven-

1160 2282 1228 2308 tum
1260 2287 1387 2317 semper
1416 2282 1624 2317 exspectent:
1654 2276 1710 2308 sed
1740 2277 1838 2307 etiam
1868 2282 1904 2308 ut
1927 2276 2012 2307 diem
2035 2275 2127 2306 illum

1160 2320 1249 2359 quasi
1273 2325 1476 2359 praesentem
1499 2320 1560 2351 sibi
1583 2325 1657 2351 ante
1681 2319 1788 2350 oculos
1811 2321 1972 2350 statuant:
2001 2318 2128 2349 interea

1160 2372 1238 2394 vero
1275 2373 1310 2394 se
1340 2361 1481 2393 Domino
1518 2362 1701 2403 impollutos
1738 2361 1930 2393 custodiant.
1986 2360 2027 2392 In
2064 2370 2128 2400 qua

1161 2404 1307 2437 doctrina
1322 2404 1461 2436 Paulum
1482 2405 1544 2437 sibi
1567 2406 1641 2436 facit
1663 2404 1785 2436 socium
1807 2414 1844 2436 ac
1859 2404 2126 2444 suffragatorem:

1160 2453 1255 2488 atque
1285 2453 1321 2479 ut
1347 2448 1417 2480 eius
1446 2449 1565 2488 scripta
1595 2448 1635 2479 ab
1664 2447 1835 2487 impiorum
1862 2446 2033 2478 calumniis
2057 2447 2127 2478 vin-

1160 2490 1252 2527 dicet,
1269 2500 1392 2530 omnes,
1408 2491 1463 2531 qui
1478 2491 1540 2523 alio
1552 2491 1621 2531 ipsa
1637 2490 1838 2530 detorquent,
1855 2499 1968 2521 severe
1983 2489 2127 2520 damnat.
