<?xml version="1.0" encoding="UTF-8"?>
<!DOCTYPE html PUBLIC "-//W3C//DTD XHTML 1.0 Transitional//EN"
    "http://www.w3.org/TR/xhtml1/DTD/xhtml1-transitional.dtd">
<html xmlns="http://www.w3.org/1999/xhtml" xml:lang="en" lang="en">
 <head>
  <title>
</title>
<meta http-equiv="Content-Type" content="text/html;charset=utf-8" />
  <meta name='ocr-system' content='tesseract 3.04.00' />
  <meta name='ocr-capabilities' content='ocr_page ocr_carea ocr_par ocr_line ocrx_word'/>
</head>
<body>
  <div class='ocr_page' id='page_1' title='image "./ioanniscalviniop55calv_0092.png"; bbox 0 0 2513 3126; ppageno 0'>
   <div class='ocr_carea' id='block_1_1' title="bbox 307 206 2292 242">
    <p class='ocr_par' dir='ltr' id='par_1_1' title="bbox 307 206 2292 242">
     <span class='ocr_line' id='line_1_1' title="bbox 307 206 2292 242; baseline 0.001 -2"><span class='ocrx_word' id='word_1_1' title='bbox 307 211 360 240; x_wconf 69' lang='lat'><strong>1:31</strong></span> <span class='ocrx_word' id='word_1_2' title='bbox 1047 207 1188 238; x_wconf 52' lang='lat'><strong>121‘15&#39;1&amp;</strong></span> <span class='ocrx_word' id='word_1_3' title='bbox 1215 207 1276 238; x_wconf 87' lang='lat' dir='ltr'><strong>Al)</strong></span> <span class='ocrx_word' id='word_1_4' title='bbox 1301 206 1456 238; x_wconf 79' lang='lat' dir='ltr'><strong>HEBRA</strong></span> <span class='ocrx_word' id='word_1_5' title='bbox 1464 208 1549 239; x_wconf 83' lang='lat' dir='ltr'><strong>EOS</strong></span> <span class='ocrx_word' id='word_1_6' title='bbox 2234 212 2292 242; x_wconf 83' lang='lat'><strong>152</strong></span> 
     </span>
    </p>
   </div>
   <div class='ocr_carea' id='block_1_2' title="bbox 302 303 1272 601">
    <p class='ocr_par' dir='ltr' id='par_1_2' title="bbox 302 303 1272 601">
     <span class='ocr_line' id='line_1_2' title="bbox 303 303 1269 348; baseline -0.003 -10"><span class='ocrx_word' id='word_1_7' title='bbox 303 308 489 348; x_wconf 73' lang='lat' dir='ltr'><strong>obsignatae</strong></span> <span class='ocrx_word' id='word_1_8' title='bbox 513 317 548 336; x_wconf 81' lang='lat' dir='ltr'><strong>uc</strong></span> <span class='ocrx_word' id='word_1_9' title='bbox 573 313 660 335; x_wconf 75' lang='lat' dir='ltr'><strong>rutae</strong></span> <span class='ocrx_word' id='word_1_10' title='bbox 680 309 756 334; x_wconf 83' lang='lat' dir='ltr'><strong>sunt</strong></span> <span class='ocrx_word' id='word_1_11' title='bbox 775 313 886 334; x_wconf 86' lang='lat' dir='ltr'><strong>omncs</strong></span> <span class='ocrx_word' id='word_1_12' title='bbox 902 303 1014 335; x_wconf 81' lang='lat' dir='ltr'><strong>salutis</strong></span> <span class='ocrx_word' id='word_1_13' title='bbox 1030 303 1269 344; x_wconf 77' lang='lat' dir='ltr'>promissiones.</span> 
     </span>
     <span class='ocr_line' id='line_1_3' title="bbox 303 346 1270 390; baseline -0.003 -11"><span class='ocrx_word' id='word_1_14' title='bbox 303 350 413 390; x_wconf 74' lang='lat' dir='ltr'><strong>Neque</strong></span> <span class='ocrx_word' id='word_1_15' title='bbox 438 355 543 379; x_wconf 72' lang='lat' dir='ltr'><strong>tamen</strong></span> <span class='ocrx_word' id='word_1_16' title='bbox 570 347 599 377; x_wconf 88' lang='lat' dir='ltr'><strong>id</strong></span> <span class='ocrx_word' id='word_1_17' title='bbox 623 346 728 377; x_wconf 83' lang='lat' dir='ltr'><strong>obstat</strong></span> <span class='ocrx_word' id='word_1_18' title='bbox 751 346 925 386; x_wconf 68' lang='lat' dir='ltr'><strong>quominus</strong></span> <span class='ocrx_word' id='word_1_19' title='bbox 945 346 1025 377; x_wconf 79' lang='lat' dir='ltr'><strong>tides</strong></span> <span class='ocrx_word' id='word_1_20' title='bbox 1042 346 1150 377; x_wconf 85' lang='lat' dir='ltr'><strong>Deum</strong></span> <span class='ocrx_word' id='word_1_21' title='bbox 1171 346 1270 386; x_wconf 84' lang='lat' dir='ltr'><strong>respi-</strong></span> 
     </span>
     <span class='ocr_line' id='line_1_4' title="bbox 303 388 1270 429; baseline -0.003 -7"><span class='ocrx_word' id='word_1_22' title='bbox 303 394 373 428; x_wconf 77' lang='lat' dir='ltr'><strong>ciat,</strong></span> <span class='ocrx_word' id='word_1_23' title='bbox 405 402 440 422; x_wconf 74' lang='lat' dir='ltr'><strong>:ic</strong></span> <span class='ocrx_word' id='word_1_24' title='bbox 470 395 658 421; x_wconf 75' lang='lat' dir='ltr'><strong>reverenter</strong></span> <span class='ocrx_word' id='word_1_25' title='bbox 687 389 825 429; x_wconf 81' lang='lat' dir='ltr'><strong>excipiat</strong></span> <span class='ocrx_word' id='word_1_26' title='bbox 849 388 1003 428; x_wconf 87' lang='lat' dir='ltr'><strong>quidquid</strong></span> <span class='ocrx_word' id='word_1_27' title='bbox 1027 390 1095 428; x_wconf 85' lang='lat' dir='ltr'><strong>ipse</strong></span> <span class='ocrx_word' id='word_1_28' title='bbox 1119 389 1270 428; x_wconf 89' lang='lat' dir='ltr'><strong>loquitur.</strong></span> 
     </span>
     <span class='ocr_line' id='line_1_5' title="bbox 303 431 1272 472; baseline -0.004 -6"><span class='ocrx_word' id='word_1_29' title='bbox 303 438 370 466; x_wconf 82' lang='lat' dir='ltr'><strong>Aut</strong></span> <span class='ocrx_word' id='word_1_30' title='bbox 400 436 426 465; x_wconf 77' lang='lat' dir='ltr'><strong>si</strong></span> <span class='ocrx_word' id='word_1_31' title='bbox 458 433 587 464; x_wconf 89' lang='lat' dir='ltr'><strong>brevius</strong></span> <span class='ocrx_word' id='word_1_32' title='bbox 617 431 736 463; x_wconf 83' lang='lat' dir='ltr'><strong>habore</strong></span> <span class='ocrx_word' id='word_1_33' title='bbox 766 432 885 469; x_wconf 82' lang='lat' dir='ltr'><strong>mavis,</strong></span> <span class='ocrx_word' id='word_1_34' title='bbox 916 432 1084 472; x_wconf 90' lang='lat' dir='ltr'><strong>proprium</strong></span> <span class='ocrx_word' id='word_1_35' title='bbox 1116 431 1190 462; x_wconf 88' lang='lat' dir='ltr'><strong>fidei</strong></span> <span class='ocrx_word' id='word_1_36' title='bbox 1222 435 1272 463; x_wconf 91' lang='lat' dir='ltr'><strong>est</strong></span> 
     </span>
     <span class='ocr_line' id='line_1_6' title="bbox 303 474 1270 517; baseline -0.002 -9"><span class='ocrx_word' id='word_1_37' title='bbox 303 478 484 517; x_wconf 82' lang='lat' dir='ltr'><strong>loquentem</strong></span> <span class='ocrx_word' id='word_1_38' title='bbox 509 474 620 506; x_wconf 84' lang='lat' dir='ltr'><strong>audire</strong></span> <span class='ocrx_word' id='word_1_39' title='bbox 644 474 760 511; x_wconf 91' lang='lat' dir='ltr'><strong>Deum,</strong></span> <span class='ocrx_word' id='word_1_40' title='bbox 785 479 816 504; x_wconf 81' lang='lat' dir='ltr'><strong>ct</strong></span> <span class='ocrx_word' id='word_1_41' title='bbox 840 475 996 514; x_wconf 88' lang='lat' dir='ltr'><strong>quidquid</strong></span> <span class='ocrx_word' id='word_1_42' title='bbox 1021 485 1059 505; x_wconf 81' lang='lat' dir='ltr'><strong>ex</strong></span> <span class='ocrx_word' id='word_1_43' title='bbox 1084 483 1175 505; x_wconf 84' lang='lat' dir='ltr'><strong>sacro</strong></span> <span class='ocrx_word' id='word_1_44' title='bbox 1201 475 1270 506; x_wconf 88' lang='lat' dir='ltr'><strong>eius</strong></span> 
     </span>
     <span class='ocr_line' id='line_1_7' title="bbox 302 517 1270 558; baseline 0.002 -11"><span class='ocrx_word' id='word_1_45' title='bbox 302 530 355 550; x_wconf 68' lang='lat' dir='ltr'><strong>ore</strong></span> <span class='ocrx_word' id='word_1_46' title='bbox 390 518 512 558; x_wconf 83' lang='lat' dir='ltr'>prodit,</span> <span class='ocrx_word' id='word_1_47' title='bbox 550 518 619 549; x_wconf 88' lang='lat' dir='ltr'><strong>sine</strong></span> <span class='ocrx_word' id='word_1_48' title='bbox 658 517 858 548; x_wconf 80' lang='lat' dir='ltr'><strong>dubitatione</strong></span> <span class='ocrx_word' id='word_1_49' title='bbox 891 517 1049 558; x_wconf 73' lang='lat' dir='ltr'>amplecti.</span> <span class='ocrx_word' id='word_1_50' title='bbox 1106 517 1157 548; x_wconf 86' lang='lat' dir='ltr'><strong>Ita</strong></span> <span class='ocrx_word' id='word_1_51' title='bbox 1191 517 1270 549; x_wconf 88' lang='lat' dir='ltr'><strong>fides</strong></span> 
     </span>
     <span class='ocr_line' id='line_1_8' title="bbox 303 560 1270 601; baseline 0.001 -11"><span class='ocrx_word' id='word_1_52' title='bbox 303 561 479 601; x_wconf 72' lang='lat' dir='ltr'><strong>praeceptis</strong></span> <span class='ocrx_word' id='word_1_53' title='bbox 502 570 538 592; x_wconf 88' lang='lat' dir='ltr'><strong>ac</strong></span> <span class='ocrx_word' id='word_1_54' title='bbox 562 561 667 595; x_wconf 80' lang='lat' dir='ltr'><strong>minis,</strong></span> <span class='ocrx_word' id='word_1_55' title='bbox 699 570 763 590; x_wconf 93' lang='lat' dir='ltr'><strong>non</strong></span> <span class='ocrx_word' id='word_1_56' title='bbox 791 570 882 591; x_wconf 88' lang='lat' dir='ltr'><strong>secus</strong></span> <span class='ocrx_word' id='word_1_57' title='bbox 903 570 939 592; x_wconf 89' lang='lat' dir='ltr'><strong>ac</strong></span> <span class='ocrx_word' id='word_1_58' title='bbox 962 560 1113 600; x_wconf 80' lang='lat' dir='ltr'><strong>gratuitis</strong></span> <span class='ocrx_word' id='word_1_59' title='bbox 1137 560 1270 600; x_wconf 89' lang='lat' dir='ltr'><strong>promis-</strong></span> 
     </span>
    </p>
   </div>
   <div class='ocr_carea' id='block_1_3' title="bbox 301 602 1297 642">
    <p class='ocr_par' dir='ltr' id='par_1_3' title="bbox 301 602 1297 642">
     <span class='ocr_line' id='line_1_9' title="bbox 301 602 1297 642; baseline -0.002 -6"><span class='ocrx_word' id='word_1_60' title='bbox 301 604 456 641; x_wconf 72' lang='lat' dir='ltr'><strong>sionibus,</strong></span> <span class='ocrx_word' id='word_1_61' title='bbox 491 604 667 635; x_wconf 87' lang='lat' dir='ltr'><strong>subiicitur.</strong></span> <span class='ocrx_word' id='word_1_62' title='bbox 721 602 785 634; x_wconf 85' lang='lat' dir='ltr'><strong>Sed</strong></span> <span class='ocrx_word' id='word_1_63' title='bbox 820 603 894 642; x_wconf 90' lang='lat' dir='ltr'><strong>quia</strong></span> <span class='ocrx_word' id='word_1_64' title='bbox 929 613 1022 634; x_wconf 85' lang='lat' dir='ltr'><strong>nemo</strong></span> <span class='ocrx_word' id='word_1_65' title='bbox 1057 612 1198 642; x_wconf 86' lang='lat' dir='ltr'><strong>unquam</strong></span> <span class='ocrx_word' id='word_1_66' title='bbox 1234 603 1297 634; x_wconf 68' lang='lat' dir='ltr'><strong>ut*</strong></span> 
     </span>
    </p>
   </div>
   <div class='ocr_carea' id='block_1_4' title="bbox 293 645 1268 2268">
    <p class='ocr_par' dir='ltr' id='par_1_4' title="bbox 298 645 1268 1106">
     <span class='ocr_line' id='line_1_10' title="bbox 301 645 1267 686; baseline -0.002 -8"><span class='ocrx_word' id='word_1_67' title='bbox 301 648 400 685; x_wconf 79' lang='lat' dir='ltr'><strong>decet,</strong></span> <span class='ocrx_word' id='word_1_68' title='bbox 430 657 467 678; x_wconf 81' lang='lat' dir='ltr'><strong>ac</strong></span> <span class='ocrx_word' id='word_1_69' title='bbox 497 651 653 686; x_wconf 88' lang='lat' dir='ltr'><strong>qnantum</strong></span> <span class='ocrx_word' id='word_1_70' title='bbox 677 646 755 676; x_wconf 86' lang='lat' dir='ltr'><strong>satis</strong></span> <span class='ocrx_word' id='word_1_71' title='bbox 779 649 836 684; x_wconf 84' lang='lat' dir='ltr'><strong>cst,</strong></span> <span class='ocrx_word' id='word_1_72' title='bbox 864 645 925 676; x_wconf 86' lang='lat' dir='ltr'><strong>Dei</strong></span> <span class='ocrx_word' id='word_1_73' title='bbox 950 646 1127 686; x_wconf 79' lang='lat' dir='ltr'><strong>praeceptis</strong></span> <span class='ocrx_word' id='word_1_74' title='bbox 1150 645 1189 677; x_wconf 86' lang='lat' dir='ltr'><strong>ad</strong></span> <span class='ocrx_word' id='word_1_75' title='bbox 1214 655 1267 685; x_wconf 89' lang='lat' dir='ltr'><strong>pa-</strong></span> 
     </span>
     <span class='ocr_line' id='line_1_11' title="bbox 300 688 1267 728; baseline -0.002 -7"><span class='ocrx_word' id='word_1_76' title='bbox 300 690 436 722; x_wconf 89' lang='lat' dir='ltr'><strong>rendum</strong></span> <span class='ocrx_word' id='word_1_77' title='bbox 460 690 606 726; x_wconf 85' lang='lat' dir='ltr'><strong>afficitur,</strong></span> <span class='ocrx_word' id='word_1_78' title='bbox 638 698 696 719; x_wconf 83' lang='lat' dir='ltr'><strong>nec</strong></span> <span class='ocrx_word' id='word_1_79' title='bbox 726 688 824 719; x_wconf 85' lang='lat' dir='ltr'><strong>minis</strong></span> <span class='ocrx_word' id='word_1_80' title='bbox 847 692 1070 720; x_wconf 87' lang='lat' dir='ltr'><strong>commovetur</strong></span> <span class='ocrx_word' id='word_1_81' title='bbox 1093 688 1132 720; x_wconf 85' lang='lat' dir='ltr'><strong>ad</strong></span> <span class='ocrx_word' id='word_1_82' title='bbox 1157 688 1267 728; x_wconf 86' lang='lat' dir='ltr'><strong>depre-</strong></span> 
     </span>
     <span class='ocr_line' id='line_1_12' title="bbox 300 731 1268 772; baseline -0.002 -8"><span class='ocrx_word' id='word_1_83' title='bbox 300 733 435 764; x_wconf 83' lang='lat' dir='ltr'><strong>candam</strong></span> <span class='ocrx_word' id='word_1_84' title='bbox 470 733 539 763; x_wconf 89' lang='lat' dir='ltr'><strong>cius</strong></span> <span class='ocrx_word' id='word_1_85' title='bbox 573 732 667 769; x_wconf 87' lang='lat' dir='ltr'><strong>iram,</strong></span> <span class='ocrx_word' id='word_1_86' title='bbox 702 731 762 762; x_wconf 87' lang='lat' dir='ltr'><strong>nisi</strong></span> <span class='ocrx_word' id='word_1_87' title='bbox 793 731 847 770; x_wconf 92' lang='lat' dir='ltr'><strong>qui</strong></span> <span class='ocrx_word' id='word_1_88' title='bbox 881 731 1005 772; x_wconf 85' lang='lat' dir='ltr'><strong>gratiae</strong></span> <span class='ocrx_word' id='word_1_89' title='bbox 1039 731 1268 771; x_wconf 79' lang='lat' dir='ltr'><strong>promissiones</strong></span> 
     </span>
     <span class='ocr_line' id='line_1_13' title="bbox 300 773 1266 815; baseline -0.002 -8"><span class='ocrx_word' id='word_1_90' title='bbox 300 778 362 807; x_wconf 88' lang='lat' dir='ltr'><strong>iam</strong></span> <span class='ocrx_word' id='word_1_91' title='bbox 387 774 607 815; x_wconf 77' lang='lat' dir='ltr'><strong>apprehendit,</strong></span> <span class='ocrx_word' id='word_1_92' title='bbox 633 779 667 805; x_wconf 88' lang='lat' dir='ltr'><strong>ut</strong></span> <span class='ocrx_word' id='word_1_93' title='bbox 690 773 781 804; x_wconf 91' lang='lat' dir='ltr'><strong>illum</strong></span> <span class='ocrx_word' id='word_1_94' title='bbox 807 774 1000 806; x_wconf 88' lang='lat' dir='ltr'><strong>benevolum</strong></span> <span class='ocrx_word' id='word_1_95' title='bbox 1022 780 1148 814; x_wconf 85' lang='lat' dir='ltr'><strong>patrem</strong></span> <span class='ocrx_word' id='word_1_96' title='bbox 1168 783 1266 815; x_wconf 85' lang='lat' dir='ltr'><strong>agno-</strong></span> 
     </span>
     <span class='ocr_line' id='line_1_14' title="bbox 300 816 1268 857; baseline -0.001 -9"><span class='ocrx_word' id='word_1_97' title='bbox 300 827 368 850; x_wconf 77' lang='lat' dir='ltr'><strong>scat</strong></span> <span class='ocrx_word' id='word_1_98' title='bbox 401 818 577 857; x_wconf 81' lang='lat' dir='ltr'><strong>salutisque</strong></span> <span class='ocrx_word' id='word_1_99' title='bbox 612 821 774 848; x_wconf 87' lang='lat' dir='ltr'><strong>autorem:</strong></span> <span class='ocrx_word' id='word_1_100' title='bbox 815 816 885 848; x_wconf 89' lang='lat' dir='ltr'><strong>ideo</strong></span> <span class='ocrx_word' id='word_1_101' title='bbox 919 827 938 848; x_wconf 86' lang='lat' dir='ltr'><strong>a</strong></span> <span class='ocrx_word' id='word_1_102' title='bbox 971 817 1142 857; x_wconf 82' lang='lat' dir='ltr'><strong>praecipua</strong></span> <span class='ocrx_word' id='word_1_103' title='bbox 1176 820 1268 857; x_wconf 88' lang='lat' dir='ltr'><strong>parte</strong></span> 
     </span>
     <span class='ocr_line' id='line_1_15' title="bbox 299 859 1266 902; baseline -0.003 -9"><span class='ocrx_word' id='word_1_104' title='bbox 299 861 504 902; x_wconf 87' lang='lat' dir='ltr'><strong>evangelium</strong></span> <span class='ocrx_word' id='word_1_105' title='bbox 528 870 584 900; x_wconf 90' lang='lat' dir='ltr'><strong>per</strong></span> <span class='ocrx_word' id='word_1_106' title='bbox 613 859 837 898; x_wconf 75' lang='lat' dir='ltr'><strong>synecdochen</strong></span> <span class='ocrx_word' id='word_1_107' title='bbox 862 864 996 891; x_wconf 87' lang='lat' dir='ltr'><strong>vocatur</strong></span> <span class='ocrx_word' id='word_1_108' title='bbox 1019 860 1152 891; x_wconf 89' lang='lat' dir='ltr'><strong>verbum</strong></span> <span class='ocrx_word' id='word_1_109' title='bbox 1177 859 1266 890; x_wconf 88' lang='lat' dir='ltr'><strong>fidei:</strong></span> 
     </span>
     <span class='ocr_line' id='line_1_16' title="bbox 299 902 1266 935; baseline -0.003 0"><span class='ocrx_word' id='word_1_110' title='bbox 299 911 331 935; x_wconf 88' lang='lat' dir='ltr'><strong>et</strong></span> <span class='ocrx_word' id='word_1_111' title='bbox 369 903 482 935; x_wconf 83' lang='lat' dir='ltr'><strong>relatio</strong></span> <span class='ocrx_word' id='word_1_112' title='bbox 519 903 604 933; x_wconf 88' lang='lat' dir='ltr'><strong>inter</strong></span> <span class='ocrx_word' id='word_1_113' title='bbox 642 902 726 933; x_wconf 87' lang='lat' dir='ltr'><strong>hanc</strong></span> <span class='ocrx_word' id='word_1_114' title='bbox 766 908 798 933; x_wconf 91' lang='lat' dir='ltr'><strong>et</strong></span> <span class='ocrx_word' id='word_1_115' title='bbox 837 902 916 934; x_wconf 89' lang='lat' dir='ltr'><strong>illud</strong></span> <span class='ocrx_word' id='word_1_116' title='bbox 957 906 1068 934; x_wconf 88' lang='lat' dir='ltr'><strong>mutua</strong></span> <span class='ocrx_word' id='word_1_117' title='bbox 1105 902 1266 934; x_wconf 82' lang='lat' dir='ltr'><strong>statuitur.</strong></span> 
     </span>
     <span class='ocr_line' id='line_1_17' title="bbox 299 945 1267 985; baseline -0.002 -8"><span class='ocrx_word' id='word_1_118' title='bbox 299 947 397 978; x_wconf 85' lang='lat' dir='ltr'><strong>Fides</strong></span> <span class='ocrx_word' id='word_1_119' title='bbox 428 952 536 976; x_wconf 89' lang='lat' dir='ltr'><strong>tamen</strong></span> <span class='ocrx_word' id='word_1_120' title='bbox 567 949 732 985; x_wconf 87' lang='lat' dir='ltr'><strong>utcunque</strong></span> <span class='ocrx_word' id='word_1_121' title='bbox 766 950 853 977; x_wconf 87' lang='lat' dir='ltr'><strong>recta</strong></span> <span class='ocrx_word' id='word_1_122' title='bbox 883 946 916 977; x_wconf 89' lang='lat' dir='ltr'><strong>in</strong></span> <span class='ocrx_word' id='word_1_123' title='bbox 947 945 1008 977; x_wconf 91' lang='lat' dir='ltr'><strong>Dei</strong></span> <span class='ocrx_word' id='word_1_124' title='bbox 1039 945 1267 985; x_wconf 87' lang='lat' dir='ltr'><strong>promissiones</strong></span> 
     </span>
     <span class='ocr_line' id='line_1_18' title="bbox 299 987 1267 1027; baseline -0.002 -7"><span class='ocrx_word' id='word_1_125' title='bbox 299 1001 332 1021; x_wconf 89' lang='lat' dir='ltr'><strong>se</strong></span> <span class='ocrx_word' id='word_1_126' title='bbox 356 989 508 1026; x_wconf 83' lang='lat' dir='ltr'><strong>conserat,</strong></span> <span class='ocrx_word' id='word_1_127' title='bbox 531 987 571 1019; x_wconf 85' lang='lat' dir='ltr'><strong>ad</strong></span> <span class='ocrx_word' id='word_1_128' title='bbox 595 988 700 1019; x_wconf 88' lang='lat' dir='ltr'><strong>minas</strong></span> <span class='ocrx_word' id='word_1_129' title='bbox 723 987 804 1019; x_wconf 89' lang='lat' dir='ltr'><strong>nihil</strong></span> <span class='ocrx_word' id='word_1_130' title='bbox 826 989 954 1019; x_wconf 89' lang='lat' dir='ltr'><strong>omnius</strong></span> <span class='ocrx_word' id='word_1_131' title='bbox 978 989 1103 1019; x_wconf 86' lang='lat' dir='ltr'><strong>intenta</strong></span> <span class='ocrx_word' id='word_1_132' title='bbox 1126 993 1174 1019; x_wconf 88' lang='lat' dir='ltr'><strong>est</strong></span> <span class='ocrx_word' id='word_1_133' title='bbox 1192 997 1267 1027; x_wconf 83' lang='lat' dir='ltr'><strong>qua-</strong></span> 
     </span>
     <span class='ocr_line' id='line_1_19' title="bbox 300 1029 1265 1070; baseline -0.003 -7"><span class='ocrx_word' id='word_1_134' title='bbox 300 1039 393 1063; x_wconf 89' lang='lat' dir='ltr'><strong>tenus</strong></span> <span class='ocrx_word' id='word_1_135' title='bbox 426 1041 485 1063; x_wconf 91' lang='lat' dir='ltr'><strong>nos</strong></span> <span class='ocrx_word' id='word_1_136' title='bbox 517 1030 557 1061; x_wconf 88' lang='lat' dir='ltr'><strong>ad</strong></span> <span class='ocrx_word' id='word_1_137' title='bbox 587 1030 650 1062; x_wconf 91' lang='lat' dir='ltr'><strong>Dei</strong></span> <span class='ocrx_word' id='word_1_138' title='bbox 680 1031 828 1062; x_wconf 88' lang='lat' dir='ltr'><strong>timorem</strong></span> <span class='ocrx_word' id='word_1_139' title='bbox 860 1042 895 1063; x_wconf 84' lang='lat' dir='ltr'><strong>ac</strong></span> <span class='ocrx_word' id='word_1_140' title='bbox 926 1031 1114 1070; x_wconf 87' lang='lat' dir='ltr'><strong>obsequium</strong></span> <span class='ocrx_word' id='word_1_141' title='bbox 1146 1029 1265 1061; x_wconf 87' lang='lat' dir='ltr'><strong>erudiri</strong></span> 
     </span>
     <span class='ocr_line' id='line_1_20' title="bbox 298 1080 508 1106; baseline -0.005 0"><span class='ocrx_word' id='word_1_142' title='bbox 298 1084 427 1106; x_wconf 88' lang='lat' dir='ltr'><strong>necesse</strong></span> <span class='ocrx_word' id='word_1_143' title='bbox 450 1080 508 1105; x_wconf 87' lang='lat' dir='ltr'><strong>est.</strong></span> 
     </span>
    </p>

    <p class='ocr_par' dir='ltr' id='par_1_5' title="bbox 293 1116 1268 1928">
     <span class='ocr_line' id='line_1_21' title="bbox 383 1116 1266 1158; baseline -0.003 -10"><span class='ocrx_word' id='word_1_144' title='bbox 383 1117 565 1158; x_wconf 77' lang='lat' dir='ltr'><strong>Apparavit</strong></span> <span class='ocrx_word' id='word_1_145' title='bbox 586 1126 702 1148; x_wconf 76' lang='lat' dir='ltr'><strong>arcam.</strong></span> <span class='ocrx_word' id='word_1_146' title='bbox 743 1116 806 1148; x_wconf 84' lang='lat' dir='ltr'><strong>Hic</strong></span> <span class='ocrx_word' id='word_1_147' title='bbox 828 1116 1010 1147; x_wconf 87' lang='lat' dir='ltr'><strong>obedientia</strong></span> <span class='ocrx_word' id='word_1_148' title='bbox 1032 1120 1163 1146; x_wconf 88' lang='lat' dir='ltr'><strong>notatur</strong></span> <span class='ocrx_word' id='word_1_149' title='bbox 1186 1125 1266 1154; x_wconf 88' lang='lat' dir='ltr'><strong>quae</strong></span> 
     </span>
     <span class='ocr_line' id='line_1_22' title="bbox 298 1158 1266 1199; baseline -0.003 -8"><span class='ocrx_word' id='word_1_150' title='bbox 298 1171 336 1192; x_wconf 83' lang='lat' dir='ltr'><strong>ex</strong></span> <span class='ocrx_word' id='word_1_151' title='bbox 361 1160 423 1191; x_wconf 89' lang='lat' dir='ltr'><strong>fide</strong></span> <span class='ocrx_word' id='word_1_152' title='bbox 446 1160 602 1196; x_wconf 87' lang='lat' dir='ltr'><strong>manavit,</strong></span> <span class='ocrx_word' id='word_1_153' title='bbox 627 1165 780 1199; x_wconf 88' lang='lat' dir='ltr'><strong>tanquam</strong></span> <span class='ocrx_word' id='word_1_154' title='bbox 805 1170 846 1190; x_wconf 89' lang='lat' dir='ltr'><strong>ex</strong></span> <span class='ocrx_word' id='word_1_155' title='bbox 870 1160 957 1190; x_wconf 81' lang='lat' dir='ltr'><strong>sonte</strong></span> <span class='ocrx_word' id='word_1_156' title='bbox 979 1168 1071 1198; x_wconf 84' lang='lat' dir='ltr'><strong>aqua.</strong></span> <span class='ocrx_word' id='word_1_157' title='bbox 1112 1158 1266 1198; x_wconf 87' lang='lat' dir='ltr'><strong>Longum</strong></span> 
     </span>
     <span class='ocr_line' id='line_1_23' title="bbox 295 1200 1268 1242; baseline -0.003 -8"><span class='ocrx_word' id='word_1_158' title='bbox 295 1204 366 1235; x_wconf 86' lang='lat' dir='ltr'><strong>erat</strong></span> <span class='ocrx_word' id='word_1_159' title='bbox 387 1208 419 1234; x_wconf 86' lang='lat' dir='ltr'><strong>et</strong></span> <span class='ocrx_word' id='word_1_160' title='bbox 442 1202 638 1234; x_wconf 84' lang='lat' dir='ltr'><strong>laboriosum</strong></span> <span class='ocrx_word' id='word_1_161' title='bbox 662 1212 742 1242; x_wconf 88' lang='lat' dir='ltr'><strong>opus</strong></span> <span class='ocrx_word' id='word_1_162' title='bbox 757 1206 920 1233; x_wconf 81' lang='lat' dir='ltr'><strong>structura</strong></span> <span class='ocrx_word' id='word_1_163' title='bbox 936 1210 1042 1233; x_wconf 86' lang='lat' dir='ltr'><strong>arcae:</strong></span> <span class='ocrx_word' id='word_1_164' title='bbox 1069 1200 1268 1240; x_wconf 79' lang='lat' dir='ltr'><strong>quotidianis</strong></span> 
     </span>
     <span class='ocr_line' id='line_1_24' title="bbox 296 1243 1267 1286; baseline -0.004 -9"><span class='ocrx_word' id='word_1_165' title='bbox 296 1246 469 1286; x_wconf 90' lang='lat' dir='ltr'><strong>impiorum</strong></span> <span class='ocrx_word' id='word_1_166' title='bbox 486 1244 631 1276; x_wconf 81' lang='lat' dir='ltr'><strong>ludibriis</strong></span> <span class='ocrx_word' id='word_1_167' title='bbox 647 1244 805 1285; x_wconf 90' lang='lat' dir='ltr'><strong>impediri,</strong></span> <span class='ocrx_word' id='word_1_168' title='bbox 829 1244 968 1284; x_wconf 82' lang='lat' dir='ltr'><strong>adeoque</strong></span> <span class='ocrx_word' id='word_1_169' title='bbox 985 1243 1101 1274; x_wconf 86' lang='lat' dir='ltr'><strong>millies</strong></span> <span class='ocrx_word' id='word_1_170' title='bbox 1120 1243 1267 1283; x_wconf 85' lang='lat' dir='ltr'><strong>abrumpi</strong></span> 
     </span>
     <span class='ocr_line' id='line_1_25' title="bbox 296 1286 1267 1329; baseline -0.003 -9"><span class='ocrx_word' id='word_1_171' title='bbox 296 1294 435 1329; x_wconf 88' lang='lat' dir='ltr'><strong>poterat:</strong></span> <span class='ocrx_word' id='word_1_172' title='bbox 460 1298 519 1319; x_wconf 90' lang='lat' dir='ltr'><strong>nec</strong></span> <span class='ocrx_word' id='word_1_173' title='bbox 535 1287 667 1319; x_wconf 91' lang='lat' dir='ltr'><strong>dubium</strong></span> <span class='ocrx_word' id='word_1_174' title='bbox 685 1288 762 1328; x_wconf 92' lang='lat' dir='ltr'><strong>quin</strong></span> <span class='ocrx_word' id='word_1_175' title='bbox 779 1287 919 1327; x_wconf 91' lang='lat' dir='ltr'><strong>undique</strong></span> <span class='ocrx_word' id='word_1_176' title='bbox 942 1291 1052 1318; x_wconf 85' lang='lat' dir='ltr'><strong>sancto</strong></span> <span class='ocrx_word' id='word_1_177' title='bbox 1075 1286 1145 1318; x_wconf 92' lang='lat' dir='ltr'><strong>viro</strong></span> <span class='ocrx_word' id='word_1_178' title='bbox 1168 1286 1267 1318; x_wconf 88' lang='lat' dir='ltr'><strong>insul-</strong></span> 
     </span>
     <span class='ocr_line' id='line_1_26' title="bbox 295 1329 1267 1371; baseline -0.003 -8"><span class='ocrx_word' id='word_1_179' title='bbox 295 1331 449 1363; x_wconf 89' lang='lat' dir='ltr'><strong>taverint.</strong></span> <span class='ocrx_word' id='word_1_180' title='bbox 494 1330 589 1370; x_wconf 79' lang='lat' dir='ltr'><strong>Quod</strong></span> <span class='ocrx_word' id='word_1_181' title='bbox 619 1341 694 1371; x_wconf 85' lang='lat' dir='ltr'><strong>ergo</strong></span> <span class='ocrx_word' id='word_1_182' title='bbox 726 1333 893 1370; x_wconf 84' lang='lat' dir='ltr'><strong>protervos</strong></span> <span class='ocrx_word' id='word_1_183' title='bbox 921 1339 1032 1360; x_wconf 89' lang='lat' dir='ltr'><strong>eorum</strong></span> <span class='ocrx_word' id='word_1_184' title='bbox 1056 1329 1196 1360; x_wconf 90' lang='lat' dir='ltr'><strong>insultus</strong></span> <span class='ocrx_word' id='word_1_185' title='bbox 1218 1330 1267 1360; x_wconf 91' lang='lat' dir='ltr'><strong>in—</strong></span> 
     </span>
     <span class='ocr_line' id='line_1_27' title="bbox 296 1372 1268 1413; baseline -0.002 -8"><span class='ocrx_word' id='word_1_186' title='bbox 296 1375 396 1405; x_wconf 80' lang='lat' dir='ltr'><strong>fracto</strong></span> <span class='ocrx_word' id='word_1_187' title='bbox 425 1373 533 1405; x_wconf 91' lang='lat' dir='ltr'><strong>animo</strong></span> <span class='ocrx_word' id='word_1_188' title='bbox 562 1374 726 1409; x_wconf 88' lang='lat' dir='ltr'><strong>sustinuit,</strong></span> <span class='ocrx_word' id='word_1_189' title='bbox 757 1374 790 1403; x_wconf 90' lang='lat' dir='ltr'><strong>in</strong></span> <span class='ocrx_word' id='word_1_190' title='bbox 821 1382 857 1403; x_wconf 91' lang='lat' dir='ltr'><strong>eo</strong></span> <span class='ocrx_word' id='word_1_191' title='bbox 880 1372 1022 1413; x_wconf 83' lang='lat' dir='ltr'><strong>prodidit</strong></span> <span class='ocrx_word' id='word_1_192' title='bbox 1046 1382 1109 1404; x_wconf 90' lang='lat' dir='ltr'><strong>non</strong></span> <span class='ocrx_word' id='word_1_193' title='bbox 1134 1372 1268 1413; x_wconf 86' lang='lat' dir='ltr'><strong>vulgare</strong></span> 
     </span>
     <span class='ocr_line' id='line_1_28' title="bbox 294 1414 1267 1457; baseline -0.004 -8"><span class='ocrx_word' id='word_1_194' title='bbox 294 1417 492 1457; x_wconf 87' lang='lat' dir='ltr'><strong>obsequendi</strong></span> <span class='ocrx_word' id='word_1_195' title='bbox 522 1415 674 1448; x_wconf 89' lang='lat' dir='ltr'><strong>studium.</strong></span> <span class='ocrx_word' id='word_1_196' title='bbox 720 1414 784 1447; x_wconf 85' lang='lat' dir='ltr'><strong>Sed</strong></span> <span class='ocrx_word' id='word_1_197' title='bbox 818 1415 902 1446; x_wconf 91' lang='lat' dir='ltr'><strong>unde</strong></span> <span class='ocrx_word' id='word_1_198' title='bbox 932 1415 965 1446; x_wconf 93' lang='lat' dir='ltr'><strong>id</strong></span> <span class='ocrx_word' id='word_1_199' title='bbox 996 1414 1082 1455; x_wconf 91' lang='lat' dir='ltr'><strong>quod</strong></span> <span class='ocrx_word' id='word_1_200' title='bbox 1106 1420 1170 1446; x_wconf 88' lang='lat' dir='ltr'><strong>tam</strong></span> <span class='ocrx_word' id='word_1_201' title='bbox 1194 1425 1267 1446; x_wconf 87' lang='lat' dir='ltr'><strong>con-</strong></span> 
     </span>
     <span class='ocr_line' id='line_1_29' title="bbox 295 1458 1268 1499; baseline -0.002 -8"><span class='ocrx_word' id='word_1_202' title='bbox 295 1462 420 1491; x_wconf 80' lang='lat' dir='ltr'><strong>stanter</strong></span> <span class='ocrx_word' id='word_1_203' title='bbox 435 1459 577 1491; x_wconf 82' lang='lat' dir='ltr'><strong>obedivit</strong></span> <span class='ocrx_word' id='word_1_204' title='bbox 594 1459 673 1499; x_wconf 91' lang='lat' dir='ltr'><strong>Deo,</strong></span> <span class='ocrx_word' id='word_1_205' title='bbox 698 1459 759 1489; x_wconf 90' lang='lat' dir='ltr'><strong>nisi</strong></span> <span class='ocrx_word' id='word_1_206' title='bbox 776 1458 861 1498; x_wconf 92' lang='lat' dir='ltr'><strong>quod</strong></span> <span class='ocrx_word' id='word_1_207' title='bbox 882 1459 916 1490; x_wconf 90' lang='lat' dir='ltr'><strong>in</strong></span> <span class='ocrx_word' id='word_1_208' title='bbox 939 1458 1163 1498; x_wconf 86' lang='lat' dir='ltr'><strong>promissione,</strong></span> <span class='ocrx_word' id='word_1_209' title='bbox 1187 1467 1268 1498; x_wconf 85' lang='lat' dir='ltr'><strong>quae</strong></span> 
     </span>
     <span class='ocr_line' id='line_1_30' title="bbox 294 1501 1266 1543; baseline -0.001 -9"><span class='ocrx_word' id='word_1_210' title='bbox 294 1513 386 1543; x_wconf 78' lang='lat' dir='ltr'><strong>spem</strong></span> <span class='ocrx_word' id='word_1_211' title='bbox 416 1502 463 1533; x_wconf 91' lang='lat' dir='ltr'><strong>illi</strong></span> <span class='ocrx_word' id='word_1_212' title='bbox 492 1502 607 1534; x_wconf 88' lang='lat' dir='ltr'><strong>salutis</strong></span> <span class='ocrx_word' id='word_1_213' title='bbox 638 1501 744 1539; x_wconf 87' lang='lat' dir='ltr'><strong>dabat,</strong></span> <span class='ocrx_word' id='word_1_214' title='bbox 778 1501 867 1542; x_wconf 89' lang='lat' dir='ltr'><strong>prius</strong></span> <span class='ocrx_word' id='word_1_215' title='bbox 891 1501 1060 1541; x_wconf 82' lang='lat' dir='ltr'><strong>acquievit,</strong></span> <span class='ocrx_word' id='word_1_216' title='bbox 1095 1507 1127 1532; x_wconf 90' lang='lat' dir='ltr'><strong>et</strong></span> <span class='ocrx_word' id='word_1_217' title='bbox 1150 1501 1182 1532; x_wconf 89' lang='lat' dir='ltr'><strong>in</strong></span> <span class='ocrx_word' id='word_1_218' title='bbox 1206 1501 1266 1533; x_wconf 85' lang='lat' dir='ltr'><strong>hac</strong></span> 
     </span>
     <span class='ocr_line' id='line_1_31' title="bbox 294 1543 1264 1585; baseline -0.002 -9"><span class='ocrx_word' id='word_1_219' title='bbox 294 1546 412 1577; x_wconf 88' lang='lat' dir='ltr'><strong>fiducia</strong></span> <span class='ocrx_word' id='word_1_220' title='bbox 439 1545 579 1585; x_wconf 81' lang='lat' dir='ltr'><strong>perstitit</strong></span> <span class='ocrx_word' id='word_1_221' title='bbox 602 1555 704 1584; x_wconf 90' lang='lat' dir='ltr'><strong>usque</strong></span> <span class='ocrx_word' id='word_1_222' title='bbox 728 1544 767 1575; x_wconf 86' lang='lat' dir='ltr'><strong>ad</strong></span> <span class='ocrx_word' id='word_1_223' title='bbox 791 1543 998 1575; x_wconf 76' lang='lat' dir='ltr'><strong>extremum?</strong></span> <span class='ocrx_word' id='word_1_224' title='bbox 1044 1543 1156 1584; x_wconf 86' lang='lat' dir='ltr'><strong>Neque</strong></span> <span class='ocrx_word' id='word_1_225' title='bbox 1179 1543 1264 1575; x_wconf 91' lang='lat' dir='ltr'><strong>enim</strong></span> 
     </span>
     <span class='ocr_line' id='line_1_32' title="bbox 295 1587 1265 1627; baseline -0.002 -7"><span class='ocrx_word' id='word_1_226' title='bbox 295 1588 334 1619; x_wconf 85' lang='lat' dir='ltr'><strong>ad</strong></span> <span class='ocrx_word' id='word_1_227' title='bbox 358 1587 543 1620; x_wconf 87' lang='lat' dir='ltr'><strong>subeundas</strong></span> <span class='ocrx_word' id='word_1_228' title='bbox 565 1594 679 1627; x_wconf 88' lang='lat' dir='ltr'><strong>sponte</strong></span> <span class='ocrx_word' id='word_1_229' title='bbox 702 1589 747 1618; x_wconf 85' lang='lat' dir='ltr'><strong>tot</strong></span> <span class='ocrx_word' id='word_1_230' title='bbox 771 1587 935 1619; x_wconf 83' lang='lat' dir='ltr'><strong>molestias</strong></span> <span class='ocrx_word' id='word_1_231' title='bbox 958 1588 1071 1618; x_wconf 75' lang='lat' dir='ltr'><strong>fuisset</strong></span> <span class='ocrx_word' id='word_1_232' title='bbox 1094 1587 1265 1625; x_wconf 86' lang='lat' dir='ltr'><strong>animatus,</strong></span> 
     </span>
     <span class='ocr_line' id='line_1_33' title="bbox 294 1629 1265 1671; baseline -0.002 -9"><span class='ocrx_word' id='word_1_233' title='bbox 294 1641 354 1663; x_wconf 88' lang='lat' dir='ltr'><strong>nec</strong></span> <span class='ocrx_word' id='word_1_234' title='bbox 377 1635 426 1663; x_wconf 85' lang='lat' dir='ltr'><strong>tot</strong></span> <span class='ocrx_word' id='word_1_235' title='bbox 447 1630 619 1662; x_wconf 84' lang='lat' dir='ltr'><strong>obstaculis</strong></span> <span class='ocrx_word' id='word_1_236' title='bbox 642 1630 810 1662; x_wconf 83' lang='lat' dir='ltr'><strong>vincendis</strong></span> <span class='ocrx_word' id='word_1_237' title='bbox 833 1640 892 1671; x_wconf 88' lang='lat' dir='ltr'><strong>par</strong></span> <span class='ocrx_word' id='word_1_238' title='bbox 915 1629 1037 1667; x_wconf 88' lang='lat' dir='ltr'><strong>fuisset,</strong></span> <span class='ocrx_word' id='word_1_239' title='bbox 1060 1640 1119 1661; x_wconf 86' lang='lat' dir='ltr'><strong>nec</strong></span> <span class='ocrx_word' id='word_1_240' title='bbox 1142 1629 1265 1661; x_wconf 87' lang='lat' dir='ltr'><strong>tamdiu</strong></span> 
     </span>
     <span class='ocr_line' id='line_1_34' title="bbox 293 1672 1264 1713; baseline -0.002 -8"><span class='ocrx_word' id='word_1_241' title='bbox 293 1674 407 1705; x_wconf 90' lang='lat' dir='ltr'><strong>firmus</strong></span> <span class='ocrx_word' id='word_1_242' title='bbox 423 1674 564 1705; x_wconf 84' lang='lat' dir='ltr'><strong>stetisset</strong></span> <span class='ocrx_word' id='word_1_243' title='bbox 579 1673 614 1704; x_wconf 90' lang='lat' dir='ltr'><strong>in</strong></span> <span class='ocrx_word' id='word_1_244' title='bbox 629 1683 687 1705; x_wconf 88' lang='lat' dir='ltr'><strong>suo</strong></span> <span class='ocrx_word' id='word_1_245' title='bbox 703 1673 864 1713; x_wconf 84' lang='lat' dir='ltr'><strong>instituto,</strong></span> <span class='ocrx_word' id='word_1_246' title='bbox 888 1673 949 1704; x_wconf 87' lang='lat' dir='ltr'><strong>nisi</strong></span> <span class='ocrx_word' id='word_1_247' title='bbox 966 1677 1122 1713; x_wconf 86' lang='lat' dir='ltr'><strong>praeunte</strong></span> <span class='ocrx_word' id='word_1_248' title='bbox 1138 1672 1264 1704; x_wconf 88' lang='lat' dir='ltr'><strong>fiducia.</strong></span> 
     </span>
     <span class='ocr_line' id='line_1_35' title="bbox 294 1715 1265 1757; baseline -0.002 -9"><span class='ocrx_word' id='word_1_249' title='bbox 294 1716 373 1748; x_wconf 84' lang='lat' dir='ltr'><strong>Sola</strong></span> <span class='ocrx_word' id='word_1_250' title='bbox 403 1717 504 1757; x_wconf 87' lang='lat' dir='ltr'><strong>igitur</strong></span> <span class='ocrx_word' id='word_1_251' title='bbox 534 1715 613 1747; x_wconf 84' lang='lat' dir='ltr'><strong>fides</strong></span> <span class='ocrx_word' id='word_1_252' title='bbox 643 1716 845 1747; x_wconf 82' lang='lat' dir='ltr'><strong>obedientiae</strong></span> <span class='ocrx_word' id='word_1_253' title='bbox 874 1716 1031 1756; x_wconf 87' lang='lat' dir='ltr'><strong>magistra</strong></span> <span class='ocrx_word' id='word_1_254' title='bbox 1061 1720 1119 1747; x_wconf 89' lang='lat' dir='ltr'><strong>est.</strong></span> <span class='ocrx_word' id='word_1_255' title='bbox 1168 1715 1265 1747; x_wconf 88' lang='lat' dir='ltr'><strong>Unde</strong></span> 
     </span>
     <span class='ocr_line' id='line_1_36' title="bbox 293 1758 1264 1800; baseline 0 -10"><span class='ocrx_word' id='word_1_256' title='bbox 293 1759 474 1791; x_wconf 82' lang='lat' dir='ltr'><strong>exadverso</strong></span> <span class='ocrx_word' id='word_1_257' title='bbox 505 1758 654 1800; x_wconf 88' lang='lat' dir='ltr'><strong>colligere</strong></span> <span class='ocrx_word' id='word_1_258' title='bbox 684 1758 768 1797; x_wconf 88' lang='lat' dir='ltr'><strong>licet,</strong></span> <span class='ocrx_word' id='word_1_259' title='bbox 798 1758 1060 1791; x_wconf 81' lang='lat' dir='ltr'><strong>incredulitatem</strong></span> <span class='ocrx_word' id='word_1_260' title='bbox 1090 1758 1182 1790; x_wconf 90' lang='lat' dir='ltr'><strong>nobis</strong></span> <span class='ocrx_word' id='word_1_261' title='bbox 1211 1758 1264 1790; x_wconf 93' lang='lat' dir='ltr'><strong>ob—</strong></span> 
     </span>
     <span class='ocr_line' id='line_1_37' title="bbox 293 1801 1266 1842; baseline 0 -9"><span class='ocrx_word' id='word_1_262' title='bbox 293 1808 380 1833; x_wconf 85' lang='lat' dir='ltr'><strong>stare</strong></span> <span class='ocrx_word' id='word_1_263' title='bbox 409 1802 581 1842; x_wconf 89' lang='lat' dir='ltr'><strong>quominus</strong></span> <span class='ocrx_word' id='word_1_264' title='bbox 604 1802 674 1833; x_wconf 88' lang='lat' dir='ltr'><strong>Deo</strong></span> <span class='ocrx_word' id='word_1_265' title='bbox 704 1812 883 1841; x_wconf 88' lang='lat' dir='ltr'><strong>pareamus.</strong></span> <span class='ocrx_word' id='word_1_266' title='bbox 929 1801 1038 1842; x_wconf 87' lang='lat' dir='ltr'><strong>Atque</strong></span> <span class='ocrx_word' id='word_1_267' title='bbox 1067 1801 1163 1833; x_wconf 89' lang='lat' dir='ltr'><strong>hodie</strong></span> <span class='ocrx_word' id='word_1_268' title='bbox 1192 1802 1266 1833; x_wconf 87' lang='lat' dir='ltr'><strong>hor-</strong></span> 
     </span>
     <span class='ocr_line' id='line_1_38' title="bbox 293 1843 1265 1885; baseline -0.001 -9"><span class='ocrx_word' id='word_1_269' title='bbox 293 1845 430 1876; x_wconf 89' lang='lat' dir='ltr'><strong>rendum</strong></span> <span class='ocrx_word' id='word_1_270' title='bbox 464 1845 498 1875; x_wconf 88' lang='lat' dir='ltr'><strong>in</strong></span> <span class='ocrx_word' id='word_1_271' title='bbox 528 1845 658 1877; x_wconf 89' lang='lat' dir='ltr'><strong>modum</strong></span> <span class='ocrx_word' id='word_1_272' title='bbox 689 1844 750 1877; x_wconf 90' lang='lat' dir='ltr'><strong>hac</strong></span> <span class='ocrx_word' id='word_1_273' title='bbox 778 1845 812 1876; x_wconf 92' lang='lat' dir='ltr'><strong>in</strong></span> <span class='ocrx_word' id='word_1_274' title='bbox 842 1849 934 1885; x_wconf 85' lang='lat' dir='ltr'><strong>parte</strong></span> <span class='ocrx_word' id='word_1_275' title='bbox 962 1855 996 1876; x_wconf 86' lang='lat' dir='ltr'><strong>se</strong></span> <span class='ocrx_word' id='word_1_276' title='bbox 1024 1844 1130 1885; x_wconf 88' lang='lat' dir='ltr'><strong>prodit</strong></span> <span class='ocrx_word' id='word_1_277' title='bbox 1151 1843 1265 1876; x_wconf 89' lang='lat' dir='ltr'><strong>mundi</strong></span> 
     </span>
     <span class='ocr_line' id='line_1_39' title="bbox 293 1887 1264 1928; baseline 0 -10"><span class='ocrx_word' id='word_1_278' title='bbox 293 1887 512 1926; x_wconf 50' lang='lat' dir='ltr'><strong>incredulitas</strong></span> <span class='ocrx_word' id='word_1_279' title='bbox 533 1888 619 1928; x_wconf 92' lang='lat' dir='ltr'><strong>quod</strong></span> <span class='ocrx_word' id='word_1_280' title='bbox 642 1893 709 1919; x_wconf 87' lang='lat' dir='ltr'><strong>tam</strong></span> <span class='ocrx_word' id='word_1_281' title='bbox 731 1887 826 1928; x_wconf 85' lang='lat' dir='ltr'><strong>pauci</strong></span> <span class='ocrx_word' id='word_1_282' title='bbox 854 1887 924 1919; x_wconf 86' lang='lat' dir='ltr'><strong>Deo</strong></span> <span class='ocrx_word' id='word_1_283' title='bbox 946 1887 1012 1919; x_wconf 90' lang='lat' dir='ltr'><strong>sint</strong></span> <span class='ocrx_word' id='word_1_284' title='bbox 1040 1887 1264 1928; x_wconf 87' lang='lat' dir='ltr'><strong>obsequentes.</strong></span> 
     </span>
    </p>

    <p class='ocr_par' dir='ltr' id='par_1_6' title="bbox 293 1929 1266 2268">
     <span class='ocr_line' id='line_1_40' title="bbox 379 1929 1265 1970; baseline 0 -8"><span class='ocrx_word' id='word_1_285' title='bbox 379 1929 442 1962; x_wconf 87' lang='lat' dir='ltr'><strong>Per</strong></span> <span class='ocrx_word' id='word_1_286' title='bbox 464 1940 557 1970; x_wconf 81' lang='lat' dir='ltr'><strong>quam</strong></span> <span class='ocrx_word' id='word_1_287' title='bbox 579 1930 739 1962; x_wconf 78' lang='lat' dir='ltr'><strong>damnavit</strong></span> <span class='ocrx_word' id='word_1_288' title='bbox 761 1930 921 1962; x_wconf 76' lang='lat' dir='ltr'><strong>mundum.</strong></span> <span class='ocrx_word' id='word_1_289' title='bbox 967 1931 1095 1962; x_wconf 90' lang='lat' dir='ltr'><strong>Durum</strong></span> <span class='ocrx_word' id='word_1_290' title='bbox 1119 1936 1203 1962; x_wconf 83' lang='lat' dir='ltr'><strong>esset</strong></span> <span class='ocrx_word' id='word_1_291' title='bbox 1224 1930 1265 1962; x_wconf 86' lang='lat' dir='ltr'><strong>ad</strong></span> 
     </span>
     <span class='ocr_line' id='line_1_41' title="bbox 293 1972 1265 2014; baseline 0.002 -11"><span class='ocrx_word' id='word_1_292' title='bbox 293 1972 363 2003; x_wconf 86' lang='lat' dir='ltr'><strong>Noe</strong></span> <span class='ocrx_word' id='word_1_293' title='bbox 386 1973 523 2004; x_wconf 86' lang='lat' dir='ltr'><strong>salutern</strong></span> <span class='ocrx_word' id='word_1_294' title='bbox 546 1973 668 2005; x_wconf 82' lang='lat' dir='ltr'><strong>referre</strong></span> <span class='ocrx_word' id='word_1_295' title='bbox 690 1973 773 2014; x_wconf 93' lang='lat' dir='ltr'><strong>quod</strong></span> <span class='ocrx_word' id='word_1_296' title='bbox 797 1973 956 2005; x_wconf 90' lang='lat' dir='ltr'><strong>mundum</strong></span> <span class='ocrx_word' id='word_1_297' title='bbox 979 1972 1197 2005; x_wconf 86' lang='lat' dir='ltr'><strong>damnaverit:</strong></span> <span class='ocrx_word' id='word_1_298' title='bbox 1226 1973 1265 2005; x_wconf 89' lang='lat' dir='ltr'><strong>de</strong></span> 
     </span>
     <span class='ocr_line' id='line_1_42' title="bbox 294 2014 1265 2057; baseline 0.002 -12"><span class='ocrx_word' id='word_1_299' title='bbox 294 2014 356 2046; x_wconf 82' lang='lat' dir='ltr'><strong>fide</strong></span> <span class='ocrx_word' id='word_1_300' title='bbox 385 2015 522 2056; x_wconf 85' lang='lat' dir='ltr'><strong>intelligi</strong></span> <span class='ocrx_word' id='word_1_301' title='bbox 552 2020 724 2047; x_wconf 85' lang='lat' dir='ltr'><strong>contextus</strong></span> <span class='ocrx_word' id='word_1_302' title='bbox 756 2016 811 2048; x_wconf 85' lang='lat' dir='ltr'><strong>vix</strong></span> <span class='ocrx_word' id='word_1_303' title='bbox 840 2016 972 2057; x_wconf 84' lang='lat' dir='ltr'><strong>patitur.</strong></span> <span class='ocrx_word' id='word_1_304' title='bbox 1017 2016 1106 2056; x_wconf 83' lang='lat' dir='ltr'><strong>Ergo</strong></span> <span class='ocrx_word' id='word_1_305' title='bbox 1129 2015 1168 2047; x_wconf 87' lang='lat' dir='ltr'><strong>de</strong></span> <span class='ocrx_word' id='word_1_306' title='bbox 1191 2027 1265 2048; x_wconf 86' lang='lat' dir='ltr'><strong>arca</strong></span> 
     </span>
     <span class='ocr_line' id='line_1_43' title="bbox 296 2057 1264 2099; baseline 0.003 -12"><span class='ocrx_word' id='word_1_307' title='bbox 296 2057 525 2098; x_wconf 85' lang='lat' dir='ltr'><strong>intelligamus.</strong></span> <span class='ocrx_word' id='word_1_308' title='bbox 571 2059 700 2099; x_wconf 88' lang='lat' dir='ltr'><strong>Duplici</strong></span> <span class='ocrx_word' id='word_1_309' title='bbox 731 2064 838 2090; x_wconf 87' lang='lat' dir='ltr'><strong>autem</strong></span> <span class='ocrx_word' id='word_1_310' title='bbox 872 2059 1002 2090; x_wconf 88' lang='lat' dir='ltr'><strong>nomine</strong></span> <span class='ocrx_word' id='word_1_311' title='bbox 1026 2058 1143 2090; x_wconf 89' lang='lat' dir='ltr'><strong>dicitur</strong></span> <span class='ocrx_word' id='word_1_312' title='bbox 1169 2069 1264 2090; x_wconf 90' lang='lat' dir='ltr'><strong>mun-</strong></span> 
     </span>
     <span class='ocr_line' id='line_1_44' title="bbox 296 2099 1264 2142; baseline 0.003 -12"><span class='ocrx_word' id='word_1_313' title='bbox 296 2099 371 2131; x_wconf 88' lang='lat' dir='ltr'><strong>dum</strong></span> <span class='ocrx_word' id='word_1_314' title='bbox 403 2110 462 2140; x_wconf 90' lang='lat' dir='ltr'><strong>per</strong></span> <span class='ocrx_word' id='word_1_315' title='bbox 491 2109 598 2132; x_wconf 88' lang='lat' dir='ltr'><strong>arcam</strong></span> <span class='ocrx_word' id='word_1_316' title='bbox 628 2101 807 2132; x_wconf 87' lang='lat' dir='ltr'><strong>damnasse.</strong></span> <span class='ocrx_word' id='word_1_317' title='bbox 852 2101 936 2132; x_wconf 91' lang='lat' dir='ltr'><strong>Nam</strong></span> <span class='ocrx_word' id='word_1_318' title='bbox 967 2102 1051 2142; x_wconf 91' lang='lat' dir='ltr'><strong>quod</strong></span> <span class='ocrx_word' id='word_1_319' title='bbox 1074 2101 1109 2132; x_wconf 86' lang='lat' dir='ltr'><strong>in</strong></span> <span class='ocrx_word' id='word_1_320' title='bbox 1132 2111 1170 2132; x_wconf 82' lang='lat' dir='ltr'><strong>ea</strong></span> <span class='ocrx_word' id='word_1_321' title='bbox 1191 2112 1264 2133; x_wconf 87' lang='lat' dir='ltr'><strong>con-</strong></span> 
     </span>
     <span class='ocr_line' id='line_1_45' title="bbox 294 2143 1264 2183; baseline 0.002 -9"><span class='ocrx_word' id='word_1_322' title='bbox 294 2143 449 2174; x_wconf 87' lang='lat' dir='ltr'><strong>struenda</strong></span> <span class='ocrx_word' id='word_1_323' title='bbox 475 2143 599 2174; x_wconf 87' lang='lat' dir='ltr'><strong>tamdiu</strong></span> <span class='ocrx_word' id='word_1_324' title='bbox 637 2150 810 2183; x_wconf 88' lang='lat' dir='ltr'><strong>occupatus</strong></span> <span class='ocrx_word' id='word_1_325' title='bbox 842 2144 920 2182; x_wconf 84' lang='lat' dir='ltr'><strong>fuit,</strong></span> <span class='ocrx_word' id='word_1_326' title='bbox 960 2144 992 2174; x_wconf 88' lang='lat' dir='ltr'><strong>id</strong></span> <span class='ocrx_word' id='word_1_327' title='bbox 1025 2145 1264 2176; x_wconf 80' lang='lat' dir='ltr'><strong>excusationem</strong></span> 
     </span>
     <span class='ocr_line' id='line_1_46' title="bbox 294 2185 1264 2227; baseline 0.002 -11"><span class='ocrx_word' id='word_1_328' title='bbox 294 2185 439 2225; x_wconf 88' lang='lat' dir='ltr'><strong>reprobis</strong></span> <span class='ocrx_word' id='word_1_329' title='bbox 456 2185 602 2217; x_wconf 88' lang='lat' dir='ltr'><strong>abstulit:</strong></span> <span class='ocrx_word' id='word_1_330' title='bbox 621 2192 653 2217; x_wconf 90' lang='lat' dir='ltr'><strong>et</strong></span> <span class='ocrx_word' id='word_1_331' title='bbox 668 2193 813 2224; x_wconf 78' lang='lat' dir='ltr'><strong>eventuS,</strong></span> <span class='ocrx_word' id='word_1_332' title='bbox 830 2187 883 2226; x_wconf 91' lang='lat' dir='ltr'><strong>qui</strong></span> <span class='ocrx_word' id='word_1_333' title='bbox 895 2192 1050 2227; x_wconf 87' lang='lat' dir='ltr'><strong>sequutus</strong></span> <span class='ocrx_word' id='word_1_334' title='bbox 1067 2191 1125 2227; x_wconf 86' lang='lat' dir='ltr'><strong>est,</strong></span> <span class='ocrx_word' id='word_1_335' title='bbox 1145 2188 1264 2219; x_wconf 87' lang='lat' dir='ltr'><strong>iustum</strong></span> 
     </span>
     <span class='ocr_line' id='line_1_47' title="bbox 294 2228 1266 2268; baseline 0.003 -10"><span class='ocrx_word' id='word_1_336' title='bbox 294 2228 410 2258; x_wconf 89' lang='lat' dir='ltr'><strong>mundi</strong></span> <span class='ocrx_word' id='word_1_337' title='bbox 443 2228 576 2259; x_wconf 80' lang='lat' dir='ltr'><strong>exitium</strong></span> <span class='ocrx_word' id='word_1_338' title='bbox 610 2229 840 2268; x_wconf 86' lang='lat' dir='ltr'><strong>comprobavit.</strong></span> <span class='ocrx_word' id='word_1_339' title='bbox 885 2229 952 2260; x_wconf 80' lang='lat' dir='ltr'><strong>Gur</strong></span> <span class='ocrx_word' id='word_1_340' title='bbox 975 2230 1060 2260; x_wconf 89' lang='lat' dir='ltr'><strong>enim</strong></span> <span class='ocrx_word' id='word_1_341' title='bbox 1083 2239 1157 2261; x_wconf 81' lang='lat' dir='ltr'><strong>area</strong></span> <span class='ocrx_word' id='word_1_342' title='bbox 1180 2229 1266 2261; x_wconf 88' lang='lat' dir='ltr'><strong>salu-</strong></span> 
     </span>
    </p>
   </div>
   <div class='ocr_carea' id='block_1_5' title="bbox 294 2270 1291 2312">
    <p class='ocr_par' dir='ltr' id='par_1_7' title="bbox 294 2270 1291 2312">
     <span class='ocr_line' id='line_1_48' title="bbox 294 2270 1291 2312; baseline 0.003 -11"><span class='ocrx_word' id='word_1_343' title='bbox 294 2271 336 2302; x_wconf 86' lang='lat' dir='ltr'><strong>tis</strong></span> <span class='ocrx_word' id='word_1_344' title='bbox 366 2270 512 2302; x_wconf 89' lang='lat' dir='ltr'><strong>custodia</strong></span> <span class='ocrx_word' id='word_1_345' title='bbox 541 2271 602 2302; x_wconf 87' lang='lat' dir='ltr'><strong>fuit</strong></span> <span class='ocrx_word' id='word_1_346' title='bbox 633 2272 690 2302; x_wconf 91' lang='lat' dir='ltr'><strong>uni</strong></span> <span class='ocrx_word' id='word_1_347' title='bbox 713 2271 862 2311; x_wconf 84' lang='lat' dir='ltr'><strong>familiae,</strong></span> <span class='ocrx_word' id='word_1_348' title='bbox 897 2272 959 2302; x_wconf 85' lang='lat' dir='ltr'><strong>nisi</strong></span> <span class='ocrx_word' id='word_1_349' title='bbox 983 2271 1065 2312; x_wconf 92' lang='lat' dir='ltr'><strong>quod</strong></span> <span class='ocrx_word' id='word_1_350' title='bbox 1088 2273 1158 2304; x_wconf 92' lang='lat' dir='ltr'><strong>viro</strong></span> <span class='ocrx_word' id='word_1_351' title='bbox 1181 2273 1266 2304; x_wconf 89' lang='lat' dir='ltr'><strong>iusto</strong></span> <span class='ocrx_word' id='word_1_352' title='bbox 1290 2282 1291 2294; x_wconf 63' lang='lat'>¹</span> 
     </span>
    </p>
   </div>
   <div class='ocr_carea' id='block_1_6' title="bbox 294 2313 1265 2397">
    <p class='ocr_par' dir='ltr' id='par_1_8' title="bbox 294 2313 1265 2397">
     <span class='ocr_line' id='line_1_49' title="bbox 294 2313 1264 2355; baseline 0.002 -11"><span class='ocrx_word' id='word_1_353' title='bbox 294 2313 397 2353; x_wconf 85' lang='lat' dir='ltr'><strong>parcit</strong></span> <span class='ocrx_word' id='word_1_354' title='bbox 412 2314 460 2344; x_wconf 86' lang='lat' dir='ltr'><strong>ira</strong></span> <span class='ocrx_word' id='word_1_355' title='bbox 478 2314 618 2352; x_wconf 85' lang='lat' dir='ltr'><strong>Domini,</strong></span> <span class='ocrx_word' id='word_1_356' title='bbox 642 2324 683 2345; x_wconf 86' lang='lat' dir='ltr'><strong>ne</strong></span> <span class='ocrx_word' id='word_1_357' title='bbox 699 2324 766 2345; x_wconf 87' lang='lat' dir='ltr'><strong>una</strong></span> <span class='ocrx_word' id='word_1_358' title='bbox 781 2324 854 2346; x_wconf 89' lang='lat' dir='ltr'><strong>cum</strong></span> <span class='ocrx_word' id='word_1_359' title='bbox 877 2314 985 2354; x_wconf 90' lang='lat' dir='ltr'><strong>impiis</strong></span> <span class='ocrx_word' id='word_1_360' title='bbox 1008 2314 1140 2355; x_wconf 81' lang='lat' dir='ltr'><strong>pereat?</strong></span> <span class='ocrx_word' id='word_1_361' title='bbox 1176 2316 1264 2355; x_wconf 84' lang='lat' dir='ltr'><strong>Ergo</strong></span> 
     </span>
     <span class='ocr_line' id='line_1_50' title="bbox 294 2356 1265 2397; baseline 0.003 -11"><span class='ocrx_word' id='word_1_362' title='bbox 294 2356 356 2387; x_wconf 85' lang='lat' dir='ltr'><strong>nisi</strong></span> <span class='ocrx_word' id='word_1_363' title='bbox 387 2356 531 2396; x_wconf 90' lang='lat' dir='ltr'><strong>reliquus</strong></span> <span class='ocrx_word' id='word_1_364' title='bbox 557 2356 777 2397; x_wconf 86' lang='lat' dir='ltr'><strong>superfuisset,</strong></span> <span class='ocrx_word' id='word_1_365' title='bbox 807 2367 871 2387; x_wconf 85' lang='lat' dir='ltr'><strong>non</strong></span> <span class='ocrx_word' id='word_1_366' title='bbox 896 2363 962 2388; x_wconf 88' lang='lat' dir='ltr'><strong>tam</strong></span> <span class='ocrx_word' id='word_1_367' title='bbox 985 2358 1159 2397; x_wconf 87' lang='lat' dir='ltr'><strong>conspicua</strong></span> <span class='ocrx_word' id='word_1_368' title='bbox 1181 2364 1265 2389; x_wconf 88' lang='lat' dir='ltr'><strong>esset</strong></span> 
     </span>
    </p>
   </div>
   <div class='ocr_carea' id='block_1_7' title="bbox 295 2398 1291 2439">
    <p class='ocr_par' dir='ltr' id='par_1_9' title="bbox 295 2398 1291 2439">
     <span class='ocr_line' id='line_1_51' title="bbox 295 2398 1291 2439; baseline 0.002 -10"><span class='ocrx_word' id='word_1_369' title='bbox 295 2398 406 2430; x_wconf 88' lang='lat' dir='ltr'><strong>mundi</strong></span> <span class='ocrx_word' id='word_1_370' title='bbox 438 2398 613 2430; x_wconf 86' lang='lat' dir='ltr'><strong>damnatio.</strong></span> <span class='ocrx_word' id='word_1_371' title='bbox 659 2399 754 2438; x_wconf 78' lang='lat' dir='ltr'><strong>Quod</strong></span> <span class='ocrx_word' id='word_1_372' title='bbox 781 2409 857 2439; x_wconf 87' lang='lat' dir='ltr'><strong>ergo</strong></span> <span class='ocrx_word' id='word_1_373' title='bbox 881 2399 943 2430; x_wconf 91' lang='lat' dir='ltr'><strong>Dei</strong></span> <span class='ocrx_word' id='word_1_374' title='bbox 967 2400 1119 2431; x_wconf 86' lang='lat' dir='ltr'><strong>mandato</strong></span> <span class='ocrx_word' id='word_1_375' title='bbox 1143 2400 1263 2431; x_wconf 88' lang='lat' dir='ltr'><strong>obtem·</strong></span> <span class='ocrx_word' id='word_1_376' title='bbox 1289 2412 1291 2417; x_wconf 69' lang='grc'>’</span> 
     </span>
    </p>
   </div>
   <div class='ocr_carea' id='block_1_8' title="bbox 294 2441 1265 2694">
    <p class='ocr_par' dir='ltr' id='par_1_10' title="bbox 294 2441 1265 2643">
     <span class='ocr_line' id='line_1_52' title="bbox 294 2441 1264 2482; baseline 0.002 -10"><span class='ocrx_word' id='word_1_377' title='bbox 294 2447 386 2481; x_wconf 88' lang='lat' dir='ltr'><strong>perat</strong></span> <span class='ocrx_word' id='word_1_378' title='bbox 408 2441 487 2478; x_wconf 86' lang='lat' dir='ltr'><strong>Noe,</strong></span> <span class='ocrx_word' id='word_1_379' title='bbox 518 2441 630 2473; x_wconf 90' lang='lat' dir='ltr'><strong>mundi</strong></span> <span class='ocrx_word' id='word_1_380' title='bbox 659 2442 894 2473; x_wconf 84' lang='lat' dir='ltr'><strong>contumaciam</strong></span> <span class='ocrx_word' id='word_1_381' title='bbox 923 2452 982 2473; x_wconf 89' lang='lat' dir='ltr'><strong>suo</strong></span> <span class='ocrx_word' id='word_1_382' title='bbox 1005 2442 1154 2482; x_wconf 78' lang='lat' dir='ltr'><strong>exemplo</strong></span> <span class='ocrx_word' id='word_1_383' title='bbox 1177 2443 1264 2474; x_wconf 89' lang='lat' dir='ltr'><strong>dam-</strong></span> 
     </span>
     <span class='ocr_line' id='line_1_53' title="bbox 294 2484 1264 2524; baseline 0.003 -10"><span class='ocrx_word' id='word_1_384' title='bbox 294 2490 363 2514; x_wconf 90' lang='lat' dir='ltr'><strong>nat:</strong></span> <span class='ocrx_word' id='word_1_385' title='bbox 399 2484 484 2524; x_wconf 90' lang='lat' dir='ltr'><strong>quod</strong></span> <span class='ocrx_word' id='word_1_386' title='bbox 514 2484 705 2516; x_wconf 86' lang='lat' dir='ltr'><strong>mirabiliter</strong></span> <span class='ocrx_word' id='word_1_387' title='bbox 734 2485 870 2524; x_wconf 83' lang='lat' dir='ltr'><strong>eripitur</strong></span> <span class='ocrx_word' id='word_1_388' title='bbox 893 2495 933 2516; x_wconf 83' lang='lat' dir='ltr'><strong>ex</strong></span> <span class='ocrx_word' id='word_1_389' title='bbox 956 2486 1062 2516; x_wconf 85' lang='lat' dir='ltr'><strong>media</strong></span> <span class='ocrx_word' id='word_1_390' title='bbox 1085 2488 1197 2523; x_wconf 83' lang='lat' dir='ltr'><strong>morte,</strong></span> <span class='ocrx_word' id='word_1_391' title='bbox 1232 2486 1264 2517; x_wconf 92' lang='lat' dir='ltr'><strong>id</strong></span> 
     </span>
     <span class='ocr_line' id='line_1_54' title="bbox 295 2526 1263 2568; baseline 0.003 -12"><span class='ocrx_word' id='word_1_392' title='bbox 295 2526 487 2558; x_wconf 86' lang='lat' dir='ltr'><strong>documento</strong></span> <span class='ocrx_word' id='word_1_393' title='bbox 518 2533 575 2565; x_wconf 89' lang='lat' dir='ltr'><strong>est,</strong></span> <span class='ocrx_word' id='word_1_394' title='bbox 605 2528 688 2559; x_wconf 83' lang='lat' dir='ltr'><strong>iuste</strong></span> <span class='ocrx_word' id='word_1_395' title='bbox 717 2527 822 2567; x_wconf 91' lang='lat' dir='ltr'><strong>perire</strong></span> <span class='ocrx_word' id='word_1_396' title='bbox 845 2533 948 2558; x_wconf 89' lang='lat' dir='ltr'><strong>totum</strong></span> <span class='ocrx_word' id='word_1_397' title='bbox 972 2527 1139 2566; x_wconf 88' lang='lat' dir='ltr'><strong>mundum,</strong></span> <span class='ocrx_word' id='word_1_398' title='bbox 1170 2539 1263 2568; x_wconf 90' lang='lat' dir='ltr'><strong>quem</strong></span> 
     </span>
     <span class='ocr_line' id='line_1_55' title="bbox 294 2569 1265 2611; baseline 0.004 -12"><span class='ocrx_word' id='word_1_399' title='bbox 294 2569 502 2608; x_wconf 89' lang='lat' dir='ltr'><strong>proculdubio</strong></span> <span class='ocrx_word' id='word_1_400' title='bbox 543 2575 687 2602; x_wconf 88' lang='lat' dir='ltr'><strong>servaret</strong></span> <span class='ocrx_word' id='word_1_401' title='bbox 728 2569 835 2610; x_wconf 88' lang='lat' dir='ltr'><strong>Deus,</strong></span> <span class='ocrx_word' id='word_1_402' title='bbox 881 2571 942 2601; x_wconf 91' lang='lat' dir='ltr'><strong>nisi</strong></span> <span class='ocrx_word' id='word_1_403' title='bbox 981 2571 1136 2611; x_wconf 86' lang='lat' dir='ltr'><strong>indignus</strong></span> <span class='ocrx_word' id='word_1_404' title='bbox 1181 2575 1265 2603; x_wconf 89' lang='lat' dir='ltr'><strong>esset</strong></span> 
     </span>
     <span class='ocr_line' id='line_1_56' title="bbox 294 2611 408 2643; baseline 0.009 -1"><span class='ocrx_word' id='word_1_405' title='bbox 294 2611 408 2643; x_wconf 85' lang='lat' dir='ltr'><strong>salute.</strong></span> 
     </span>
    </p>

    <p class='ocr_par' dir='ltr' id='par_1_11' title="bbox 385 2654 1265 2694">
     <span class='ocr_line' id='line_1_57' title="bbox 385 2654 1265 2694; baseline 0.002 -8"><span class='ocrx_word' id='word_1_406' title='bbox 385 2654 469 2693; x_wconf 74' lang='lat' dir='ltr'><strong>Quae</strong></span> <span class='ocrx_word' id='word_1_407' title='bbox 496 2656 662 2687; x_wconf 81' lang='lat' dir='ltr'><strong>secundum</strong></span> <span class='ocrx_word' id='word_1_408' title='bbox 689 2655 781 2694; x_wconf 69' lang='lat' dir='ltr'><strong>sidem</strong></span> <span class='ocrx_word' id='word_1_409' title='bbox 812 2658 863 2694; x_wconf 81' lang='lat' dir='ltr'><strong>est,</strong></span> <span class='ocrx_word' id='word_1_410' title='bbox 897 2656 1042 2688; x_wconf 81' lang='lat' dir='ltr'><strong>iustitiae.</strong></span> <span class='ocrx_word' id='word_1_411' title='bbox 1090 2656 1160 2688; x_wconf 90' lang='lat' dir='ltr'><strong>Hoc</strong></span> <span class='ocrx_word' id='word_1_412' title='bbox 1193 2657 1265 2688; x_wconf 90' lang='lat' dir='ltr'><strong>ulti-</strong></span> 
     </span>
    </p>
   </div>
   <div class='ocr_carea' id='block_1_9' title="bbox 1290 339 1300 2006">
    <p class='ocr_par' dir='ltr' id='par_1_12' title="bbox 1290 339 1300 2006">
     <span class='ocr_line' id='line_1_58' title="bbox 1290 339 1300 2006; baseline 0 0"><span class='ocrx_word' id='word_1_413' title='bbox 1290 339 1300 2006; x_wconf 95' lang='lat' dir='ltr'><strong> </strong></span> 
     </span>
    </p>
   </div>
   <div class='ocr_carea' id='block_1_10' title="bbox 1289 2147 1294 2683">
    <p class='ocr_par' dir='ltr' id='par_1_13' title="bbox 1289 2147 1294 2683">
     <span class='ocr_line' id='line_1_59' title="bbox 1289 2147 1294 2683; baseline 0 0"><span class='ocrx_word' id='word_1_414' title='bbox 1289 2147 1294 2683; x_wconf 95' lang='lat' dir='ltr'><strong> </strong></span> 
     </span>
    </p>
   </div>
   <div class='ocr_carea' id='block_1_11' title="bbox 1322 304 2293 765">
    <p class='ocr_par' dir='ltr' id='par_1_14' title="bbox 1322 304 2293 765">
     <span class='ocr_line' id='line_1_60' title="bbox 1324 304 2292 345; baseline 0.003 -10"><span class='ocrx_word' id='word_1_415' title='bbox 1324 314 1413 335; x_wconf 89' lang='lat' dir='ltr'><strong>mum</strong></span> <span class='ocrx_word' id='word_1_416' title='bbox 1444 309 1492 336; x_wconf 88' lang='lat' dir='ltr'><strong>cst</strong></span> <span class='ocrx_word' id='word_1_417' title='bbox 1520 305 1605 345; x_wconf 88' lang='lat' dir='ltr'><strong>quod</strong></span> <span class='ocrx_word' id='word_1_418' title='bbox 1635 305 1869 336; x_wconf 83' lang='lat' dir='ltr'><strong>observandum</strong></span> <span class='ocrx_word' id='word_1_419' title='bbox 1901 304 2053 337; x_wconf 83' lang='lat' dir='ltr'><strong>admonet</strong></span> <span class='ocrx_word' id='word_1_420' title='bbox 2076 307 2236 345; x_wconf 72' lang='lat' dir='ltr'><strong>apostolus</strong></span> <span class='ocrx_word' id='word_1_421' title='bbox 2260 309 2292 339; x_wconf 89' lang='lat' dir='ltr'><strong>in</strong></span> 
     </span>
     <span class='ocr_line' id='line_1_61' title="bbox 1324 347 2292 386; baseline 0.003 -8"><span class='ocrx_word' id='word_1_422' title='bbox 1324 357 1461 386; x_wconf 84' lang='lat' dir='ltr'><strong>persona</strong></span> <span class='ocrx_word' id='word_1_423' title='bbox 1494 347 1571 378; x_wconf 89' lang='lat' dir='ltr'><strong>Noe.</strong></span> <span class='ocrx_word' id='word_1_424' title='bbox 1628 348 1735 379; x_wconf 85' lang='lat' dir='ltr'><strong>Moses</strong></span> <span class='ocrx_word' id='word_1_425' title='bbox 1777 349 1875 379; x_wconf 84' lang='lat' dir='ltr'><strong>refert</strong></span> <span class='ocrx_word' id='word_1_426' title='bbox 1909 347 1999 379; x_wconf 85' lang='lat' dir='ltr'><strong>illum</strong></span> <span class='ocrx_word' id='word_1_427' title='bbox 2035 348 2131 380; x_wconf 77' lang='lat' dir='ltr'><strong>fuisso</strong></span> <span class='ocrx_word' id='word_1_428' title='bbox 2165 349 2292 381; x_wconf 80' lang='lat' dir='ltr'><strong>iustum.</strong></span> 
     </span>
     <span class='ocr_line' id='line_1_62' title="bbox 1323 390 2293 432; baseline 0.002 -11"><span class='ocrx_word' id='word_1_429' title='bbox 1323 390 1463 421; x_wconf 74' lang='lat' dir='ltr'><strong>Onusam</strong></span> <span class='ocrx_word' id='word_1_430' title='bbox 1480 400 1515 422; x_wconf 83' lang='lat' dir='ltr'><strong>ac</strong></span> <span class='ocrx_word' id='word_1_431' title='bbox 1533 390 1670 422; x_wconf 79' lang='lat' dir='ltr'><strong>radicem</strong></span> <span class='ocrx_word' id='word_1_432' title='bbox 1696 391 1792 422; x_wconf 88' lang='lat' dir='ltr'><strong>huius</strong></span> <span class='ocrx_word' id='word_1_433' title='bbox 1816 390 1956 422; x_wconf 88' lang='lat' dir='ltr'><strong>iustitiae</strong></span> <span class='ocrx_word' id='word_1_434' title='bbox 1980 390 2075 422; x_wconf 89' lang='lat' dir='ltr'><strong>fidem</strong></span> <span class='ocrx_word' id='word_1_435' title='bbox 2100 391 2197 423; x_wconf 84' lang='lat' dir='ltr'><strong>fuisse</strong></span> <span class='ocrx_word' id='word_1_436' title='bbox 2220 393 2293 432; x_wconf 82' lang='lat' dir='ltr'><strong>quia</strong></span> 
     </span>
     <span class='ocr_line' id='line_1_63' title="bbox 1323 431 2291 474; baseline 0.003 -11"><span class='ocrx_word' id='word_1_437' title='bbox 1323 431 1376 464; x_wconf 90' lang='lat' dir='ltr'><strong>illc</strong></span> <span class='ocrx_word' id='word_1_438' title='bbox 1400 433 1552 465; x_wconf 85' lang='lat' dir='ltr'><strong>historice</strong></span> <span class='ocrx_word' id='word_1_439' title='bbox 1575 444 1639 464; x_wconf 86' lang='lat' dir='ltr'><strong>non</strong></span> <span class='ocrx_word' id='word_1_440' title='bbox 1665 434 1771 471; x_wconf 86' lang='lat' dir='ltr'><strong>rofcrt,</strong></span> <span class='ocrx_word' id='word_1_441' title='bbox 1795 443 1834 465; x_wconf 83' lang='lat' dir='ltr'><strong>ex</strong></span> <span class='ocrx_word' id='word_1_442' title='bbox 1860 444 1893 464; x_wconf 90' lang='lat' dir='ltr'><strong>ro</strong></span> <span class='ocrx_word' id='word_1_443' title='bbox 1914 433 1984 473; x_wconf 85' lang='lat' dir='ltr'><strong>ipsa</strong></span> <span class='ocrx_word' id='word_1_444' title='bbox 2007 434 2170 474; x_wconf 77' lang='lat' dir='ltr'><strong>apostolus</strong></span> <span class='ocrx_word' id='word_1_445' title='bbox 2194 437 2291 466; x_wconf 81' lang='lat' dir='ltr'><strong>testa-</strong></span> 
     </span>
     <span class='ocr_line' id='line_1_64' title="bbox 1324 475 2293 516; baseline 0.005 -11"><span class='ocrx_word' id='word_1_446' title='bbox 1324 481 1384 507; x_wconf 87' lang='lat' dir='ltr'><strong>tur.</strong></span> <span class='ocrx_word' id='word_1_447' title='bbox 1431 475 1525 515; x_wconf 68' lang='lat' dir='ltr'><strong>Quod</strong></span> <span class='ocrx_word' id='word_1_448' title='bbox 1556 487 1620 508; x_wconf 92' lang='lat' dir='ltr'><strong>non</strong></span> <span class='ocrx_word' id='word_1_449' title='bbox 1645 477 1715 507; x_wconf 89' lang='lat' dir='ltr'><strong>idco</strong></span> <span class='ocrx_word' id='word_1_450' title='bbox 1740 482 1866 507; x_wconf 87' lang='lat' dir='ltr'><strong>tuntum</strong></span> <span class='ocrx_word' id='word_1_451' title='bbox 1892 486 2003 507; x_wconf 88' lang='lat' dir='ltr'><strong>verum</strong></span> <span class='ocrx_word' id='word_1_452' title='bbox 2028 483 2077 508; x_wconf 87' lang='lat' dir='ltr'><strong>est</strong></span> <span class='ocrx_word' id='word_1_453' title='bbox 2099 477 2176 516; x_wconf 86' lang='lat' dir='ltr'><strong>quia</strong></span> <span class='ocrx_word' id='word_1_454' title='bbox 2200 488 2293 510; x_wconf 86' lang='lat' dir='ltr'><strong>nemo</strong></span> 
     </span>
     <span class='ocr_line' id='line_1_65' title="bbox 1324 519 2292 559; baseline 0.002 -10"><span class='ocrx_word' id='word_1_455' title='bbox 1324 528 1464 558; x_wconf 84' lang='lat' dir='ltr'><strong>unquam</strong></span> <span class='ocrx_word' id='word_1_456' title='bbox 1496 530 1531 550; x_wconf 89' lang='lat' dir='ltr'><strong>se</strong></span> <span class='ocrx_word' id='word_1_457' title='bbox 1560 520 1629 550; x_wconf 87' lang='lat' dir='ltr'><strong>Deo</strong></span> <span class='ocrx_word' id='word_1_458' title='bbox 1661 520 1692 550; x_wconf 90' lang='lat' dir='ltr'><strong>in</strong></span> <span class='ocrx_word' id='word_1_459' title='bbox 1723 520 1910 559; x_wconf 87' lang='lat' dir='ltr'><strong>obsequium</strong></span> <span class='ocrx_word' id='word_1_460' title='bbox 1943 520 2067 551; x_wconf 83' lang='lat' dir='ltr'><strong>sincere</strong></span> <span class='ocrx_word' id='word_1_461' title='bbox 2097 519 2196 559; x_wconf 82' lang='lat' dir='ltr'><strong>addit,</strong></span> <span class='ocrx_word' id='word_1_462' title='bbox 2231 521 2292 552; x_wconf 91' lang='lat' dir='ltr'><strong>nisi</strong></span> 
     </span>
     <span class='ocr_line' id='line_1_66' title="bbox 1322 561 2291 602; baseline 0.004 -11"><span class='ocrx_word' id='word_1_463' title='bbox 1322 561 1375 600; x_wconf 90' lang='lat' dir='ltr'><strong>qui</strong></span> <span class='ocrx_word' id='word_1_464' title='bbox 1393 567 1545 601; x_wconf 83' lang='lat' dir='ltr'><strong>paternae</strong></span> <span class='ocrx_word' id='word_1_465' title='bbox 1561 562 1630 593; x_wconf 92' lang='lat' dir='ltr'><strong>eius</strong></span> <span class='ocrx_word' id='word_1_466' title='bbox 1648 562 1890 594; x_wconf 86' lang='lat' dir='ltr'><strong>benevolentiae</strong></span> <span class='ocrx_word' id='word_1_467' title='bbox 1908 562 2173 602; x_wconf 86' lang='lat' dir='ltr'><strong>promissionibus</strong></span> <span class='ocrx_word' id='word_1_468' title='bbox 2191 563 2291 595; x_wconf 79' lang='lat' dir='ltr'><strong>fretus</strong></span> 
     </span>
     <span class='ocr_line' id='line_1_67' title="bbox 1322 604 2293 646; baseline 0.002 -11"><span class='ocrx_word' id='word_1_469' title='bbox 1322 609 1485 644; x_wconf 86' lang='lat' dir='ltr'><strong>acceptam</strong></span> <span class='ocrx_word' id='word_1_470' title='bbox 1520 604 1565 635; x_wconf 92' lang='lat' dir='ltr'><strong>illi</strong></span> <span class='ocrx_word' id='word_1_471' title='bbox 1595 615 1686 635; x_wconf 85' lang='lat' dir='ltr'><strong>suam</strong></span> <span class='ocrx_word' id='word_1_472' title='bbox 1719 605 1818 636; x_wconf 87' lang='lat' dir='ltr'><strong>vitam</strong></span> <span class='ocrx_word' id='word_1_473' title='bbox 1851 606 1918 636; x_wconf 84' lang='lat' dir='ltr'><strong>foro</strong></span> <span class='ocrx_word' id='word_1_474' title='bbox 1949 605 2097 636; x_wconf 84' lang='lat' dir='ltr'><strong>confidit:</strong></span> <span class='ocrx_word' id='word_1_475' title='bbox 2131 605 2186 637; x_wconf 89' lang='lat' dir='ltr'><strong>sed</strong></span> <span class='ocrx_word' id='word_1_476' title='bbox 2218 607 2293 646; x_wconf 86' lang='lat' dir='ltr'><strong>quia</strong></span> 
     </span>
     <span class='ocr_line' id='line_1_68' title="bbox 1322 646 2289 688; baseline 0.002 -11"><span class='ocrx_word' id='word_1_477' title='bbox 1322 646 1442 678; x_wconf 91' lang='lat' dir='ltr'><strong>nullius</strong></span> <span class='ocrx_word' id='word_1_478' title='bbox 1458 647 1636 687; x_wconf 86' lang='lat' dir='ltr'><strong>quamlibet</strong></span> <span class='ocrx_word' id='word_1_479' title='bbox 1651 648 1754 679; x_wconf 82' lang='lat' dir='ltr'><strong>sancti</strong></span> <span class='ocrx_word' id='word_1_480' title='bbox 1778 648 1918 679; x_wconf 89' lang='lat' dir='ltr'><strong>hominis</strong></span> <span class='ocrx_word' id='word_1_481' title='bbox 1941 648 2018 685; x_wconf 79' lang='lat' dir='ltr'><strong>vita,</strong></span> <span class='ocrx_word' id='word_1_482' title='bbox 2043 658 2141 688; x_wconf 89' lang='lat' dir='ltr'><strong>quum</strong></span> <span class='ocrx_word' id='word_1_483' title='bbox 2164 649 2203 679; x_wconf 89' lang='lat' dir='ltr'><strong>ad</strong></span> <span class='ocrx_word' id='word_1_484' title='bbox 2228 649 2289 680; x_wconf 80' lang='lat' dir='ltr'><strong>Dei</strong></span> 
     </span>
     <span class='ocr_line' id='line_1_69' title="bbox 1322 689 2290 732; baseline 0.004 -13"><span class='ocrx_word' id='word_1_485' title='bbox 1322 689 1466 730; x_wconf 85' lang='lat' dir='ltr'><strong>regulam</strong></span> <span class='ocrx_word' id='word_1_486' title='bbox 1497 690 1650 729; x_wconf 79' lang='lat' dir='ltr'><strong>exigitur,</strong></span> <span class='ocrx_word' id='word_1_487' title='bbox 1682 690 1807 729; x_wconf 86' lang='lat' dir='ltr'><strong>placere</strong></span> <span class='ocrx_word' id='word_1_488' title='bbox 1830 691 1900 722; x_wconf 86' lang='lat' dir='ltr'><strong>sinc</strong></span> <span class='ocrx_word' id='word_1_489' title='bbox 1925 691 2019 721; x_wconf 85' lang='lat' dir='ltr'><strong>venia</strong></span> <span class='ocrx_word' id='word_1_490' title='bbox 2042 697 2157 730; x_wconf 85' lang='lat' dir='ltr'><strong>potest.</strong></span> <span class='ocrx_word' id='word_1_491' title='bbox 2202 692 2290 732; x_wconf 86' lang='lat' dir='ltr'><strong>Ergo</strong></span> 
     </span>
     <span class='ocr_line' id='line_1_70' title="bbox 1322 732 2103 765; baseline 0 -1"><span class='ocrx_word' id='word_1_492' title='bbox 1322 743 1451 764; x_wconf 87' lang='lat' dir='ltr'><strong>necesse</strong></span> <span class='ocrx_word' id='word_1_493' title='bbox 1474 739 1523 763; x_wconf 82' lang='lat' dir='ltr'><strong>est</strong></span> <span class='ocrx_word' id='word_1_494' title='bbox 1546 738 1582 763; x_wconf 89' lang='lat' dir='ltr'><strong>ut</strong></span> <span class='ocrx_word' id='word_1_495' title='bbox 1605 733 1638 763; x_wconf 90' lang='lat' dir='ltr'><strong>in</strong></span> <span class='ocrx_word' id='word_1_496' title='bbox 1663 732 1758 763; x_wconf 87' lang='lat' dir='ltr'><strong>fidem</strong></span> <span class='ocrx_word' id='word_1_497' title='bbox 1782 733 1905 764; x_wconf 87' lang='lat' dir='ltr'><strong>iustitia</strong></span> <span class='ocrx_word' id='word_1_498' title='bbox 1928 734 2103 765; x_wconf 81' lang='lat' dir='ltr'><strong>recumbat.</strong></span> 
     </span>
    </p>
   </div>
   <div class='ocr_carea' id='block_1_12' title="bbox 1314 816 2294 1372">
    <p class='ocr_par' dir='ltr' id='par_1_15' title="bbox 1314 816 2294 1372">
     <span class='ocr_line' id='line_1_71' title="bbox 1406 816 2294 858; baseline 0.002 -10"><span class='ocrx_word' id='word_1_499' title='bbox 1406 818 1435 848; x_wconf 89' lang='lat'><strong>8.</strong></span> <span class='ocrx_word' id='word_1_500' title='bbox 1459 816 1539 848; x_wconf 82' lang='lat' dir='ltr'><strong>Fide</strong></span> <span class='ocrx_word' id='word_1_501' title='bbox 1554 816 1725 856; x_wconf 78' lang='lat' dir='ltr'><strong>Abraham,</strong></span> <span class='ocrx_word' id='word_1_502' title='bbox 1749 827 1842 856; x_wconf 77' lang='lat' dir='ltr'><strong>quum</strong></span> <span class='ocrx_word' id='word_1_503' title='bbox 1857 821 1980 850; x_wconf 81' lang='lat' dir='ltr'><strong>vocatus</strong></span> <span class='ocrx_word' id='word_1_504' title='bbox 1998 822 2085 858; x_wconf 84' lang='lat' dir='ltr'><strong>esset,</strong></span> <span class='ocrx_word' id='word_1_505' title='bbox 2109 819 2237 851; x_wconf 82' lang='lat' dir='ltr'><strong>obedivi!</strong></span> <span class='ocrx_word' id='word_1_506' title='bbox 2260 822 2294 850; x_wconf 86' lang='lat' dir='ltr'><strong>ut</strong></span> 
     </span>
     <span class='ocr_line' id='line_1_72' title="bbox 1320 860 2292 899; baseline 0.003 -9"><span class='ocrx_word' id='word_1_507' title='bbox 1320 860 1417 891; x_wconf 71' lang='lat' dir='ltr'><strong>exiret</strong></span> <span class='ocrx_word' id='word_1_508' title='bbox 1433 860 1468 890; x_wconf 76' lang='lat' dir='ltr'><strong>in</strong></span> <span class='ocrx_word' id='word_1_509' title='bbox 1488 860 1585 891; x_wconf 83' lang='lat' dir='ltr'><strong>locum</strong></span> <span class='ocrx_word' id='word_1_510' title='bbox 1607 869 1697 898; x_wconf 75' lang='lat' dir='ltr'><strong>quem</strong></span> <span class='ocrx_word' id='word_1_511' title='bbox 1719 862 1897 899; x_wconf 81' lang='lat' dir='ltr'><strong>accepturus</strong></span> <span class='ocrx_word' id='word_1_512' title='bbox 1918 864 1983 892; x_wconf 84' lang='lat' dir='ltr'><strong>erat</strong></span> <span class='ocrx_word' id='word_1_513' title='bbox 2006 862 2040 893; x_wconf 74' lang='lat' dir='ltr'><strong>in</strong></span> <span class='ocrx_word' id='word_1_514' title='bbox 2062 862 2292 894; x_wconf 68' lang='lat' dir='ltr'><strong>haereditatem:</strong></span> 
     </span>
     <span class='ocr_line' id='line_1_73' title="bbox 1320 902 2292 945; baseline 0.003 -12"><span class='ocrx_word' id='word_1_515' title='bbox 1320 904 1346 933; x_wconf 80' lang='lat' dir='ltr'><strong>ct</strong></span> <span class='ocrx_word' id='word_1_516' title='bbox 1375 903 1470 934; x_wconf 77' lang='lat' dir='ltr'><strong>exivit</strong></span> <span class='ocrx_word' id='word_1_517' title='bbox 1496 902 1632 934; x_wconf 71' lang='lat' dir='ltr'><strong>nesciens</strong></span> <span class='ocrx_word' id='word_1_518' title='bbox 1660 912 1720 942; x_wconf 79' lang='lat' dir='ltr'><strong>quo</strong></span> <span class='ocrx_word' id='word_1_519' title='bbox 1748 903 1874 933; x_wconf 75' lang='lat' dir='ltr'><strong>venii-et.</strong></span> <span class='ocrx_word' id='word_1_520' title='bbox 1920 903 1949 935; x_wconf 89' lang='lat'><strong>9.</strong></span> <span class='ocrx_word' id='word_1_521' title='bbox 1975 903 2054 936; x_wconf 87' lang='lat' dir='ltr'><strong>Fide</strong></span> <span class='ocrx_word' id='word_1_522' title='bbox 2071 905 2292 945; x_wconf 73' lang='lat' dir='ltr'><strong>pereqriuatus</strong></span> 
     </span>
     <span class='ocr_line' id='line_1_74' title="bbox 1321 945 2293 984; baseline 0.003 -8"><span class='ocrx_word' id='word_1_523' title='bbox 1321 947 1365 976; x_wconf 85' lang='lat' dir='ltr'><strong>est</strong></span> <span class='ocrx_word' id='word_1_524' title='bbox 1396 946 1431 975; x_wconf 81' lang='lat' dir='ltr'><strong>iu</strong></span> <span class='ocrx_word' id='word_1_525' title='bbox 1457 948 1542 976; x_wconf 77' lang='lat' dir='ltr'><strong>terra</strong></span> <span class='ocrx_word' id='word_1_526' title='bbox 1565 946 1727 984; x_wconf 79' lang='lat' dir='ltr'><strong>promissa</strong></span> <span class='ocrx_word' id='word_1_527' title='bbox 1755 945 1847 984; x_wconf 80' lang='lat' dir='ltr'><strong>quasi</strong></span> <span class='ocrx_word' id='word_1_528' title='bbox 1877 945 1999 978; x_wconf 82' lang='lat' dir='ltr'><strong>aliena.-</strong></span> <span class='ocrx_word' id='word_1_529' title='bbox 2032 948 2065 978; x_wconf 78' lang='lat' dir='ltr'><strong>in</strong></span> <span class='ocrx_word' id='word_1_530' title='bbox 2087 947 2293 979; x_wconf 80' lang='lat' dir='ltr'><strong>tabernaculis</strong></span> 
     </span>
     <span class='ocr_line' id='line_1_75' title="bbox 1319 987 2292 1023; baseline 0.003 -5"><span class='ocrx_word' id='word_1_531' title='bbox 1319 987 1463 1019; x_wconf 72' lang='lat' dir='ltr'><strong>habitans</strong></span> <span class='ocrx_word' id='word_1_532' title='bbox 1494 997 1562 1019; x_wconf 84' lang='lat' dir='ltr'><strong>cum</strong></span> <span class='ocrx_word' id='word_1_533' title='bbox 1593 987 1688 1019; x_wconf 81' lang='lat' dir='ltr'><strong>Isaac</strong></span> <span class='ocrx_word' id='word_1_534' title='bbox 1720 990 1748 1019; x_wconf 83' lang='lat' dir='ltr'><strong>et</strong></span> <span class='ocrx_word' id='word_1_535' title='bbox 1781 987 1876 1019; x_wconf 80' lang='lat' dir='ltr'><strong>Iacob</strong></span> <span class='ocrx_word' id='word_1_536' title='bbox 1909 988 2124 1023; x_wconf 78' lang='lat' dir='ltr'><strong>cohaeredibus</strong></span> <span class='ocrx_word' id='word_1_537' title='bbox 2156 991 2292 1022; x_wconf 83' lang='lat' dir='ltr'><strong>eiusdem</strong></span> 
     </span>
     <span class='ocr_line' id='line_1_76' title="bbox 1314 1030 2292 1070; baseline 0.002 -8"><span class='ocrx_word' id='word_1_538' title='bbox 1314 1031 1548 1070; x_wconf 75' lang='lat' dir='ltr'><strong>promissionis.</strong></span> <span class='ocrx_word' id='word_1_539' title='bbox 1596 1031 1645 1062; x_wconf 89' lang='lat'><strong>10.</strong></span> <span class='ocrx_word' id='word_1_540' title='bbox 1670 1030 1878 1070; x_wconf 66' lang='lat' dir='ltr'><strong>Exspectabat</strong></span> <span class='ocrx_word' id='word_1_541' title='bbox 1902 1032 1983 1062; x_wconf 83' lang='lat' dir='ltr'><strong>enim</strong></span> <span class='ocrx_word' id='word_1_542' title='bbox 2009 1032 2160 1065; x_wconf 79' lang='lat' dir='ltr'><strong>civitatem</strong></span> <span class='ocrx_word' id='word_1_543' title='bbox 2182 1033 2292 1064; x_wconf 71' lang='lat' dir='ltr'><strong>liaben—</strong></span> 
     </span>
     <span class='ocr_line' id='line_1_77' title="bbox 1319 1072 2290 1115; baseline 0.004 -11"><span class='ocrx_word' id='word_1_544' title='bbox 1319 1076 1377 1104; x_wconf 84' lang='lat' dir='ltr'><strong>tem</strong></span> <span class='ocrx_word' id='word_1_545' title='bbox 1398 1074 1611 1113; x_wconf 79' lang='lat' dir='ltr'><strong>fundamenta,</strong></span> <span class='ocrx_word' id='word_1_546' title='bbox 1638 1073 1728 1105; x_wconf 87' lang='lat' dir='ltr'><strong>cuius</strong></span> <span class='ocrx_word' id='word_1_547' title='bbox 1750 1072 1932 1105; x_wconf 77' lang='lat' dir='ltr'><strong>architectus</strong></span> <span class='ocrx_word' id='word_1_548' title='bbox 1953 1077 1981 1106; x_wconf 85' lang='lat' dir='ltr'><strong>et</strong></span> <span class='ocrx_word' id='word_1_549' title='bbox 2002 1075 2106 1115; x_wconf 69' lang='lat' dir='ltr'><strong>opifeoe</strong></span> <span class='ocrx_word' id='word_1_550' title='bbox 2127 1078 2171 1108; x_wconf 85' lang='lat' dir='ltr'><strong>est</strong></span> <span class='ocrx_word' id='word_1_551' title='bbox 2194 1076 2290 1107; x_wconf 85' lang='lat' dir='ltr'><strong>Deus.</strong></span> 
     </span>
     <span class='ocr_line' id='line_1_78' title="bbox 1322 1115 2291 1158; baseline 0.002 -11"><span class='ocrx_word' id='word_1_552' title='bbox 1322 1117 1371 1148; x_wconf 92' lang='grc'><strong>11.</strong></span> <span class='ocrx_word' id='word_1_553' title='bbox 1401 1116 1483 1148; x_wconf 88' lang='lat' dir='ltr'><strong>Fide</strong></span> <span class='ocrx_word' id='word_1_554' title='bbox 1515 1119 1542 1148; x_wconf 84' lang='lat' dir='ltr'><strong>et</strong></span> <span class='ocrx_word' id='word_1_555' title='bbox 1574 1117 1646 1156; x_wconf 76' lang='lat' dir='ltr'><strong>ipsa</strong></span> <span class='ocrx_word' id='word_1_556' title='bbox 1677 1115 1762 1148; x_wconf 84' lang='lat' dir='ltr'><strong>Sara</strong></span> <span class='ocrx_word' id='word_1_557' title='bbox 1793 1116 1974 1156; x_wconf 74' lang='lat' dir='ltr'><strong>facultatem</strong></span> <span class='ocrx_word' id='word_1_558' title='bbox 2002 1118 2045 1149; x_wconf 87' lang='lat' dir='ltr'><strong>ad</strong></span> <span class='ocrx_word' id='word_1_559' title='bbox 2074 1119 2291 1158; x_wconf 74' lang='lat' dir='ltr'><strong>conceptionem</strong></span> 
     </span>
     <span class='ocr_line' id='line_1_79' title="bbox 1320 1159 2292 1200; baseline 0.002 -10"><span class='ocrx_word' id='word_1_560' title='bbox 1320 1159 1449 1191; x_wconf 78' lang='lat' dir='ltr'><strong>seminis</strong></span> <span class='ocrx_word' id='word_1_561' title='bbox 1482 1160 1606 1199; x_wconf 78' lang='lat' dir='ltr'><strong>aceepit,</strong></span> <span class='ocrx_word' id='word_1_562' title='bbox 1642 1162 1668 1191; x_wconf 80' lang='lat' dir='ltr'><strong>et</strong></span> <span class='ocrx_word' id='word_1_563' title='bbox 1699 1161 1828 1198; x_wconf 76' lang='lat' dir='ltr'><strong>praeter</strong></span> <span class='ocrx_word' id='word_1_564' title='bbox 1861 1161 1980 1199; x_wconf 76' lang='lat' dir='ltr'><strong>tempus</strong></span> <span class='ocrx_word' id='word_1_565' title='bbox 2013 1161 2124 1193; x_wconf 81' lang='lat' dir='ltr'><strong>aetatis</strong></span> <span class='ocrx_word' id='word_1_566' title='bbox 2151 1162 2292 1200; x_wconf 76' lang='lat' dir='ltr'><strong>peperit:</strong></span> 
     </span>
     <span class='ocr_line' id='line_1_80' title="bbox 1320 1201 2292 1243; baseline 0.002 -10"><span class='ocrx_word' id='word_1_567' title='bbox 1320 1203 1395 1242; x_wconf 80' lang='lat' dir='ltr'><strong>quia</strong></span> <span class='ocrx_word' id='word_1_568' title='bbox 1408 1201 1531 1241; x_wconf 75' lang='lat' dir='ltr'><strong>fidelem</strong></span> <span class='ocrx_word' id='word_1_569' title='bbox 1546 1203 1735 1234; x_wconf 75' lang='lat' dir='ltr'><strong>existimavit</strong></span> <span class='ocrx_word' id='word_1_570' title='bbox 1752 1212 1821 1233; x_wconf 85' lang='lat' dir='ltr'><strong>eum</strong></span> <span class='ocrx_word' id='word_1_571' title='bbox 1832 1202 1887 1242; x_wconf 81' lang='lat' dir='ltr'><strong>qui</strong></span> <span class='ocrx_word' id='word_1_572' title='bbox 1893 1204 2091 1242; x_wconf 77' lang='lat' dir='ltr'><strong>promiserat.</strong></span> <span class='ocrx_word' id='word_1_573' title='bbox 2129 1203 2179 1235; x_wconf 80' lang='lat'><strong>12.</strong></span> <span class='ocrx_word' id='word_1_574' title='bbox 2191 1203 2292 1243; x_wconf 77' lang='lat' dir='ltr'><strong>Prop-</strong></span> 
     </span>
     <span class='ocr_line' id='line_1_81' title="bbox 1320 1245 2290 1286; baseline 0.002 -10"><span class='ocrx_word' id='word_1_575' title='bbox 1320 1248 1402 1276; x_wconf 82' lang='lat' dir='ltr'><strong>terea</strong></span> <span class='ocrx_word' id='word_1_576' title='bbox 1433 1246 1527 1277; x_wconf 85' lang='lat' dir='ltr'><strong>etiam</strong></span> <span class='ocrx_word' id='word_1_577' title='bbox 1558 1255 1596 1276; x_wconf 66' lang='lat' dir='ltr'><strong>ex</strong></span> <span class='ocrx_word' id='word_1_578' title='bbox 1624 1255 1686 1277; x_wconf 79' lang='lat' dir='ltr'><strong>uuo</strong></span> <span class='ocrx_word' id='word_1_579' title='bbox 1713 1245 1810 1285; x_wconf 75' lang='lat' dir='ltr'><strong>yeniti</strong></span> <span class='ocrx_word' id='word_1_580' title='bbox 1839 1248 1918 1284; x_wconf 81' lang='lat' dir='ltr'><strong>suut,</strong></span> <span class='ocrx_word' id='word_1_581' title='bbox 1953 1248 1980 1277; x_wconf 90' lang='lat' dir='ltr'><strong>et</strong></span> <span class='ocrx_word' id='word_1_582' title='bbox 2001 1247 2124 1286; x_wconf 81' lang='lat' dir='ltr'><strong>quidem</strong></span> <span class='ocrx_word' id='word_1_583' title='bbox 2146 1248 2290 1284; x_wconf 77' lang='lat' dir='ltr'><strong>emortuo,</strong></span> 
     </span>
     <span class='ocr_line' id='line_1_82' title="bbox 1320 1287 2293 1330; baseline 0.002 -11"><span class='ocrx_word' id='word_1_584' title='bbox 1320 1288 1516 1319; x_wconf 78' lang='lat' dir='ltr'><strong>multitudiue</strong></span> <span class='ocrx_word' id='word_1_585' title='bbox 1538 1291 1688 1328; x_wconf 81' lang='lat' dir='ltr'><strong>tauquam</strong></span> <span class='ocrx_word' id='word_1_586' title='bbox 1711 1290 1797 1319; x_wconf 77' lang='lat' dir='ltr'><strong>astra</strong></span> <span class='ocrx_word' id='word_1_587' title='bbox 1819 1287 1902 1326; x_wconf 82' lang='lat' dir='ltr'><strong>coeli,</strong></span> <span class='ocrx_word' id='word_1_588' title='bbox 1932 1291 1958 1320; x_wconf 88' lang='lat' dir='ltr'><strong>et</strong></span> <span class='ocrx_word' id='word_1_589' title='bbox 1981 1290 2073 1328; x_wconf 83' lang='lat' dir='ltr'><strong>quasi</strong></span> <span class='ocrx_word' id='word_1_590' title='bbox 2095 1299 2192 1321; x_wconf 81' lang='lat' dir='ltr'><strong>arena</strong></span> <span class='ocrx_word' id='word_1_591' title='bbox 2214 1299 2293 1330; x_wconf 77' lang='lat' dir='ltr'><strong>quae</strong></span> 
     </span>
     <span class='ocr_line' id='line_1_83' title="bbox 1319 1331 2058 1372; baseline 0.001 -10"><span class='ocrx_word' id='word_1_592' title='bbox 1319 1333 1363 1362; x_wconf 88' lang='lat' dir='ltr'><strong>est</strong></span> <span class='ocrx_word' id='word_1_593' title='bbox 1384 1331 1474 1363; x_wconf 75' lang='lat' dir='ltr'><strong>iuxta</strong></span> <span class='ocrx_word' id='word_1_594' title='bbox 1496 1332 1668 1372; x_wconf 73' lang='lat' dir='ltr'><strong>niaryiuem</strong></span> <span class='ocrx_word' id='word_1_595' title='bbox 1690 1331 1790 1362; x_wconf 82' lang='lat' dir='ltr'><strong>maris</strong></span> <span class='ocrx_word' id='word_1_596' title='bbox 1812 1331 2058 1363; x_wconf 71' lang='lat' dir='ltr'><strong>innumerabilis</strong></span> 
     </span>
    </p>
   </div>
   <div class='ocr_carea' id='block_1_13' title="bbox 1316 1416 2292 2698">
    <p class='ocr_par' dir='ltr' id='par_1_16' title="bbox 1316 1416 2292 2057">
     <span class='ocr_line' id='line_1_84' title="bbox 1406 1416 2292 1457; baseline 0 -9"><span class='ocrx_word' id='word_1_597' title='bbox 1406 1417 1434 1448; x_wconf 87' lang='grc'><strong>8.</strong></span> <span class='ocrx_word' id='word_1_598' title='bbox 1466 1416 1546 1448; x_wconf 80' lang='lat' dir='ltr'><strong>Fide</strong></span> <span class='ocrx_word' id='word_1_599' title='bbox 1578 1416 1750 1449; x_wconf 76' lang='lat' dir='ltr'><strong>Abraham.</strong></span> <span class='ocrx_word' id='word_1_600' title='bbox 1806 1416 1874 1448; x_wconf 88' lang='lat' dir='ltr'><strong>Iam</strong></span> <span class='ocrx_word' id='word_1_601' title='bbox 1910 1416 1948 1448; x_wconf 88' lang='lat' dir='ltr'><strong>ad</strong></span> <span class='ocrx_word' id='word_1_602' title='bbox 1983 1417 2088 1457; x_wconf 89' lang='lat' dir='ltr'><strong>ipsum</strong></span> <span class='ocrx_word' id='word_1_603' title='bbox 2125 1416 2292 1448; x_wconf 88' lang='lat' dir='ltr'><strong>Abraham</strong></span> 
     </span>
     <span class='ocr_line' id='line_1_85' title="bbox 1321 1459 2290 1500; baseline 0 -9"><span class='ocrx_word' id='word_1_604' title='bbox 1321 1459 1497 1498; x_wconf 88' lang='lat' dir='ltr'><strong>descendit,</strong></span> <span class='ocrx_word' id='word_1_605' title='bbox 1521 1459 1575 1500; x_wconf 90' lang='lat' dir='ltr'><strong>qui</strong></span> <span class='ocrx_word' id='word_1_606' title='bbox 1599 1460 1791 1499; x_wconf 89' lang='lat' dir='ltr'><strong>praecipuus</strong></span> <span class='ocrx_word' id='word_1_607' title='bbox 1813 1466 1861 1491; x_wconf 90' lang='lat' dir='ltr'><strong>est</strong></span> <span class='ocrx_word' id='word_1_608' title='bbox 1884 1459 1917 1490; x_wconf 91' lang='lat' dir='ltr'><strong>in</strong></span> <span class='ocrx_word' id='word_1_609' title='bbox 1942 1460 2036 1491; x_wconf 89' lang='lat' dir='ltr'><strong>terris</strong></span> <span class='ocrx_word' id='word_1_610' title='bbox 2059 1459 2212 1492; x_wconf 87' lang='lat' dir='ltr'><strong>ecclesiae</strong></span> <span class='ocrx_word' id='word_1_611' title='bbox 2231 1460 2290 1491; x_wconf 88' lang='lat' dir='ltr'><strong>Dei</strong></span> 
     </span>
     <span class='ocr_line' id='line_1_86' title="bbox 1319 1502 2291 1543; baseline 0.001 -10"><span class='ocrx_word' id='word_1_612' title='bbox 1319 1505 1428 1542; x_wconf 86' lang='lat' dir='ltr'><strong>pater:</strong></span> <span class='ocrx_word' id='word_1_613' title='bbox 1463 1509 1495 1534; x_wconf 89' lang='lat' dir='ltr'><strong>et</strong></span> <span class='ocrx_word' id='word_1_614' title='bbox 1523 1503 1615 1533; x_wconf 90' lang='lat' dir='ltr'><strong>cuius</strong></span> <span class='ocrx_word' id='word_1_615' title='bbox 1645 1503 1773 1534; x_wconf 89' lang='lat' dir='ltr'><strong>nomine</strong></span> <span class='ocrx_word' id='word_1_616' title='bbox 1799 1502 2020 1543; x_wconf 88' lang='lat' dir='ltr'><strong>gloriabantur</strong></span> <span class='ocrx_word' id='word_1_617' title='bbox 2042 1502 2165 1541; x_wconf 84' lang='lat' dir='ltr'><strong>Iudaei,</strong></span> <span class='ocrx_word' id='word_1_618' title='bbox 2199 1502 2291 1543; x_wconf 87' lang='lat' dir='ltr'><strong>quasi</strong></span> 
     </span>
     <span class='ocr_line' id='line_1_87' title="bbox 1318 1544 2291 1585; baseline 0.001 -10"><span class='ocrx_word' id='word_1_619' title='bbox 1318 1544 1378 1577; x_wconf 92' lang='lat' dir='ltr'><strong>hoc</strong></span> <span class='ocrx_word' id='word_1_620' title='bbox 1394 1545 1461 1576; x_wconf 90' lang='lat' dir='ltr'><strong>solo</strong></span> <span class='ocrx_word' id='word_1_621' title='bbox 1478 1545 1571 1576; x_wconf 87' lang='lat' dir='ltr'><strong>titulo</strong></span> <span class='ocrx_word' id='word_1_622' title='bbox 1594 1545 1738 1585; x_wconf 83' lang='lat' dir='ltr'><strong>exempti</strong></span> <span class='ocrx_word' id='word_1_623' title='bbox 1762 1549 1870 1577; x_wconf 87' lang='lat' dir='ltr'><strong>essent</strong></span> <span class='ocrx_word' id='word_1_624' title='bbox 1892 1555 1912 1576; x_wconf 88' lang='lat' dir='ltr'><strong>a</strong></span> <span class='ocrx_word' id='word_1_625' title='bbox 1934 1546 2098 1577; x_wconf 90' lang='lat' dir='ltr'><strong>communi</strong></span> <span class='ocrx_word' id='word_1_626' title='bbox 2120 1545 2291 1576; x_wconf 87' lang='lat' dir='ltr'><strong>hominum</strong></span> 
     </span>
     <span class='ocr_line' id='line_1_88' title="bbox 1318 1587 2289 1628; baseline 0 -9"><span class='ocrx_word' id='word_1_627' title='bbox 1318 1588 1439 1626; x_wconf 89' lang='lat' dir='ltr'><strong>ordine,</strong></span> <span class='ocrx_word' id='word_1_628' title='bbox 1463 1588 1538 1628; x_wconf 90' lang='lat' dir='ltr'><strong>quia</strong></span> <span class='ocrx_word' id='word_1_629' title='bbox 1561 1593 1655 1619; x_wconf 88' lang='lat' dir='ltr'><strong>erant</strong></span> <span class='ocrx_word' id='word_1_630' title='bbox 1676 1594 1789 1620; x_wconf 87' lang='lat' dir='ltr'><strong>sancta</strong></span> <span class='ocrx_word' id='word_1_631' title='bbox 1808 1588 1960 1619; x_wconf 84' lang='lat' dir='ltr'><strong>Abrahae</strong></span> <span class='ocrx_word' id='word_1_632' title='bbox 1984 1588 2162 1628; x_wconf 88' lang='lat' dir='ltr'><strong>progenies.</strong></span> <span class='ocrx_word' id='word_1_633' title='bbox 2200 1587 2289 1626; x_wconf 82' lang='lat' dir='ltr'><strong>Quid</strong></span> 
     </span>
     <span class='ocr_line' id='line_1_89' title="bbox 1317 1630 2289 1671; baseline -0.001 -9"><span class='ocrx_word' id='word_1_634' title='bbox 1317 1636 1424 1662; x_wconf 87' lang='lat' dir='ltr'><strong>autem</strong></span> <span class='ocrx_word' id='word_1_635' title='bbox 1456 1631 1659 1671; x_wconf 84' lang='lat' dir='ltr'><strong>potissimum</strong></span> <span class='ocrx_word' id='word_1_636' title='bbox 1687 1630 1807 1663; x_wconf 87' lang='lat' dir='ltr'><strong>habere</strong></span> <span class='ocrx_word' id='word_1_637' title='bbox 1830 1630 1968 1662; x_wconf 89' lang='lat' dir='ltr'><strong>debeant</strong></span> <span class='ocrx_word' id='word_1_638' title='bbox 1990 1630 2152 1671; x_wconf 89' lang='lat' dir='ltr'><strong>admonet,</strong></span> <span class='ocrx_word' id='word_1_639' title='bbox 2182 1637 2218 1661; x_wconf 90' lang='lat' dir='ltr'><strong>ut</strong></span> <span class='ocrx_word' id='word_1_640' title='bbox 2241 1640 2289 1662; x_wconf 90' lang='lat' dir='ltr'><strong>re-</strong></span> 
     </span>
     <span class='ocr_line' id='line_1_90' title="bbox 1318 1673 2289 1713; baseline 0.001 -9"><span class='ocrx_word' id='word_1_641' title='bbox 1318 1677 1474 1713; x_wconf 87' lang='lat' dir='ltr'><strong>putentur</strong></span> <span class='ocrx_word' id='word_1_642' title='bbox 1509 1675 1592 1704; x_wconf 88' lang='lat' dir='ltr'><strong>inter</strong></span> <span class='ocrx_word' id='word_1_643' title='bbox 1626 1673 1777 1705; x_wconf 86' lang='lat' dir='ltr'><strong>Abrahae</strong></span> <span class='ocrx_word' id='word_1_644' title='bbox 1809 1673 1906 1705; x_wconf 92' lang='lat' dir='ltr'><strong>filios:</strong></span> <span class='ocrx_word' id='word_1_645' title='bbox 1950 1677 2047 1713; x_wconf 88' lang='lat' dir='ltr'><strong>atque</strong></span> <span class='ocrx_word' id='word_1_646' title='bbox 2081 1673 2126 1704; x_wconf 90' lang='lat' dir='ltr'><strong>ita</strong></span> <span class='ocrx_word' id='word_1_647' title='bbox 2160 1683 2214 1705; x_wconf 81' lang='lat' dir='ltr'><strong>eos</strong></span> <span class='ocrx_word' id='word_1_648' title='bbox 2248 1673 2289 1705; x_wconf 89' lang='lat' dir='ltr'><strong>ad</strong></span> 
     </span>
     <span class='ocr_line' id='line_1_91' title="bbox 1317 1715 2288 1756; baseline 0.002 -10"><span class='ocrx_word' id='word_1_649' title='bbox 1317 1716 1414 1747; x_wconf 92' lang='lat' dir='ltr'><strong>fidem</strong></span> <span class='ocrx_word' id='word_1_650' title='bbox 1446 1722 1591 1755; x_wconf 86' lang='lat' dir='ltr'><strong>revocat,</strong></span> <span class='ocrx_word' id='word_1_651' title='bbox 1627 1716 1701 1756; x_wconf 89' lang='lat' dir='ltr'><strong>quia</strong></span> <span class='ocrx_word' id='word_1_652' title='bbox 1730 1716 1811 1747; x_wconf 89' lang='lat' dir='ltr'><strong>nihil</strong></span> <span class='ocrx_word' id='word_1_653' title='bbox 1842 1716 1994 1748; x_wconf 87' lang='lat' dir='ltr'><strong>habuerit</strong></span> <span class='ocrx_word' id='word_1_654' title='bbox 2029 1716 2184 1748; x_wconf 85' lang='lat' dir='ltr'><strong>eximium</strong></span> <span class='ocrx_word' id='word_1_655' title='bbox 2218 1715 2288 1756; x_wconf 84' lang='lat' dir='ltr'><strong>ipse</strong></span> 
     </span>
     <span class='ocr_line' id='line_1_92' title="bbox 1318 1758 2287 1799; baseline 0 -9"><span class='ocrx_word' id='word_1_656' title='bbox 1318 1759 1483 1791; x_wconf 80' lang='lat' dir='ltr'><strong>Abraham</strong></span> <span class='ocrx_word' id='word_1_657' title='bbox 1515 1760 1600 1799; x_wconf 89' lang='lat' dir='ltr'><strong>quod</strong></span> <span class='ocrx_word' id='word_1_658' title='bbox 1633 1769 1695 1790; x_wconf 89' lang='lat' dir='ltr'><strong>non</strong></span> <span class='ocrx_word' id='word_1_659' title='bbox 1727 1770 1767 1791; x_wconf 83' lang='lat' dir='ltr'><strong>ex</strong></span> <span class='ocrx_word' id='word_1_660' title='bbox 1791 1758 1853 1791; x_wconf 88' lang='lat' dir='ltr'><strong>fide</strong></span> <span class='ocrx_word' id='word_1_661' title='bbox 1876 1759 2077 1799; x_wconf 88' lang='lat' dir='ltr'><strong>processerit.</strong></span> <span class='ocrx_word' id='word_1_662' title='bbox 2122 1758 2287 1799; x_wconf 90' lang='lat' dir='ltr'><strong>Principio</strong></span> 
     </span>
     <span class='ocr_line' id='line_1_93' title="bbox 1316 1800 2288 1842; baseline 0 -9"><span class='ocrx_word' id='word_1_663' title='bbox 1316 1802 1417 1840; x_wconf 88' lang='lat' dir='ltr'><strong>docet,</strong></span> <span class='ocrx_word' id='word_1_664' title='bbox 1441 1802 1537 1833; x_wconf 90' lang='lat' dir='ltr'><strong>fidem</strong></span> <span class='ocrx_word' id='word_1_665' title='bbox 1561 1800 1659 1833; x_wconf 86' lang='lat' dir='ltr'><strong>fuisse</strong></span> <span class='ocrx_word' id='word_1_666' title='bbox 1682 1811 1812 1834; x_wconf 89' lang='lat' dir='ltr'><strong>causam</strong></span> <span class='ocrx_word' id='word_1_667' title='bbox 1839 1813 1896 1834; x_wconf 92' lang='lat' dir='ltr'><strong>cur</strong></span> <span class='ocrx_word' id='word_1_668' title='bbox 1919 1802 2028 1834; x_wconf 87' lang='lat' dir='ltr'><strong>statim</strong></span> <span class='ocrx_word' id='word_1_669' title='bbox 2052 1802 2195 1842; x_wconf 85' lang='lat' dir='ltr'><strong>paruerit</strong></span> <span class='ocrx_word' id='word_1_670' title='bbox 2219 1801 2288 1833; x_wconf 90' lang='lat' dir='ltr'><strong>Deo</strong></span> 
     </span>
     <span class='ocr_line' id='line_1_94' title="bbox 1316 1844 2287 1886; baseline 0 -10"><span class='ocrx_word' id='word_1_671' title='bbox 1316 1855 1416 1885; x_wconf 91' lang='lat' dir='ltr'><strong>quum</strong></span> <span class='ocrx_word' id='word_1_672' title='bbox 1432 1847 1540 1877; x_wconf 86' lang='lat' dir='ltr'><strong>iussus</strong></span> <span class='ocrx_word' id='word_1_673' title='bbox 1562 1847 1647 1877; x_wconf 87' lang='lat' dir='ltr'><strong>esset</strong></span> <span class='ocrx_word' id='word_1_674' title='bbox 1669 1856 1709 1877; x_wconf 85' lang='lat' dir='ltr'><strong>ex</strong></span> <span class='ocrx_word' id='word_1_675' title='bbox 1733 1845 1838 1885; x_wconf 87' lang='lat' dir='ltr'><strong>patria</strong></span> <span class='ocrx_word' id='word_1_676' title='bbox 1861 1845 2013 1886; x_wconf 85' lang='lat' dir='ltr'><strong>migrare:</strong></span> <span class='ocrx_word' id='word_1_677' title='bbox 2038 1844 2153 1876; x_wconf 90' lang='lat' dir='ltr'><strong>deinde</strong></span> <span class='ocrx_word' id='word_1_678' title='bbox 2175 1844 2287 1876; x_wconf 86' lang='lat' dir='ltr'><strong>eadem</strong></span> 
     </span>
     <span class='ocr_line' id='line_1_95' title="bbox 1316 1886 2287 1920; baseline 0 -2"><span class='ocrx_word' id='word_1_679' title='bbox 1316 1887 1378 1919; x_wconf 90' lang='lat' dir='ltr'><strong>fide</strong></span> <span class='ocrx_word' id='word_1_680' title='bbox 1401 1888 1499 1919; x_wconf 82' lang='lat' dir='ltr'><strong>fuisse</strong></span> <span class='ocrx_word' id='word_1_681' title='bbox 1522 1888 1640 1919; x_wconf 87' lang='lat' dir='ltr'><strong>factum</strong></span> <span class='ocrx_word' id='word_1_682' title='bbox 1665 1893 1702 1919; x_wconf 88' lang='lat' dir='ltr'><strong>ut</strong></span> <span class='ocrx_word' id='word_1_683' title='bbox 1724 1892 1910 1919; x_wconf 81' lang='lat' dir='ltr'><strong>constanter</strong></span> <span class='ocrx_word' id='word_1_684' title='bbox 1932 1888 1965 1919; x_wconf 92' lang='lat' dir='ltr'><strong>in</strong></span> <span class='ocrx_word' id='word_1_685' title='bbox 1988 1887 2157 1920; x_wconf 82' lang='lat' dir='ltr'><strong>vocatione</strong></span> <span class='ocrx_word' id='word_1_686' title='bbox 2172 1898 2230 1919; x_wconf 90' lang='lat' dir='ltr'><strong>sua</strong></span> <span class='ocrx_word' id='word_1_687' title='bbox 2245 1886 2287 1919; x_wconf 89' lang='lat' dir='ltr'><strong>ad</strong></span> 
     </span>
     <span class='ocr_line' id='line_1_96' title="bbox 1317 1930 2284 1971; baseline -0.001 -9"><span class='ocrx_word' id='word_1_688' title='bbox 1317 1931 1414 1962; x_wconf 88' lang='lat' dir='ltr'><strong>finem</strong></span> <span class='ocrx_word' id='word_1_689' title='bbox 1444 1941 1545 1971; x_wconf 90' lang='lat' dir='ltr'><strong>usque</strong></span> <span class='ocrx_word' id='word_1_690' title='bbox 1575 1936 1735 1971; x_wconf 86' lang='lat' dir='ltr'><strong>pergeret.</strong></span> <span class='ocrx_word' id='word_1_691' title='bbox 1779 1930 1842 1962; x_wconf 90' lang='lat' dir='ltr'><strong>His</strong></span> <span class='ocrx_word' id='word_1_692' title='bbox 1872 1930 1997 1962; x_wconf 90' lang='lat' dir='ltr'><strong>duobus</strong></span> <span class='ocrx_word' id='word_1_693' title='bbox 2021 1930 2213 1962; x_wconf 84' lang='lat' dir='ltr'><strong>testimoniis</strong></span> <span class='ocrx_word' id='word_1_694' title='bbox 2236 1930 2284 1961; x_wconf 89' lang='lat' dir='ltr'><strong>lu·</strong></span> 
     </span>
     <span class='ocr_line' id='line_1_97' title="bbox 1316 1972 2288 2014; baseline -0.001 -9"><span class='ocrx_word' id='word_1_695' title='bbox 1316 1973 1441 2005; x_wconf 88' lang='lat' dir='ltr'><strong>culente</strong></span> <span class='ocrx_word' id='word_1_696' title='bbox 1471 1974 1676 2014; x_wconf 88' lang='lat' dir='ltr'><strong>comprobata</strong></span> <span class='ocrx_word' id='word_1_697' title='bbox 1706 1973 1767 2005; x_wconf 84' lang='lat' dir='ltr'><strong>fuit</strong></span> <span class='ocrx_word' id='word_1_698' title='bbox 1790 1973 1941 2005; x_wconf 86' lang='lat' dir='ltr'><strong>Abrahae</strong></span> <span class='ocrx_word' id='word_1_699' title='bbox 1968 1973 2058 2010; x_wconf 91' lang='lat' dir='ltr'><strong>fides,</strong></span> <span class='ocrx_word' id='word_1_700' title='bbox 2092 1972 2288 2014; x_wconf 88' lang='lat' dir='ltr'><strong>obsequendi</strong></span> 
     </span>
     <span class='ocr_line' id='line_1_98' title="bbox 1316 2016 2014 2057; baseline 0 -10"><span class='ocrx_word' id='word_1_701' title='bbox 1316 2016 1569 2056; x_wconf 87' lang='lat' dir='ltr'><strong>promptitudine</strong></span> <span class='ocrx_word' id='word_1_702' title='bbox 1590 2022 1623 2047; x_wconf 90' lang='lat' dir='ltr'><strong>et</strong></span> <span class='ocrx_word' id='word_1_703' title='bbox 1646 2016 1801 2057; x_wconf 86' lang='lat' dir='ltr'><strong>pergendi</strong></span> <span class='ocrx_word' id='word_1_704' title='bbox 1824 2017 2014 2048; x_wconf 82' lang='lat' dir='ltr'><strong>constantia.</strong></span> 
     </span>
    </p>

    <p class='ocr_par' dir='ltr' id='par_1_17' title="bbox 1316 2059 2286 2528">
     <span class='ocr_line' id='line_1_99' title="bbox 1404 2059 2285 2099; baseline 0 -9"><span class='ocrx_word' id='word_1_705' title='bbox 1404 2061 1507 2099; x_wconf 74' lang='lat' dir='ltr'><strong>Quum</strong></span> <span class='ocrx_word' id='word_1_706' title='bbox 1533 2061 1656 2091; x_wconf 81' lang='lat' dir='ltr'><strong>vocatus</strong></span> <span class='ocrx_word' id='word_1_707' title='bbox 1683 2061 1767 2091; x_wconf 82' lang='lat' dir='ltr'><strong>esset.</strong></span> <span class='ocrx_word' id='word_1_708' title='bbox 1812 2059 1917 2091; x_wconf 88' lang='lat' dir='ltr'><strong>Vetus</strong></span> <span class='ocrx_word' id='word_1_709' title='bbox 1946 2059 2105 2099; x_wconf 87' lang='lat' dir='ltr'><strong>interpres</strong></span> <span class='ocrx_word' id='word_1_710' title='bbox 2132 2064 2165 2090; x_wconf 89' lang='lat' dir='ltr'><strong>et</strong></span> <span class='ocrx_word' id='word_1_711' title='bbox 2187 2059 2285 2090; x_wconf 83' lang='lat' dir='ltr'><strong>Eras-</strong></span> 
     </span>
     <span class='ocr_line' id='line_1_100' title="bbox 1316 2101 2286 2142; baseline -0.001 -9"><span class='ocrx_word' id='word_1_712' title='bbox 1316 2112 1387 2133; x_wconf 89' lang='lat' dir='ltr'><strong>mus</strong></span> <span class='ocrx_word' id='word_1_713' title='bbox 1411 2101 1449 2133; x_wconf 86' lang='lat' dir='ltr'><strong>ad</strong></span> <span class='ocrx_word' id='word_1_714' title='bbox 1473 2112 1591 2133; x_wconf 89' lang='lat' dir='ltr'><strong>nomen</strong></span> <span class='ocrx_word' id='word_1_715' title='bbox 1615 2102 1773 2133; x_wconf 87' lang='lat' dir='ltr'><strong>referunt:</strong></span> <span class='ocrx_word' id='word_1_716' title='bbox 1797 2101 1881 2142; x_wconf 92' lang='lat' dir='ltr'><strong>quod</strong></span> <span class='ocrx_word' id='word_1_717' title='bbox 1903 2102 1998 2133; x_wconf 90' lang='lat' dir='ltr'><strong>nimis</strong></span> <span class='ocrx_word' id='word_1_718' title='bbox 2021 2101 2159 2133; x_wconf 89' lang='lat' dir='ltr'><strong>dilutum</strong></span> <span class='ocrx_word' id='word_1_719' title='bbox 2182 2106 2231 2132; x_wconf 88' lang='lat' dir='ltr'><strong>est</strong></span> <span class='ocrx_word' id='word_1_720' title='bbox 2253 2104 2286 2132; x_wconf 85' lang='lat' dir='ltr'><strong>et</strong></span> 
     </span>
     <span class='ocr_line' id='line_1_101' title="bbox 1316 2144 2286 2185; baseline -0.001 -10"><span class='ocrx_word' id='word_1_721' title='bbox 1316 2144 1478 2185; x_wconf 83' lang='lat' dir='ltr'><strong>frigidum.</strong></span> <span class='ocrx_word' id='word_1_722' title='bbox 1532 2145 1602 2185; x_wconf 88' lang='lat' dir='ltr'><strong>Ego</strong></span> <span class='ocrx_word' id='word_1_723' title='bbox 1634 2145 1739 2184; x_wconf 88' lang='lat' dir='ltr'><strong>potius</strong></span> <span class='ocrx_word' id='word_1_724' title='bbox 1771 2144 1809 2176; x_wconf 92' lang='lat' dir='ltr'><strong>de</strong></span> <span class='ocrx_word' id='word_1_725' title='bbox 1839 2144 1969 2176; x_wconf 88' lang='lat' dir='ltr'><strong>oraculo</strong></span> <span class='ocrx_word' id='word_1_726' title='bbox 1998 2145 2194 2184; x_wconf 89' lang='lat' dir='ltr'><strong>interpretor</strong></span> <span class='ocrx_word' id='word_1_727' title='bbox 2223 2154 2286 2184; x_wconf 86' lang='lat' dir='ltr'><strong>quo</strong></span> 
     </span>
     <span class='ocr_line' id='line_1_102' title="bbox 1316 2186 2286 2227; baseline -0.002 -8"><span class='ocrx_word' id='word_1_728' title='bbox 1316 2194 1466 2219; x_wconf 86' lang='lat' dir='ltr'><strong>evocatus</strong></span> <span class='ocrx_word' id='word_1_729' title='bbox 1496 2188 1557 2219; x_wconf 80' lang='lat' dir='ltr'><strong>fuit</strong></span> <span class='ocrx_word' id='word_1_730' title='bbox 1586 2196 1679 2219; x_wconf 86' lang='lat' dir='ltr'><strong>extra.</strong></span> <span class='ocrx_word' id='word_1_731' title='bbox 1709 2188 1855 2227; x_wconf 88' lang='lat' dir='ltr'><strong>patriam.</strong></span> <span class='ocrx_word' id='word_1_732' title='bbox 1901 2187 1951 2219; x_wconf 86' lang='lat' dir='ltr'><strong>Ita</strong></span> <span class='ocrx_word' id='word_1_733' title='bbox 1977 2187 2063 2219; x_wconf 89' lang='lat' dir='ltr'><strong>enim</strong></span> <span class='ocrx_word' id='word_1_734' title='bbox 2086 2186 2148 2219; x_wconf 90' lang='lat' dir='ltr'><strong>sibi</strong></span> <span class='ocrx_word' id='word_1_735' title='bbox 2171 2186 2286 2218; x_wconf 86' lang='lat' dir='ltr'><strong>volun-</strong></span> 
     </span>
     <span class='ocr_line' id='line_1_103' title="bbox 1317 2229 2286 2271; baseline -0.001 -10"><span class='ocrx_word' id='word_1_736' title='bbox 1317 2232 1434 2262; x_wconf 88' lang='lat' dir='ltr'><strong>tarium</strong></span> <span class='ocrx_word' id='word_1_737' title='bbox 1452 2231 1584 2261; x_wconf 83' lang='lat' dir='ltr'><strong>exilium</strong></span> <span class='ocrx_word' id='word_1_738' title='bbox 1601 2232 1716 2271; x_wconf 84' lang='lat' dir='ltr'><strong>sponte</strong></span> <span class='ocrx_word' id='word_1_739' title='bbox 1735 2229 1862 2268; x_wconf 80' lang='lat' dir='ltr'><strong>indixit,</strong></span> <span class='ocrx_word' id='word_1_740' title='bbox 1884 2236 1920 2261; x_wconf 88' lang='lat' dir='ltr'><strong>ut</strong></span> <span class='ocrx_word' id='word_1_741' title='bbox 1939 2236 2047 2261; x_wconf 85' lang='lat' dir='ltr'><strong>tamen</strong></span> <span class='ocrx_word' id='word_1_742' title='bbox 2071 2229 2152 2260; x_wconf 92' lang='lat' dir='ltr'><strong>nihil</strong></span> <span class='ocrx_word' id='word_1_743' title='bbox 2175 2229 2286 2261; x_wconf 86' lang='lat' dir='ltr'><strong>fecerit</strong></span> 
     </span>
     <span class='ocr_line' id='line_1_104' title="bbox 1318 2272 2284 2304; baseline -0.001 0"><span class='ocrx_word' id='word_1_744' title='bbox 1318 2274 1378 2304; x_wconf 82' lang='lat' dir='ltr'><strong>nisi</strong></span> <span class='ocrx_word' id='word_1_745' title='bbox 1401 2273 1464 2304; x_wconf 91' lang='lat' dir='ltr'><strong>Dei</strong></span> <span class='ocrx_word' id='word_1_746' title='bbox 1488 2272 1650 2304; x_wconf 87' lang='lat' dir='ltr'><strong>mandato.</strong></span> <span class='ocrx_word' id='word_1_747' title='bbox 1695 2273 1739 2304; x_wconf 84' lang='lat' dir='ltr'><strong>Et</strong></span> <span class='ocrx_word' id='word_1_748' title='bbox 1762 2278 1848 2304; x_wconf 85' lang='lat' dir='ltr'><strong>certe</strong></span> <span class='ocrx_word' id='word_1_749' title='bbox 1871 2272 1932 2304; x_wconf 90' lang='lat' dir='ltr'><strong>hoc</strong></span> <span class='ocrx_word' id='word_1_750' title='bbox 1954 2283 2055 2304; x_wconf 90' lang='lat' dir='ltr'><strong>unum</strong></span> <span class='ocrx_word' id='word_1_751' title='bbox 2079 2277 2128 2303; x_wconf 88' lang='lat' dir='ltr'><strong>est</strong></span> <span class='ocrx_word' id='word_1_752' title='bbox 2151 2282 2191 2303; x_wconf 82' lang='lat' dir='ltr'><strong>ex</strong></span> <span class='ocrx_word' id='word_1_753' title='bbox 2210 2272 2284 2303; x_wconf 89' lang='lat' dir='ltr'><strong>fidei</strong></span> 
     </span>
     <span class='ocr_line' id='line_1_105' title="bbox 1317 2314 2285 2356; baseline -0.001 -10"><span class='ocrx_word' id='word_1_754' title='bbox 1317 2316 1500 2356; x_wconf 87' lang='lat' dir='ltr'><strong>principiis,</strong></span> <span class='ocrx_word' id='word_1_755' title='bbox 1535 2327 1575 2347; x_wconf 88' lang='lat' dir='ltr'><strong>ne</strong></span> <span class='ocrx_word' id='word_1_756' title='bbox 1608 2315 1720 2356; x_wconf 90' lang='lat' dir='ltr'><strong>pedem</strong></span> <span class='ocrx_word' id='word_1_757' title='bbox 1755 2325 1945 2347; x_wconf 84' lang='lat' dir='ltr'><strong>moveamus</strong></span> <span class='ocrx_word' id='word_1_758' title='bbox 1978 2315 2040 2346; x_wconf 86' lang='lat' dir='ltr'><strong>nisi</strong></span> <span class='ocrx_word' id='word_1_759' title='bbox 2074 2315 2160 2346; x_wconf 85' lang='lat' dir='ltr'><strong>viam</strong></span> <span class='ocrx_word' id='word_1_760' title='bbox 2194 2314 2285 2346; x_wconf 90' lang='lat' dir='ltr'><strong>nobis</strong></span> 
     </span>
     <span class='ocr_line' id='line_1_106' title="bbox 1318 2357 2286 2398; baseline -0.002 -8"><span class='ocrx_word' id='word_1_761' title='bbox 1318 2364 1552 2398; x_wconf 87' lang='lat' dir='ltr'><strong>praemonstret</strong></span> <span class='ocrx_word' id='word_1_762' title='bbox 1575 2358 1636 2390; x_wconf 90' lang='lat' dir='ltr'><strong>Dei</strong></span> <span class='ocrx_word' id='word_1_763' title='bbox 1660 2358 1805 2398; x_wconf 89' lang='lat' dir='ltr'><strong>verbum,</strong></span> <span class='ocrx_word' id='word_1_764' title='bbox 1835 2368 1871 2388; x_wconf 89' lang='lat' dir='ltr'><strong>ac</strong></span> <span class='ocrx_word' id='word_1_765' title='bbox 1893 2357 1997 2389; x_wconf 84' lang='lat' dir='ltr'><strong>instar</strong></span> <span class='ocrx_word' id='word_1_766' title='bbox 2019 2357 2170 2389; x_wconf 86' lang='lat' dir='ltr'><strong>lucernae</strong></span> <span class='ocrx_word' id='word_1_767' title='bbox 2193 2357 2286 2388; x_wconf 87' lang='lat' dir='ltr'><strong>nobis</strong></span> 
     </span>
     <span class='ocr_line' id='line_1_107' title="bbox 1317 2399 2284 2442; baseline 0 -11"><span class='ocrx_word' id='word_1_768' title='bbox 1317 2402 1508 2441; x_wconf 88' lang='lat' dir='ltr'><strong>praeluceat,</strong></span> <span class='ocrx_word' id='word_1_769' title='bbox 1540 2399 1810 2442; x_wconf 88' lang='lat' dir='ltr'><strong>quemadmodum</strong></span> <span class='ocrx_word' id='word_1_770' title='bbox 1831 2401 1935 2441; x_wconf 88' lang='lat' dir='ltr'><strong>inquit</strong></span> <span class='ocrx_word' id='word_1_771' title='bbox 1957 2399 2065 2431; x_wconf 88' lang='lat' dir='ltr'><strong>David</strong></span> <span class='ocrx_word' id='word_1_772' title='bbox 2088 2399 2189 2442; x_wconf 90' lang='lat' dir='ltr'><strong>(Psal.</strong></span> <span class='ocrx_word' id='word_1_773' title='bbox 2213 2400 2284 2437; x_wconf 85' lang='lat'><strong>119,</strong></span> 
     </span>
     <span class='ocr_line' id='line_1_108' title="bbox 1319 2443 2284 2485; baseline -0.001 -9"><span class='ocrx_word' id='word_1_774' title='bbox 1319 2444 1401 2485; x_wconf 85' lang='lat'><strong>105).</strong></span> <span class='ocrx_word' id='word_1_775' title='bbox 1447 2444 1557 2484; x_wconf 79' lang='lat' dir='ltr'><strong>Quare</strong></span> <span class='ocrx_word' id='word_1_776' title='bbox 1579 2443 1639 2475; x_wconf 88' lang='lat' dir='ltr'><strong>hoc</strong></span> <span class='ocrx_word' id='word_1_777' title='bbox 1664 2444 1836 2475; x_wconf 87' lang='lat' dir='ltr'><strong>observare</strong></span> <span class='ocrx_word' id='word_1_778' title='bbox 1859 2443 2020 2474; x_wconf 88' lang='lat' dir='ltr'><strong>discamus</strong></span> <span class='ocrx_word' id='word_1_779' title='bbox 2044 2449 2111 2474; x_wconf 88' lang='lat' dir='ltr'><strong>tota</strong></span> <span class='ocrx_word' id='word_1_780' title='bbox 2134 2444 2208 2481; x_wconf 85' lang='lat' dir='ltr'><strong>vita,</strong></span> <span class='ocrx_word' id='word_1_781' title='bbox 2244 2454 2284 2475; x_wconf 90' lang='lat' dir='ltr'><strong>ne</strong></span> 
     </span>
     <span class='ocr_line' id='line_1_109' title="bbox 1317 2485 1982 2528; baseline -0.003 -10"><span class='ocrx_word' id='word_1_782' title='bbox 1317 2489 1391 2527; x_wconf 91' lang='lat' dir='ltr'><strong>quid</strong></span> <span class='ocrx_word' id='word_1_783' title='bbox 1414 2487 1641 2528; x_wconf 86' lang='lat' dir='ltr'><strong>aggrediamur</strong></span> <span class='ocrx_word' id='word_1_784' title='bbox 1663 2486 1724 2517; x_wconf 89' lang='lat' dir='ltr'><strong>nisi</strong></span> <span class='ocrx_word' id='word_1_785' title='bbox 1748 2492 1882 2518; x_wconf 85' lang='lat' dir='ltr'><strong>vocante</strong></span> <span class='ocrx_word' id='word_1_786' title='bbox 1900 2485 1982 2518; x_wconf 89' lang='lat' dir='ltr'><strong>Deo.</strong></span> 
     </span>
    </p>

    <p class='ocr_par' dir='ltr' id='par_1_18' title="bbox 1317 2528 2285 2698">
     <span class='ocr_line' id='line_1_110' title="bbox 1409 2528 2285 2562; baseline -0.003 0"><span class='ocrx_word' id='word_1_787' title='bbox 1409 2530 1448 2562; x_wconf 77' lang='lat' dir='ltr'><strong>Ut</strong></span> <span class='ocrx_word' id='word_1_788' title='bbox 1479 2531 1572 2561; x_wconf 68' lang='lat' dir='ltr'><strong>eziret</strong></span> <span class='ocrx_word' id='word_1_789' title='bbox 1604 2530 1638 2560; x_wconf 82' lang='lat' dir='ltr'><strong>iu</strong></span> <span class='ocrx_word' id='word_1_790' title='bbox 1672 2529 1778 2560; x_wconf 84' lang='lat' dir='ltr'><strong>locum.</strong></span> <span class='ocrx_word' id='word_1_791' title='bbox 1835 2529 1886 2559; x_wconf 87' lang='lat' dir='ltr'><strong>Ad</strong></span> <span class='ocrx_word' id='word_1_792' title='bbox 1927 2528 2115 2560; x_wconf 84' lang='lat' dir='ltr'><strong>mandatnm</strong></span> <span class='ocrx_word' id='word_1_793' title='bbox 2150 2529 2285 2561; x_wconf 83' lang='lat' dir='ltr'><strong>accessit</strong></span> 
     </span>
     <span class='ocr_line' id='line_1_111' title="bbox 1318 2571 2284 2613; baseline -0.001 -10"><span class='ocrx_word' id='word_1_794' title='bbox 1318 2573 1495 2612; x_wconf 84' lang='lat' dir='ltr'><strong>promissio,</strong></span> <span class='ocrx_word' id='word_1_795' title='bbox 1529 2572 1613 2613; x_wconf 87' lang='lat' dir='ltr'><strong>qnod</strong></span> <span class='ocrx_word' id='word_1_796' title='bbox 1645 2578 1764 2603; x_wconf 87' lang='lat' dir='ltr'><strong>terram</strong></span> <span class='ocrx_word' id='word_1_797' title='bbox 1792 2571 1839 2602; x_wconf 92' lang='lat' dir='ltr'><strong>illi</strong></span> <span class='ocrx_word' id='word_1_798' title='bbox 1870 2571 2006 2603; x_wconf 87' lang='lat' dir='ltr'><strong>daturus</strong></span> <span class='ocrx_word' id='word_1_799' title='bbox 2030 2578 2114 2603; x_wconf 86' lang='lat' dir='ltr'><strong>esset</strong></span> <span class='ocrx_word' id='word_1_800' title='bbox 2138 2572 2228 2603; x_wconf 88' lang='lat' dir='ltr'><strong>Dens</strong></span> <span class='ocrx_word' id='word_1_801' title='bbox 2251 2572 2284 2602; x_wconf 86' lang='lat' dir='ltr'><strong>in</strong></span> 
     </span>
     <span class='ocr_line' id='line_1_112' title="bbox 1317 2614 2285 2654; baseline -0.001 -8"><span class='ocrx_word' id='word_1_802' title='bbox 1317 2615 1560 2647; x_wconf 87' lang='lat' dir='ltr'><strong>haereditatem.</strong></span> <span class='ocrx_word' id='word_1_803' title='bbox 1615 2615 1710 2646; x_wconf 86' lang='lat' dir='ltr'><strong>Hanc</strong></span> <span class='ocrx_word' id='word_1_804' title='bbox 1744 2614 1988 2654; x_wconf 89' lang='lat' dir='ltr'><strong>promissionem</strong></span> <span class='ocrx_word' id='word_1_805' title='bbox 2022 2614 2185 2654; x_wconf 83' lang='lat' dir='ltr'><strong>extemplo</strong></span> <span class='ocrx_word' id='word_1_806' title='bbox 2219 2624 2285 2645; x_wconf 83' lang='lat' dir='ltr'><strong>am-</strong></span> 
     </span>
     <span class='ocr_line' id='line_1_113' title="bbox 1318 2657 2284 2698; baseline -0.001 -10"><span class='ocrx_word' id='word_1_807' title='bbox 1318 2658 1476 2698; x_wconf 86' lang='lat' dir='ltr'><strong>plectitur,</strong></span> <span class='ocrx_word' id='word_1_808' title='bbox 1500 2668 1559 2689; x_wconf 86' lang='lat' dir='ltr'><strong>nec</strong></span> <span class='ocrx_word' id='word_1_809' title='bbox 1575 2657 1668 2688; x_wconf 88' lang='lat' dir='ltr'><strong>aliter</strong></span> <span class='ocrx_word' id='word_1_810' title='bbox 1684 2658 1813 2688; x_wconf 87' lang='lat' dir='ltr'><strong>festinat</strong></span> <span class='ocrx_word' id='word_1_811' title='bbox 1829 2668 1923 2696; x_wconf 89' lang='lat' dir='ltr'><strong>quam</strong></span> <span class='ocrx_word' id='word_1_812' title='bbox 1943 2658 1969 2688; x_wconf 91' lang='lat' dir='ltr'><strong>si</strong></span> <span class='ocrx_word' id='word_1_813' title='bbox 1993 2657 2026 2688; x_wconf 92' lang='lat' dir='ltr'><strong>in</strong></span> <span class='ocrx_word' id='word_1_814' title='bbox 2051 2657 2284 2697; x_wconf 87' lang='lat' dir='ltr'><strong>possessionem</strong></span> 
     </span>
    </p>
   </div>
   <div class='ocr_carea' id='block_1_14' title="bbox 2478 712 2490 1268">
    <p class='ocr_par' dir='ltr' id='par_1_19' title="bbox 2478 712 2490 1268">
     <span class='ocr_line' id='line_1_114' title="bbox 2478 712 2490 1268; textangle 90"><span class='ocrx_word' id='word_1_815' title='bbox 2481 1262 2485 1268; x_wconf 77' lang='lat'><em>.</em></span> <span class='ocrx_word' id='word_1_816' title='bbox 2479 1177 2486 1243; x_wconf 72' lang='lat' dir='ltr'><strong>-u—</strong></span> <span class='ocrx_word' id='word_1_817' title='bbox 2478 813 2490 1163; x_wconf 48' lang='lat' dir='ltr'><strong>nu—-1--0-u—..Q</strong></span> <span class='ocrx_word' id='word_1_818' title='bbox 2484 770 2486 780; x_wconf 92' lang='lat'><em>-</em></span> <span class='ocrx_word' id='word_1_819' title='bbox 2484 712 2487 724; x_wconf 84' lang='grc'>-</span> 
     </span>
    </p>
   </div>
   <div class='ocr_carea' id='block_1_15' title="bbox 2461 873 2513 3126">
    <p class='ocr_par' dir='ltr' id='par_1_20' title="bbox 2461 873 2513 3126">
     <span class='ocr_line' id='line_1_115' title="bbox 2461 873 2513 3126; baseline 0 0"><span class='ocrx_word' id='word_1_820' title='bbox 2461 873 2513 3126; x_wconf 95' lang='lat' dir='ltr'><strong>    </strong></span> 
     </span>
    </p>
   </div>
  </div>
 </body>
</html>
