2513 3126
301 203 365 235 459

302 300 338 330 dc
363 300 447 330 vobis
468 297 716 338 ncyotiubuntur:
739 305 872 336 quorum
896 295 1046 327 iudicium
1066 294 1189 335 pridem
1211 304 1272 326 non

304 345 410 379 cessae,
432 344 457 372 et
480 350 608 380 quorum
627 339 763 378 perditio
786 348 846 370 non
869 338 1024 370 dormitat.

392 427 418 456 1.
442 424 582 455 Fucrtmt
611 426 721 462 autem,
744 426 793 455 etc.
840 423 1006 462 Quoniam
1038 422 1098 454 hoc
1129 422 1273 463 graviter

303 475 335 500 et
365 467 541 508 periculose
574 467 719 498 infirmas
749 466 958 497 conscientias
989 470 1160 497 concutere
1182 465 1272 503 solet,

303 511 378 541 dum
412 511 586 550 insurgunt
621 509 692 540 salsi
727 509 874 540 doctores
908 509 961 548 qui
991 508 1065 539 fidei
1096 508 1271 540 doctrinam

304 553 353 583 vol
378 558 603 592 corrumpunt,
627 552 678 584 vel
704 552 862 583 lacerant:
887 561 1017 583 necesse
1037 551 1096 582 fuit
1119 550 1273 591 apostolo,

303 606 402 635 quum
437 595 547 626 fideles
576 595 697 626 hortari
729 595 827 626 vellet
858 594 897 625 ad
928 594 1153 630 constantiam,
1188 594 1272 625 eius-

303 638 390 669 modi
413 637 598 669 scandalum
624 637 746 668 tollere.
792 637 893 668 Porro
923 636 983 668 hoc
1006 642 1198 677 argumento
1222 646 1272 667 so-

301 680 390 711 latur
420 691 474 712 eos
505 680 619 720 quibus
649 681 772 717 scribit,
804 685 836 711 et
865 680 1036 711 confirmat
1065 679 1150 720 quod
1181 679 1272 710 Deus

303 733 432 763 semper
456 723 516 754 hoc
538 733 656 763 genere
680 723 866 754 tentationis
883 722 1050 754 ecclesiam
1074 732 1165 753 suam
1183 732 1273 753 exer-

302 766 422 797 cuerit:
463 776 503 796 ne
541 766 623 797 sorte
659 776 771 797 eorum
809 765 907 796 corda
944 766 1071 797 novitas
1109 764 1272 805 percellat.

302 808 376 840 Non
401 809 472 845 alia,
497 809 611 848 inquit,
642 809 752 840 futura
775 814 825 840 est
847 808 908 840 sub
930 808 1099 848 evangelio
1121 807 1273 839 ecclesiae

302 851 451 889 conditio,
473 861 570 891 quam
587 851 664 882 olim
680 851 740 883 sub
757 851 827 892 lege
842 851 953 882 fuerit:
978 850 1273 891 pseudoprophetae

302 897 446 925 veterem
470 894 636 925 ecclesiam
661 894 843 931 turbarunt,
867 893 951 925 idem
976 898 1008 925 et
1027 893 1118 924 nobis
1141 903 1272 932 exspec-

302 937 436 968 tandum
471 941 530 967 est.
584 937 655 969 Hoc
684 937 826 978 oportuit
859 936 978 968 diserte
1012 940 1165 967 testatum
1194 945 1273 975 esse,

303 980 378 1019 quia
412 979 505 1011 multi
529 980 741 1019 tranquillum
766 980 825 1011 sub
849 979 972 1011 Christi
996 989 1096 1019 regno
1121 977 1274 1009 ecclesiae

302 1025 423 1053 statum
447 1022 508 1054 sibi
526 1022 700 1063 fingebant.
735 1022 821 1062 Quia
843 1022 928 1054 enim
953 1022 1020 1053 eius
1045 1021 1186 1052 adventu
1203 1030 1273 1061 pro-

302 1065 420 1104 phetae
436 1064 572 1097 solidam
596 1075 719 1106 pacem,
745 1075 906 1097 summam
926 1064 1072 1096 coelestis
1095 1064 1274 1103 sapientiae

300 1108 422 1146 lucem,
456 1108 649 1148 plenamque
682 1119 791 1140 rerum
825 1107 970 1139 omnium
1004 1106 1274 1137 instaurationem

301 1152 512 1191 promittunt,
547 1161 612 1183 non
645 1151 802 1191 putabant
832 1150 998 1182 ecclesiam
1032 1148 1170 1189 amplius
1200 1148 1274 1179 ullis

301 1193 533 1225 certaminibus
570 1193 639 1225 fore
672 1193 856 1225 obnoxiam.
913 1191 1162 1223 Meminerimus
1195 1201 1272 1232 ergo

302 1236 453 1276 spiritum
477 1236 539 1268 Dei
569 1235 629 1268 hoc
658 1236 757 1268 semel
780 1235 1016 1276 pronuntiasse,
1046 1243 1210 1274 nunquam
1234 1233 1273 1265 ab

302 1279 363 1310 hoc
397 1278 552 1311 intestino
586 1279 671 1310 malo
704 1279 881 1310 immunem
915 1278 981 1308 fore
1015 1277 1198 1309 ecclesiam:
1236 1286 1273 1308 ac

302 1321 395 1353 nobis
433 1331 559 1362 semper
596 1322 628 1353 in
666 1328 808 1353 mentem
843 1321 954 1352 veniat
990 1320 1051 1351 ista
1085 1318 1271 1356 similitudo,

301 1374 505 1395 communem
529 1364 619 1396 nobis
642 1375 711 1396 esse
734 1365 809 1395 fidei
835 1362 1054 1403 probationem
1078 1372 1151 1394 cum
1174 1362 1273 1402 patri-

302 1406 371 1445 bus,
395 1407 471 1447 quia
495 1408 605 1439 eadem
629 1408 670 1438 sit
694 1407 784 1444 ratio,
816 1416 931 1445 nempe
953 1407 990 1436 ut
1017 1405 1078 1437 hoc
1100 1404 1195 1436 modo
1217 1414 1272 1445 ap-

302 1454 414 1490 pareat
437 1460 477 1481 an
501 1460 576 1481 vere
592 1449 697 1481 Deum
714 1457 875 1480 amemus:
898 1447 1169 1488 quemadmodum
1186 1447 1273 1479 Deu-

303 1493 476 1523 teronomii
492 1502 559 1533 cap.
579 1492 628 1529 13,
646 1493 674 1530 3,
692 1493 846 1532 scriptum
863 1494 923 1523 est.
955 1491 1057 1522 Porro
1075 1490 1127 1522 hic
1142 1489 1273 1531 singula

302 1534 452 1575 exempla
476 1535 595 1566 referre
618 1545 746 1567 necesse
769 1545 833 1566 non
856 1538 917 1565 est:
942 1534 1020 1565 satis
1043 1533 1086 1565 sit
1104 1537 1215 1565 tenere
1237 1532 1272 1564 in

302 1587 439 1615 summa,
471 1578 554 1618 quod
583 1582 711 1617 patrum
741 1577 891 1618 exemplo
919 1576 1011 1608 nobis
1034 1576 1190 1608 adversus
1212 1575 1271 1607 im-

302 1621 372 1661 pias
396 1620 562 1652 doctrinas
585 1620 797 1660 pugnandum
821 1621 881 1651 sit:
910 1619 994 1660 quod
1024 1619 1063 1650 ob
1087 1618 1218 1650 dissidia
1240 1622 1273 1650 et

303 1666 407 1695 sectas
441 1664 573 1694 minime
603 1663 765 1695 labascere
796 1662 911 1694 debeat
933 1662 1013 1694 fides
1036 1665 1162 1694 nostra:
1197 1661 1273 1702 quia

303 1706 389 1737 inter
423 1706 626 1738 turbulentas
658 1706 864 1747 agitationes,
899 1704 1014 1745 quibus
1044 1704 1146 1737 Satan
1177 1704 1276 1735 toties

303 1749 413 1780 omnia
436 1754 581 1781 evertere
610 1755 746 1781 conatus
768 1754 825 1787 est,
855 1749 949 1779 firma
972 1747 1182 1779 nihilominus
1206 1757 1274 1787 per-

302 1792 421 1823 stiterit
456 1791 517 1823 Dei
551 1791 682 1823 veritas.
738 1790 889 1823 Observa
925 1795 1034 1822 autem
1073 1801 1137 1822 non
1170 1799 1272 1822 unum

303 1835 408 1865 notari
430 1845 449 1865 a
471 1834 569 1866 Petro
600 1838 738 1875 tempus,
770 1844 869 1874 quum
902 1833 987 1871 dicit,
1019 1837 1141 1865 erunt
1174 1832 1273 1864 falsi

304 1877 516 1915 doctores,
547 1878 603 1909 sed
626 1887 738 1908 omnes
761 1878 867 1917 potius
890 1881 1010 1908 aetates
1032 1875 1271 1916 comprehendi.

303 1919 508 1951 Christianos
542 1921 629 1951 enim
664 1929 737 1951 cum
770 1920 870 1951 veteri
905 1920 1021 1960 populo
1055 1919 1108 1951 hic
1140 1918 1273 1951 confert.

304 1962 382 1993 Ideo
405 1962 489 1994 hanc
513 1962 693 1994 doctrinam
717 1962 758 1994 ad
782 1968 910 2002 tempus
934 1966 1079 1994 nostrum
1096 1971 1273 1994 accommo-

306 2004 383 2036 dare
406 2004 506 2041 decet,
531 2016 570 2036 ne
593 2005 673 2036 haec
696 2006 831 2036 tentatio
855 2015 912 2036 nos
935 2005 1073 2046 frangat,
1104 2014 1203 2045 quum
1226 2003 1273 2034 in-

305 2057 438 2087 surgere
469 2047 613 2079 videmus
648 2047 742 2079 falsos
772 2047 917 2079 doctores
945 2053 980 2079 ut
1008 2048 1069 2078 Dei
1100 2048 1271 2080 veritatem

305 2094 504 2130 oppugnent.
557 2090 730 2122 Caeterum
761 2089 832 2121 ideo
867 2100 924 2122 nos
958 2089 1109 2122 admonet
1138 2089 1272 2131 spiritus

306 2132 385 2170 Dei,
420 2138 455 2163 ut
489 2132 605 2163 intenti
640 2133 740 2164 simus
773 2132 813 2163 ad
850 2133 1042 2165 cavendum:
1080 2135 1177 2174 atque
1210 2132 1274 2164 huc

307 2179 429 2215 spectat
453 2178 521 2206 tota
544 2175 716 2215 descriptio
739 2185 834 2216 quam
856 2186 931 2207 mox
954 2176 1108 2208 subiiciet.
1154 2175 1274 2215 Quam-

306 2227 405 2258 quam
428 2217 572 2259 singulas
595 2222 698 2249 sectas
721 2228 786 2249 non
809 2218 921 2259 pinget
944 2219 1010 2250 suis
1026 2218 1194 2256 coloribus,
1217 2217 1272 2249 sed

307 2260 513 2300 peculiariter
542 2271 722 2292 sermonem
753 2261 870 2302 diriget
899 2262 931 2292 in
954 2261 1100 2293 homines
1124 2261 1273 2301 profanos

307 2303 361 2343 qui
388 2302 451 2333 Dei
481 2306 700 2343 contemptum
732 2304 897 2335 inducunt.
942 2304 1114 2336 Generalis
1144 2303 1272 2344 quidem

308 2350 357 2377 est
385 2346 557 2384 sententia,
591 2345 769 2377 cavendum
803 2356 873 2378 esse
903 2356 922 2377 a
955 2346 1045 2379 falsis
1075 2346 1273 2378 doctoribus:

308 2388 364 2419 sed
387 2388 510 2420 interea
532 2389 670 2429 speciem
694 2399 791 2420 unam
814 2389 911 2429 elegit
934 2389 1018 2421 unde
1037 2390 1107 2430 plus
1131 2388 1274 2421 instabat

307 2431 449 2471 periculi.
497 2431 592 2470 Quod
621 2442 663 2463 ex
685 2431 785 2463 Iudae
815 2432 923 2463 verbis
945 2432 1059 2464 melius
1088 2436 1186 2473 patet,
1220 2432 1273 2472 qui

308 2474 394 2505 idem
417 2483 550 2514 prorsus
572 2479 800 2514 argumentum
824 2478 952 2506 tractat.

398 2517 460 2556 Qui
479 2516 687 2549 subinducent.
741 2517 813 2548 Hoc
836 2516 934 2549 verbo
958 2516 1099 2549 Satanae
1123 2516 1274 2548 astutiam

310 2562 409 2596 notat,
437 2563 469 2590 et
491 2560 664 2600 impiorum
686 2561 830 2592 omnium
859 2560 914 2600 qui
938 2560 998 2591 sub
1020 2560 1132 2592 eodem
1156 2559 1275 2591 vexillo

310 2601 463 2639 militant,
497 2602 584 2642 quod
617 2602 754 2643 obliquis
787 2601 998 2640 anfractibus,
1031 2607 1063 2634 et
1096 2602 1188 2643 quasi
1217 2612 1275 2642 per

309 2644 476 2676 cuniculos
508 2645 646 2677 subituri
676 2646 751 2678 sint.
797 2645 870 2685 Quo
892 2646 995 2686 magis
1023 2645 1199 2687 advigilare
1222 2644 1275 2677 de-

1120 196 1261 229 EPIST.
1287 195 1424 228 PETRI
1451 195 1481 226 11

2235 196 2299 228 460

1324 293 1400 325 bent
1424 292 1467 333 pii
1491 296 1527 323 ut
1549 291 1765 323 clandestinas
1790 300 1915 331 quoque
1939 301 2049 323 eorum
2067 291 2196 324 fraudes
2213 293 2293 325 effu-

1324 337 1423 377 giant.
1478 335 1650 375 Utcunque
1684 334 1770 365 enim
1805 344 1839 364 se
1873 334 2051 372 insinuent,
2086 344 2150 366 non
2185 338 2294 368 tamen

1325 383 1476 419 poterunt
1509 377 1618 409 sedulo
1653 382 1794 409 attentos
1824 377 2069 408 circumvenire.
2127 376 2294 411 Sectas

1325 422 1478 453 exitiosas
1507 420 1600 459 dicit,
1634 428 1670 451 ut
1701 424 1853 460 quantam
1886 420 2021 460 quisque
2045 429 2156 451 curam
2179 420 2296 453 salutis

1325 474 1401 496 suae
1431 463 1542 503 habet,
1575 467 1678 495 sectas
1710 463 1800 501 istas,
1831 465 1987 502 tanquam
2019 462 2160 494 maxime
2185 463 2297 495 noxias

1326 511 1431 547 pestes
1455 505 1637 536 exhorreat.
1672 505 1766 544 Quod
1792 505 1931 545 pertinet
1954 504 1993 535 ad
2013 505 2117 544 ipsum
2135 510 2294 537 sectarum

1326 549 1376 580 vel
1401 548 1570 580 haereseos
1594 558 1721 587 nomen,
1750 559 1812 579 non
1837 547 1893 579 abs
1916 557 1950 578 re
1975 557 2101 588 semper
2124 548 2242 580 infame
2265 554 2297 580 et

1326 601 1460 623 exosum
1476 591 1535 621 fuit
1559 591 1643 622 iuter
1660 591 1721 622 Dei
1739 591 1832 622 filios.
1869 590 2046 622 Vinculum
2063 591 2148 622 enim
2166 595 2296 623 sanctae

1327 634 1462 665 unitatis
1499 633 1639 673 simplex
1669 638 1718 664 est
1742 634 1802 664 Dei
1835 634 1969 665 veritas:
2004 633 2099 664 simul
2131 637 2227 674 atque
2257 634 2295 666 ab

1326 687 1362 708 ea
1396 676 1589 715 disceditur,
1628 675 1708 707 nihil
1743 676 1830 707 aliud
1870 680 1968 708 restat
2003 685 2098 716 quam
2135 675 2297 708 horrenda

1326 719 1501 759 dissipatio.

1411 774 1519 805 Etiam
1556 773 1727 806 Dominum
1764 774 1820 814 qui
1855 774 1926 806 illos
1962 773 2096 805 redemit.
2154 774 2297 807 Tametsi

1326 818 1424 849 variis
1453 816 1557 848 modis
1587 817 1768 858 abnegatur
1799 816 1966 858 Christus,
1997 827 2070 848 eum
2104 821 2213 848 tamen
2243 817 2296 850 hic

1325 861 1409 902 (meo
1440 859 1571 901 iudicio)
1601 860 1734 900 attingit
1758 859 1885 899 Petrus,
1918 860 1973 900 qui
1996 859 2189 900 exprimitur
2212 860 2298 901 apud

1326 903 1454 934 ludam:
1485 913 1602 943 nempe
1632 902 1708 933 dum
1739 903 1845 942 gratia
1867 902 1929 933 Dei
1959 903 1992 934 in
2024 902 2189 934 lasciviam
2220 914 2297 935 con-

1327 946 1474 978 vertitur.
1520 945 1670 976 Redemit
1699 945 1787 975 enim
1811 954 1868 975 nos
1892 944 2053 984 Christus,
2086 950 2121 976 ut
2143 946 2297 986 populum

1326 989 1459 1020 haberet
1495 991 1702 1028 segregatum
1740 986 1780 1018 ab
1816 987 1965 1019 omnibus
2001 987 2114 1019 mundi
2148 988 2296 1029 inquina-

1327 1032 1461 1071 mentis,
1499 1030 1662 1062 addietum
1695 1029 1860 1061 sanctitati
1895 1034 1926 1060 et
1959 1031 2173 1062 innocentiae.
2231 1031 2296 1070 Qui

1327 1075 1425 1115 igitur
1455 1084 1592 1105 excusso
1622 1073 1733 1104 fraeno
1763 1073 1795 1103 in
1825 1082 1953 1104 omnem
1981 1072 2142 1104 licentiam
2166 1084 2200 1105 se
2223 1084 2296 1114 pro-

1326 1117 1451 1156 ficiunt,
1481 1126 1544 1147 non
1576 1115 1738 1147 immerito
1769 1115 1920 1148 dicuntur
1941 1115 2112 1147 Christum
2135 1115 2296 1157 abnegare

1326 1170 1346 1191 a
1373 1170 1436 1200 quo
1465 1159 1623 1199 redempti
1647 1163 1733 1189 sunt.
1778 1158 1919 1190 Proinde
1942 1162 1978 1189 ut
2000 1157 2093 1190 salva
2115 1162 2148 1190 et
2170 1159 2296 1200 integra

1326 1202 1486 1243 evangelii
1528 1202 1673 1233 doctrina
1708 1201 1794 1241 apud
1824 1211 1884 1232 nos
1914 1206 2057 1239 maneat,
2091 1200 2152 1233 hoc
2180 1202 2296 1234 animis

1327 1246 1448 1277 nostris
1477 1245 1614 1276 infixum
1647 1244 1699 1284 sit,
1730 1244 1912 1284 redemptos
1941 1254 2010 1275 esse
2033 1254 2091 1275 nos
2114 1254 2132 1274 a
2155 1243 2296 1283 Christo,

1327 1294 1363 1319 ut
1387 1289 1472 1319 vitae
1495 1287 1592 1319 simul
1608 1294 1639 1318 et
1656 1287 1769 1318 mortis
1785 1293 1915 1318 nostrae
1931 1287 1973 1317 sit
1988 1286 2164 1318 Dominus:
2188 1287 2296 1328 itaque

1326 1331 1419 1362 nobis
1451 1331 1538 1362 hunc
1560 1330 1657 1361 finem
1681 1339 1751 1361 esse
1775 1330 1987 1370 propositum,
2019 1333 2055 1360 ut
2078 1329 2124 1361 illi
2149 1331 2296 1362 vivamus

1326 1383 1362 1405 ac
1396 1374 1583 1404 moriamur.
1634 1372 1758 1404 Iterum
1789 1372 1926 1404 celerem
1955 1372 2021 1404 illis
2050 1372 2218 1404 interitum
2246 1374 2297 1404 in-

1327 1422 1414 1448 stare
1437 1416 1523 1455 dicit,
1547 1426 1587 1447 ne
1609 1415 1665 1447 alii
1687 1426 1721 1447 se
1744 1415 1808 1446 illis
1831 1415 2008 1456 implicent.

1411 1472 1440 1504 2.
1472 1471 1515 1503 Et
1542 1471 1632 1503 multi
1653 1473 1825 1512 sequentur.
1870 1471 1942 1502 Hoc
1965 1481 2041 1502 vero
2066 1481 2131 1502 non
2154 1470 2225 1502 leve
2248 1475 2297 1502 est

1325 1514 1515 1546 scandalum
1543 1515 1693 1550 infirmis,
1724 1524 1823 1554 quum
1847 1513 1959 1545 vident
1988 1514 2151 1546 communi
2181 1513 2297 1545 mundi

1326 1558 1485 1598 applausu
1515 1558 1621 1598 excipi
1651 1556 1748 1588 falsas
1779 1557 1952 1594 doctrinas,
1985 1561 2017 1588 et
2046 1557 2210 1597 ingentem
2237 1556 2297 1588 ho-

1326 1602 1451 1632 minum
1490 1610 1664 1632 numerum
1702 1599 1819 1640 abripi,
1857 1600 1904 1631 ita
1941 1604 1976 1630 ut
2012 1600 2106 1639 pauci
2142 1599 2177 1630 in
2216 1609 2297 1640 pura

1326 1643 1449 1675 Christi
1485 1643 1669 1675 obedientia
1700 1648 1862 1674 maneant.
1917 1641 1973 1674 Sic
2007 1641 2101 1673 hodie
2132 1641 2215 1673 nihil
2247 1647 2297 1674 est

1324 1686 1408 1726 quod
1435 1685 1661 1718 vehementius
1692 1685 1799 1716 turbet
1832 1686 1901 1726 pias
1942 1690 2067 1716 mentes
2096 1694 2193 1725 quam
2223 1685 2297 1716 talis

1325 1729 1469 1761 defectio.
1516 1728 1582 1760 Vix
1615 1729 1701 1760 enim
1736 1728 1879 1760 decimus
1917 1728 2052 1768 quisque
2085 1737 2206 1765 eorum,
2239 1728 2297 1767 qui

1325 1772 1460 1804 Christo
1490 1782 1606 1803 nomen
1631 1771 1797 1808 dederunt,
1830 1771 1904 1802 fidei
1928 1771 2104 1811 puritatem
2128 1770 2169 1801 ad
2191 1776 2297 1802 extre-

1325 1825 1414 1846 mum
1446 1825 1546 1855 usque
1569 1815 1705 1846 retinet:
1736 1824 1848 1845 omnes
1870 1814 1937 1845 fere
1959 1813 1999 1844 ad
2022 1813 2221 1853 corruptelas
2245 1812 2296 1844 de-

1324 1863 1491 1898 generant,
1519 1863 1616 1897 atque
1646 1867 1665 1888 a
1687 1857 1852 1897 magistris
1875 1856 2022 1888 licentiae
2046 1855 2160 1894 delusi,
2190 1856 2298 1896 profa-

1325 1906 1472 1932 nescunt.
1511 1900 1559 1932 Ne
1583 1900 1645 1931 hoc
1667 1900 1763 1931 fidem
1783 1905 1925 1931 nostram
1946 1899 2126 1936 labefactet,
2150 1903 2299 1930 occurret

1325 1943 1454 1981 Petrus,
1477 1949 1509 1974 et
1532 1947 1659 1974 mature
1682 1942 1840 1983 praedicit
1863 1942 1923 1974 hoc
1946 1943 2052 1983 ipsum
2069 1941 2139 1972 fore
2155 1947 2191 1972 ut
2206 1942 2299 1981 impii

1326 1986 1472 2018 doctores
1507 1986 1625 2017 multos
1664 1985 1795 2016 trahant
1833 1985 1866 2016 in
1904 1985 2050 2016 exitium.
2108 1984 2210 2016 Porro
2247 1983 2300 2016 hic

1326 2028 1447 2068 duplex
1477 2035 1525 2060 est
1556 2028 1660 2065 lectio,
1691 2030 1788 2059 etiam
1811 2027 1895 2068 apud
1920 2027 2074 2059 Graecos.
2119 2027 2187 2058 Alii
2209 2027 2296 2058 enim

1325 2071 1489 2110 lascivias,
1519 2071 1575 2102 alii
1605 2071 1706 2102 exitia
1735 2070 1864 2111 legunt:
1900 2076 2056 2110 sequutus
2086 2079 2156 2101 sum
2190 2075 2298 2100 tamen

1325 2114 1409 2154 quod
1434 2115 1537 2155 magis
1561 2120 1724 2154 receptum
1747 2118 1826 2145 erat.

1411 2173 1474 2205 Per
1504 2183 1579 2213 quos
1607 2173 1660 2204 via
1690 2173 1840 2204 veritatis.
1885 2172 1957 2204 Hoc
1983 2171 2055 2204 ideo
2080 2171 2202 2204 dictum
2226 2180 2297 2203 esse

1325 2216 1527 2256 interpretor,
1557 2217 1631 2256 quia
1663 2215 1757 2246 sicuti
1787 2218 1920 2247 ornatur
1950 2214 2063 2255 religio
2094 2213 2170 2245 dum
2200 2213 2295 2246 insti-

1326 2265 1461 2291 tuuntur
1485 2259 1632 2290 homines
1655 2257 1696 2289 ad
1719 2258 1866 2290 timorem
1886 2257 1958 2295 Dei,
1983 2257 2067 2288 vitae
2090 2256 2294 2297 probitatem,

1325 2308 1429 2334 castos
1460 2312 1562 2333 mores
1593 2311 1629 2333 ac
1660 2300 1821 2338 honestos,
1853 2300 1905 2331 vel
1935 2299 2052 2331 saltem
2080 2310 2116 2331 os
2139 2299 2294 2340 improbis

1325 2345 1513 2384 obstruitur,
1533 2354 1573 2375 ne
1590 2343 1758 2384 evangelio
1774 2342 1980 2374 maledicant:
2002 2342 2048 2373 ita
2064 2352 2163 2383 quum
2180 2343 2297 2374 fraena

1325 2388 1458 2428 impune
1491 2386 1647 2418 laxantur
1681 2385 1722 2417 ad
1751 2395 1877 2417 omnem
1909 2385 2086 2424 lasciviam,
2122 2385 2298 2425 exponitur

1326 2430 1449 2462 Christi
1478 2439 1598 2460 nomen
1626 2433 1657 2460 et
1687 2428 1834 2460 doctrina
1877 2428 2050 2468 impiorum
2084 2427 2296 2460 contumeliis.

1327 2473 1394 2505 Alii
1435 2472 1600 2504 diversum
1640 2481 1771 2502 sensum
1812 2470 1968 2510 afferunt,
2008 2470 2092 2511 quod
2132 2470 2204 2502 falsi
2241 2470 2295 2502 isti

1327 2516 1487 2552 doctores,
1523 2518 1675 2555 tanquam
1709 2514 1829 2554 impuri
1863 2524 1974 2552 canes,
2008 2513 2198 2545 oblatraturi
2229 2513 2294 2545 sint

1326 2568 1425 2590 sanae
1455 2557 1630 2589 doctrinae.
1676 2556 1741 2588 Sed
1771 2556 1849 2587 mihi
1879 2556 1939 2588 hoc
1969 2556 2076 2597 potius
2107 2556 2293 2597 significant

1327 2601 1416 2633 Petri
1446 2600 1561 2640 verba,
1591 2599 1722 2631 daturos
1752 2599 1951 2631 occasionem
1982 2599 2141 2638 hostibus,
2171 2602 2207 2630 ut
2234 2597 2295 2629 Dei

1328 2643 1458 2677 veritati
1495 2646 1646 2684 proterve
1684 2642 1851 2674 insultent.
1907 2642 2084 2682 Utcunque
2121 2651 2197 2682 ergo
2231 2649 2296 2672 non
