2513 3126
270 216 329 247 139

270 314 457 356 paratiores.
494 312 604 351 Neque
625 309 711 340 onim
736 309 796 340 hae
812 308 994 341 conditione
1013 317 1072 339 nos
1089 307 1241 340 Christus

270 357 408 389 adscivit
425 361 460 387 ut
477 358 549 394 post
566 353 690 392 aliquot
714 361 825 388 annos,
851 356 1003 391 tanquam
1021 351 1140 382 milites
1156 360 1241 382 eme-

270 401 335 436 riti,
360 404 505 439 petamus
526 395 728 426 missionem:
753 394 808 426 sed
832 398 868 425 ut
891 396 1002 425 nostra
1024 392 1185 433 stipendia
1202 393 1241 424 ad

272 445 368 474 finem
409 450 509 479 usquc
546 447 789 478 persequamur.
846 437 946 468 Porro
983 436 1241 468 exhortationem

270 483 447 524 amplificat
481 491 582 521 quum
617 480 709 519 dicit,
744 479 874 520 egregia
909 481 1143 519 strategemata
1176 479 1240 510 iam

270 535 345 558 tunc
367 524 506 556 edidisse
529 524 616 564 ipsos
636 533 698 563 quo
721 527 866 562 tempore
889 521 995 553 adhuc
1012 521 1127 552 novitii
1151 526 1242 553 erant

271 577 417 610 tyrones:
441 577 504 607 quo
527 567 632 607 magis
653 565 839 606 pudendum
862 569 956 602 esset,
984 565 1010 595 si
1035 574 1122 596 nunc
1145 565 1240 606 longo

270 622 328 643 usu
352 609 522 642 exercitati
546 609 707 640 deficiant.
748 607 831 638 Nam
856 607 1059 647 participium
1084 606 1241 638 illumi-

270 653 372 691 nati,
396 652 436 684 ad
461 657 587 693 tempus
603 651 681 682 illud
705 651 917 690 restringitur
933 659 996 690 quo
1015 649 1154 690 primum
1173 660 1241 682 coe-

270 700 385 737 perant
409 695 540 727 Christo
569 704 687 725 nomen
717 693 803 724 dare.
850 694 899 724 Ae
927 694 953 723 si
984 692 1112 730 diceret,
1147 693 1241 724 simul

271 743 369 780 atque
393 738 512 770 initiati
534 737 638 768 fuistis
661 737 694 768 in
719 736 815 768 fidem
837 735 970 774 Christi,
993 735 1139 767 subiistis
1162 735 1243 767 dura

272 782 436 822 arduaque
459 781 652 813 certamina:
677 789 764 810 nunc
786 789 865 810 usus
888 779 956 819 ipse
978 778 1169 810 confirmare
1186 788 1242 810 vos

272 824 393 861 debuit,
425 830 460 855 ut
485 823 556 854 sitis
579 823 799 854 animosiores.
846 822 891 852 Et
921 825 1029 852 tamen
1060 821 1156 852 simul
1187 820 1242 852 ad-

271 870 389 903 monet.
422 867 480 898 hoc
506 866 567 896 Dei
601 865 757 897 beneficio
787 868 1015 904 consequutos‚
1045 868 1081 894 ut
1103 863 1244 896 credide-

272 911 339 942 rint
362 920 426 941 non
451 908 582 949 proprio
606 910 719 939 marte.
761 907 992 938 Illuminantur
1016 907 1103 938 enim
1131 907 1186 946 qui
1212 909 1244 937 et

273 959 347 984 ante
372 954 403 983 in
428 951 568 983 tenebris
599 953 692 982 erant
715 950 872 982 demersi:
902 959 962 981 nec
984 949 1084 981 oculis
1108 948 1244 989 praediti

272 1002 347 1028 sunt
363 995 478 1035 quibus
496 994 636 1031 videant,
661 993 723 1025 nisi
738 993 794 1024 lux
811 992 941 1024 aliunde
957 992 1120 1032 affulgeat.
1155 991 1245 1031 Ergo

273 1038 398 1079 quoties
422 1036 515 1068 nobis
539 1037 570 1068 in
594 1040 738 1068 mentem
763 1036 900 1067 veniunt
923 1045 1003 1075 quae
1026 1035 1160 1074 egimus,
1192 1033 1244 1064 vel

273 1091 382 1112 sumus
405 1080 492 1121 passi
516 1090 574 1120 pro
594 1079 736 1116 Christo,
758 1078 891 1110 totidem
916 1078 982 1109 sint
1006 1077 1097 1108 nobis
1121 1076 1244 1108 stimuli

274 1124 328 1164 qui
353 1133 412 1155 nos
436 1123 475 1154 ad
499 1122 664 1154 meliorem
688 1121 866 1161 profectum
890 1125 1017 1152 acuant.

359 1166 409 1198 33.
433 1165 558 1198 Partim
587 1166 662 1197 dum
684 1164 822 1204 probris.
868 1163 1024 1194 Videmus
1056 1172 1134 1201 quos
1158 1170 1244 1192 com-

273 1209 380 1250 pellet,
411 1218 526 1248 nempe
558 1218 694 1248 quorum
718 1207 797 1238 fides
820 1216 884 1238 non
908 1204 1097 1245 vulgaribus
1120 1204 1244 1244 experi-

274 1253 392 1284 mentis
426 1251 560 1292 probata
593 1251 715 1282 fuerat:
753 1254 785 1280 et
819 1255 924 1280 tamen
960 1248 1082 1278 hortari
1116 1256 1170 1278 eos
1204 1246 1244 1278 ad

273 1295 397 1327 maiora
419 1304 485 1325 non
509 1293 634 1325 desinit.
673 1292 782 1332 Quare
802 1301 896 1323 nemo
914 1301 947 1322 se
964 1300 1119 1330 perversa
1134 1289 1243 1321 adula-

274 1339 361 1369 tione
390 1337 490 1373 fallat,
522 1347 558 1368 ac
588 1336 615 1367 si
646 1341 764 1367 metam
793 1334 965 1374 attigisset,
993 1333 1043 1364 vel
1074 1342 1140 1364 non
1164 1343 1243 1373 opus

273 1380 408 1412 haberet
431 1380 544 1411 alienis
567 1378 715 1411 stimulis.
760 1377 848 1409 Dicit
871 1382 978 1408 autem
1002 1376 1089 1416 ipsos
1112 1376 1243 1407 fuisse

274 1423 492 1455 traductos
522 1422 688 1462 probris
719 1424 756 1451 et
787 1419 1118 1457 afflictionibus,
1149 1428 1185 1450 ac
1217 1419 1243 1449 si

274 1467 308 1497 in
338 1466 504 1497 theatrum
533 1464 679 1504 producti
710 1468 825 1495 essent.
871 1462 966 1494 Unde
989 1461 1171 1502 colligimus
1194 1462 1242 1492 in-

276 1510 384 1550 signes
408 1508 506 1540 fuisse
529 1507 794 1548 persequutiones
813 1515 893 1546 quas
909 1505 1139 1537 sustinuerant.
1178 1503 1243 1536 Sed

275 1551 438 1592 posterius
472 1550 653 1582 membrum
683 1549 856 1590 diligenter
885 1547 1062 1579 notandum
1095 1552 1156 1586 est,
1190 1547 1244 1578 ubi

275 1594 354 1626 dicit
376 1594 478 1626 sooios
501 1593 599 1624 fuisse
616 1593 740 1632 piorum
757 1592 790 1623 in
807 1591 1121 1632 persequutionibus.
1159 1590 1244 1621 Nam

274 1647 374 1677 quum
399 1636 522 1668 Christi
551 1636 593 1666 sit
620 1645 718 1667 causa
738 1645 797 1675 pro
821 1644 884 1675 qua
906 1638 1033 1665 certant
1056 1633 1100 1673 pii
1123 1643 1244 1671 omnes,

274 1685 306 1712 et
335 1680 421 1711 inter
452 1689 505 1710 eos
535 1679 576 1710 sit
605 1678 800 1710 communis:
833 1676 991 1717 quidquid
1017 1687 1102 1707 unus
1132 1686 1243 1707 eorum

273 1723 407 1763 patitur,
437 1721 528 1762 quasi
556 1722 588 1752 in
617 1731 708 1752 suam
731 1730 903 1761 personam
928 1719 1104 1751 transferre
1128 1718 1245 1750 debent

273 1765 391 1806 reliqui
415 1774 535 1796 omnes.
573 1763 681 1804 Atque
704 1764 835 1795 omnino
859 1764 904 1795 sic
922 1762 1084 1803 agendum
1101 1766 1158 1799 est,
1182 1761 1244 1793 nisi

273 1808 412 1840 velimus
436 1818 491 1839 nos
514 1817 532 1838 a.
555 1806 686 1839 Christo
711 1807 780 1847 ipso
804 1806 998 1846 disiungere.

359 1850 409 1882 34.
443 1849 630 1890 Suscepistis
659 1859 728 1882 cum
754 1849 880 1890 glaudio.
928 1848 1001 1879 Non
1031 1847 1165 1879 dubium
1195 1850 1245 1878 est

275 1894 350 1933 quin
374 1899 411 1925 ut
435 1893 584 1924 homines
607 1897 700 1923 erant
718 1892 884 1923 affectibus
903 1891 1043 1931 obnoxii,
1068 1900 1244 1922 moerorem

275 1936 340 1967 illis
362 1936 507 1967 attulerit
529 1936 688 1967 bonorum
711 1945 843 1966 suorum
859 1935 991 1966 iactura.
1030 1934 1154 1965 Verum
1170 1932 1245 1964 talis

275 1978 336 2009 fuit
358 1989 469 2009 eorum
485 1978 620 2010 tristitia
643 1988 723 2018 quae
742 1977 898 2018 gaudium
922 1977 992 2015 hoc,
1012 1976 1051 2008 de
1067 1987 1129 2017 quo
1144 1975 1245 2016 loqui-

277 2023 332 2051 tur
356 2021 529 2060 apostolus,
560 2031 625 2052 non
649 2020 835 2060 impediret:
868 2020 943 2060 quia
966 2025 1138 2060 paupertas
1161 2019 1246 2050 inter

278 2073 330 2094 res
355 2063 507 2095 adversas
530 2068 688 2101 censetur,
719 2063 877 2094 bonorum
900 2062 1035 2103 direptio
1057 2063 1089 2093 in
1113 2072 1147 2093 se
1170 2071 1245 2094 con·

279 2105 419 2137 siderata
448 2105 558 2136 dolore
585 2116 639 2137 eos
667 2106 833 2146 tangebat:
864 2105 920 2137 sed
943 2116 1043 2146 quum
1077 2105 1176 2136 altius
1197 2114 1245 2135 re-

278 2148 450 2189 spicerent,
480 2148 588 2188 gaudii
615 2148 787 2180 materiam
817 2148 1050 2189 concipiebant,
1081 2158 1143 2188 quo
1165 2147 1247 2178 illud

280 2190 434 2231 quidquid
463 2196 533 2222 erat
556 2190 683 2230 doloris,
710 2190 901 2222 leniebatur.
947 2191 1002 2223 Sic
1025 2191 1111 2222 enim
1133 2200 1248 2223 sensus

280 2238 406 2265 nostros
434 2232 582 2265 coelestis
609 2233 878 2265 remunerationis
908 2234 1062 2275 adspectu
1084 2244 1103 2265 a
1125 2233 1248 2264 mundo

280 2276 395 2308 abduci
423 2276 583 2308 convenit.
628 2275 740 2316 Neque
763 2276 850 2307 aliud
874 2276 943 2309 dieo
965 2287 1062 2317 quam
1085 2276 1169 2317 quod
1192 2287 1247 2308 ex-

280 2319 450 2359 periuntur
479 2319 524 2359 pii
555 2328 677 2350 omnes.
728 2318 774 2350 Et
803 2323 889 2350 certe
918 2319 994 2351 laeti
1024 2319 1250 2360 amplectimur

280 2361 364 2401 quod
393 2361 541 2402 persuasi
571 2371 684 2393 sumus
714 2371 881 2394 cessurum
909 2362 1001 2394 nobis
1031 2362 1066 2393 in
1097 2362 1247 2394 salutem:

281 2404 370 2436 hunc
393 2409 502 2435 autem
525 2404 735 2445 proculdubio
758 2414 888 2436 sensum
911 2405 1032 2437 habent
1053 2405 1113 2436 filii
1129 2404 1193 2436 Dei
1211 2403 1250 2435 de

281 2446 524 2486 certaminibus,
561 2457 644 2487 quae
681 2457 740 2487 pro
773 2446 898 2479 Christi
935 2447 1036 2488 gloria
1058 2447 1249 2489 suscipiunt.

282 2489 396 2529 Itaque
426 2499 592 2530 nunquam
615 2490 650 2521 in
673 2489 738 2521 illis
761 2489 870 2521 dolore
893 2490 1068 2522 obruendis
1090 2491 1135 2522 ita
1157 2500 1250 2530 prae-

283 2531 369 2564 valet
392 2532 498 2564 carnis
520 2533 664 2571 affectus,
692 2533 771 2573 quin
793 2532 909 2564 erectis
931 2533 966 2564 in
988 2533 1113 2565 coelum
1135 2532 1249 2565 menti-

282 2573 344 2605 bus
377 2579 546 2616 emergant
574 2575 609 2606 in
641 2574 808 2616 spirituale
836 2575 1000 2616 gaudium.
1052 2578 1161 2617 Atque
1190 2574 1250 2608 hoe

284 2616 433 2658 designat
466 2618 548 2649 ratio
581 2628 679 2658 quam
712 2617 855 2657 subiicit,
892 2619 1096 2659 scientes,
1136 2618 1249 2659 inquit¹

284 2669 353 2691 vos
372 2659 525 2692 habere
543 2661 754 2693 meliorem
772 2661 1053 2692 substantiam
1072 2662 1111 2692 in
1130 2661 1250 2693 coelis

1023 210 1162 242 EPIs'r.
1187 209 1250 241 AD
1274 210 1521 242 HEBRAEOS

2203 213 2263 245 140

1293 312 1332 339 et
1363 312 1605 340 manentem.
1655 309 1745 340 Laeti
1769 318 1855 348 ergo,
1880 307 2038 339 bonorum
2062 317 2192 339 suorum
2216 310 2259 340 di-

1294 351 1473 392 reptionem
1493 351 1691 383 tolerabant:
1716 361 1778 382 non
1795 350 1879 391 quod
1898 350 2035 382 libenter
2051 350 2115 382 illis
2130 351 2261 391 spoliari

1292 404 1326 426 se
1343 393 1501 432 viderent,
1525 394 1581 426 sed
1600 395 1675 435 quia
1693 394 1808 425 animis
1824 393 1940 424 intenti
1956 393 2262 433 compensationem,

1294 436 1386 468 faoile
1416 440 1606 477 conceptum
1635 448 1675 468 ex
1700 437 1879 477 praesentis
1901 435 1977 467 mali
2001 446 2097 467 sensu
2121 435 2261 468 dolorem

1293 479 1575 512 obliviscebantur.
1615 480 1659 511 Et
1680 489 1757 511 sane
1775 479 1956 518 ubicunque
1972 479 2060 518 viget
2075 478 2262 511 coelestium

1294 522 1450 554 bonorum
1475 526 1598 563 gustus,
1623 533 1685 554 non
1711 532 1813 562 usque
1836 521 1915 553 adeo
1931 522 2016 561 sapit
2031 521 2174 553 mundus
2188 532 2262 554 cum

1294 565 1360 596 suis
1391 565 1558 604 illecebris,
1592 569 1629 596 ut
1658 564 1709 596 vel
1741 565 1949 605 paupertatis,
1984 564 2034 595 vel
2066 564 2263 605 ignominiae

1293 618 1407 639 sensus
1437 608 1544 639 dolore
1574 607 1698 639 animos
1721 608 1844 639 obruat.
1888 608 1976 648 Ergo
2000 607 2026 638 si
2050 607 2209 647 patienter
2231 612 2264 639 et

1294 651 1405 690 aequis
1428 650 1546 682 animis
1569 650 1697 689 quidvis
1720 661 1777 690 pro
1796 650 1927 682 Christo
1949 649 2085 681 velimus
2107 650 2199 688 ferre,
2223 650 2262 681 ad

1295 694 1495 733 frequentem
1538 692 1608 724 eius
1654 692 1818 724 felicitatis
1861 692 2102 724 meditationem
2140 702 2262 724 assues-

1294 746 1415 773 camus,
1439 745 1517 775 prae
1534 744 1596 775 qua
1614 735 1805 775 quisquiliae
1824 740 1902 767 sunt
1917 736 2026 766 omnia
2041 735 2155 766 mundi
2173 736 2263 767 bona.

1294 778 1361 810 Nee
1385 776 1655 819 praetereundum
1680 782 1729 808 est
1753 778 1837 818 quod
1863 778 1950 819 dicit,
1980 779 2170 810 scientes
2193 788 2264 809 vos

1296 821 1467 852 habere:
1503 819 1565 851 nisi
1599 820 1684 850 enim
1715 821 1787 860 quis
1815 824 1940 852 statuat
1970 821 2009 852 ad
2039 831 2073 853 se
2103 821 2263 861 pertinere

1296 873 1391 903 quam
1409 863 1500 893 Deus
1523 862 1756 893 haereditatem
1782 863 1857 895 filiis
1871 864 1938 895 suis
1955 864 2111 903 promisit,
2135 863 2264 904 frigebit

1296 904 1490 936 universalis
1512 905 1659 945 cognitio.

1381 964 1432 996 35.
1470 964 1518 995 Ne
1555 964 1711 996 abiiciatis
1748 965 1853 1005 issitnr.
1909 965 2064 997 Ostendit
2097 966 2172 1006 quid
2207 977 2264 997 nos

1297 1007 1436 1038 maxime
1475 1007 1515 1038 ad
1554 1008 1828 1047 perseverantiam
1865 1008 2047 1039 confirmet:
2085 1019 2201 1050 nempe
2238 1010 2265 1040 si

1297 1050 1447 1082 fiduciam
1489 1055 1633 1082 nostram
1674 1050 1889 1081 retineamus:
1931 1050 2190 1091 quandoquidem
2228 1062 2265 1083 ea

1297 1092 1430 1131 abiecta,
1446 1093 1508 1133 ipsi
1525 1103 1583 1124 nos
1599 1093 1763 1133 proposita
1780 1092 1923 1125 mercede
1939 1093 2136 1126 fraudamus.
2171 1093 2266 1126 Unde

1297 1141 1440 1175 apparet,
1463 1136 1567 1175 ipsam
1591 1135 1643 1175 pie
1666 1138 1843 1175 sancteque
1863 1136 1996 1167 vivendi
2020 1135 2266 1168 fundamentum

1298 1189 1375 1210 esse.
1418 1178 1513 1217 Quod
1538 1183 1648 1209 autem
1673 1179 2028 1210 remunerationis
2052 1179 2182 1210 nomine
2205 1180 2265 1210 uti-

1296 1226 1360 1261 tur,
1379 1231 1416 1252 eo
1435 1221 1516 1252 nihil
1534 1220 1686 1252 diminuit
1701 1221 1740 1252 de
1755 1220 1900 1262 gratuita
1915 1221 2030 1253 salutis
2046 1221 2267 1262 promissione.

1296 1263 1352 1296 Sic
1381 1265 1468 1295 enim
1498 1268 1617 1296 norunt
1648 1263 1759 1295 fideles
1788 1274 1881 1295 suum
1904 1264 2045 1296 laborem
2069 1265 2102 1295 in
2127 1264 2267 1296 Domino

1298 1317 1362 1338 non
1390 1317 1459 1339 esse
1482 1307 1714 1347 frustraneum,
1743 1311 1780 1338 ut
1802 1306 1871 1338 sola
1893 1306 1956 1338 Dei
1980 1307 2198 1339 misericordia
2220 1308 2268 1339 ni-

1297 1352 1417 1381 tantur.
1465 1349 1532 1382 Sed
1565 1350 1625 1381 hac
1659 1349 1698 1381 de
1732 1360 1767 1381 re
1794 1349 1870 1381 alibi
1898 1350 2026 1389 saepius
2057 1349 2178 1381 dietum
2209 1355 2268 1391 est,

1296 1392 1455 1432 quomodo
1495 1392 1618 1424 scilicet
1657 1392 1815 1424 mercedis
1854 1402 1973 1424 nomen
2013 1403 2086 1424 cum
2124 1393 2267 1433 gratuita

1297 1436 1438 1467 iustitiae
1461 1435 1676 1475 imputatione
1699 1444 1765 1466 non
1789 1440 1919 1477 pugnet.

1383 1538 1434 1569 36.
1459 1538 1619 1569 Patientia
1641 1538 1722 1569 enim
1745 1548 1822 1577 opus
1844 1537 1977 1569 habetis:
2000 1541 2033 1569 ut
2051 1547 2147 1577 quum
2164 1537 2269 1570 volun-

1297 1583 1387 1613 tatem
1403 1581 1467 1612 Dei
1487 1581 1631 1620 fecerim,
1654 1580 1831 1612 obstineatis
1846 1581 2094 1620 promissionem.
2135 1580 2187 1612 37.
2203 1581 2269 1613 Ad-

1297 1624 1355 1656 huc
1377 1624 1459 1655 enim
1476 1623 1632 1663 pusillum
1654 1624 1808 1662 temporis,
1831 1624 1955 1663 quando
1979 1624 2034 1664 qui
2052 1626 2198 1655 venimus
2216 1627 2268 1661 est,

1298 1667 1404 1705 veniet,
1438 1669 1465 1697 et
1497 1676 1560 1698 non
1593 1666 1737 1698 tardabit.
1790 1667 1841 1698 38.
1870 1666 1979 1698 Iustus
2011 1669 2114 1698 antem
2145 1677 2182 1698 esc
2209 1666 2270 1706 fide

1298 1711 1384 1741 vivet.
1428 1709 1471 1740 Et
1492 1710 1522 1741 si
1543 1709 1709 1741 subductus
1729 1709 1834 1749 fuerit,
1856 1719 1918 1740 non
1941 1709 2140 1740 obtestabitur
2161 1709 2269 1741 anima

1298 1763 1365 1784 mea
1395 1754 1430 1784 in
1459 1763 1500 1784 eo.
1545 1752 1596 1783 39.
1630 1752 1697 1783 Nos
1727 1755 1828 1783 antem
1848 1762 1909 1783 non
1932 1762 2042 1783 snmus
2062 1751 2270 1784 subductionis

1297 1796 1332 1827 in
1350 1796 1564 1835 perditionem,
1587 1795 1641 1827 sed
1662 1794 1737 1834 fidei
1759 1796 1794 1826 in
1816 1795 2049 1835 acquisitionem
2071 1795 2204 1827 animae.

1647 1941 1828 1981 CAPUT
1849 1941 1920 1981 XI.

1390 2044 1417 2074 l.
1444 2044 1542 2075 Porro
1562 2044 1640 2082 fides
1662 2046 1706 2075 est
1723 2053 1827 2075 rernm
1845 2043 2074 2082 sperandarum
2088 2041 2269 2080 substantia,

1300 2087 1520 2118 demonstratio
1543 2096 1650 2118 eornm
1672 2096 1752 2126 quae
1773 2095 1833 2117 non
1854 2086 2005 2117 videntur.

1386 2189 1437 2220 36.
1464 2189 1624 2221 Patientia
1655 2189 1738 2220 enim
1765 2199 1851 2228 opus.
1895 2188 2094 2220 Patientiam
2118 2187 2194 2220 dicit
2216 2198 2269 2219 ne-

1301 2233 1474 2265 cessariam
1505 2243 1587 2269 esse,
1619 2241 1684 2262 non
1714 2237 1841 2263 tantum
1872 2231 1949 2272 quia
1977 2231 2012 2262 in
2041 2231 2139 2262 finem
2168 2240 2269 2270 usque

1302 2275 1484 2307 durandum
1525 2278 1590 2313 est,
1632 2273 1688 2305 sed
1722 2275 1799 2314 quia
1831 2275 2020 2306 innumeras
2052 2278 2137 2305 artes
2170 2272 2269 2305 habet

1302 2318 1405 2350 Satan
1434 2318 1552 2358 quibus
1579 2326 1639 2348 nos
1661 2316 1820 2349 obturbet.
1864 2316 1979 2356 Itaque
2001 2316 2065 2347 nisi
2087 2315 2169 2347 mira
2192 2316 2270 2347 tole-

1303 2362 1410 2393 rantia
1439 2370 1584 2392 essemus
1606 2360 1766 2398 instructi,
1795 2359 1914 2391 millies
1936 2359 2159 2400 frangeremur
2181 2363 2269 2390 ante-

1303 2413 1400 2444 quam
1430 2403 1469 2435 ad
1501 2402 1670 2434 dimidium
1699 2412 1814 2434 cursus
1843 2401 1948 2433 nostri
1969 2401 2112 2442 spatium
2135 2406 2269 2433 ventum

1303 2452 1395 2479 esset.
1439 2445 1632 2478 Haereditas
1655 2445 1786 2486 quidem
1807 2444 1896 2476 vitae
1918 2447 2070 2476 aeternae
2092 2444 2158 2476 iam
2180 2449 2269 2476 certa

1303 2490 1396 2521 nobis
1418 2494 1484 2521 est:
1507 2489 1562 2521 sed
1585 2488 1659 2529 quia
1681 2487 1750 2519 vita
1772 2487 1851 2519 haee
1872 2487 1975 2519 instar
1994 2486 2092 2519 stadii
2109 2491 2167 2525 est,
2190 2487 2271 2519 eniti

1303 2532 1344 2564 ad
1366 2534 1488 2564 metam
1509 2534 1644 2572 oportet.
1689 2530 1728 2562 In
1751 2530 1822 2571 ipsa
1845 2534 1954 2562 autem
1978 2530 2030 2562 via
2052 2529 2193 2571 plurima
2214 2529 2270 2562 ob-

1302 2575 1427 2607 stacula
1453 2579 1485 2607 et
1512 2573 1717 2606 difficultates
1739 2576 1922 2613 occurrunt,
1949 2583 2030 2613 quae
2053 2583 2118 2605 non
2141 2575 2268 2604 tantum

1303 2628 1362 2650 nos
1384 2620 1562 2655 morentur,
1585 2615 1642 2648 sed
1664 2626 1795 2648 cursum
1817 2620 1964 2647 nostrum
1987 2626 2118 2656 prorsus
2140 2616 2269 2648 abrum-

1305 2666 1394 2702 pant,
1425 2661 1488 2692 nisi
1519 2660 1636 2701 ingens
1662 2658 1745 2691 adsit
1767 2658 1866 2690 animi
1889 2658 2042 2690 fortitudo
2065 2658 2105 2690 ad
2127 2658 2269 2690 eluctan-
