2513 3126
105 208 166 239 257

108 303 212 335 redes:
236 302 319 344 quod
336 307 384 334 est
400 302 617 343 praecipuum.
649 302 792 333 Tametsi
816 304 924 333 autem
948 300 1075 340 aliquae

107 357 125 377 a
158 357 214 386 spe
244 346 357 377 salutis
387 345 510 376 alienae
541 349 629 384 suut,
663 344 739 384 quia
768 348 876 376 tamen
907 342 986 383 ipsis
1010 351 1076 372 non

107 388 216 420 minus
247 399 283 420 ac
315 388 401 427 viris,
436 398 455 420 a
478 387 618 419 Domino
649 387 792 426 offertur,
827 386 887 418 hoe
915 385 955 417 ad
979 394 1077 416 sexus

107 433 262 464 honorem
287 431 415 463 sufficit.

195 474 244 506 Ne
261 484 368 514 preces
388 476 515 506 vestrae.
553 472 636 504 Nam
661 472 721 504 rite
744 471 886 503 invocari
910 472 999 503 Deus
1024 480 1079 502 ne-

108 517 188 558 quit,
211 517 275 548 nisi
292 516 475 557 tranquillis
494 526 531 547 ac
552 515 671 547 sedatis
695 514 820 545 animis.
858 513 950 545 Inter
972 513 1080 554 iurgia

109 566 141 592 et
165 560 237 591 lites
261 559 411 600 precibus
437 569 502 590 non
526 562 575 589 est
598 558 693 588 locus.
739 555 925 595 Alloquitur
948 556 1078 596 quidem

109 603 227 635 Petrus
257 603 409 633 maritum
440 605 472 632 et
502 609 645 637 uxorem,
679 598 754 629 dum
785 598 874 628 iubet
904 598 1079 631 concordes

109 657 179 678 esse
213 648 250 677 ut
283 645 377 676 simul
409 644 514 675 Deum
546 650 610 672 uno
641 641 748 671 auimo
778 645 960 680 precentur.
1012 641 1079 673 Sed

110 689 187 721 hinc
217 688 324 728 colligi
353 690 459 728 potest
480 683 640 724 generalis
663 682 820 724 doctrina,
855 684 1015 715 neminem
1039 683 1079 715 ad

111 732 218 763 Deum
249 739 340 770 posse
369 726 528 765 accedere,
559 726 621 756 nisi
651 725 707 765 qui
738 725 890 758 fratribus
913 726 980 758 suis
1003 737 1079 758 con·

110 775 239 806 iunctus
276 776 333 802 est.
391 770 481 809 Ergo
518 768 613 800 sicuti
651 768 730 799 haec
766 769 851 800 ratio
889 768 1081 801 domesticas

109 826 221 849 omnes
243 814 355 845 turbas
377 817 410 843 et
432 812 538 852 iurgia
561 810 655 842 debet
677 821 880 852 componere,
905 818 940 843 ut
963 813 996 843 in
1015 812 1080 843 sin-

110 858 194 900 gulis
216 855 347 887 familiis
370 855 540 886 invocetur
562 853 669 885 Deus:
702 854 748 884 ita
770 854 804 885 iu
827 855 990 886 communi
1015 865 1081 886 om-

110 902 199 933 nium
229 899 296 931 vita
325 897 365 929 ad
397 897 485 928 rixas
513 906 625 928 omues
649 896 852 935 cohibendas,
883 898 974 938 quasi
999 898 1080 929 frae-

109 953 187 976 num
209 951 279 973 esse
307 940 411 972 debet.
457 938 579 971 Sumus
602 942 687 971 enim
711 939 882 981 plusquam
907 940 1023 978 insani,
1054 940 1082 972 si

109 987 194 1018 viam
211 983 304 1016 nobis
319 983 359 1014 ad
379 982 571 1015 invocadum
589 982 695 1014 Deum
715 983 853 1015 scientes
876 994 912 1015 ac
936 984 1082 1015 volentes

109 1027 361 1070 praecludimus:
390 1036 487 1066 quum
512 1026 553 1057 sit
576 1025 636 1057 hoc
659 1025 791 1057 unicum
814 1025 929 1058 salutis
953 1031 1083 1058 nostrae

108 1070 246 1112 asylum.
293 1068 451 1100 Nonnulli
473 1072 658 1109 exponunt:
683 1068 783 1100 Parce
806 1072 839 1100 et
862 1072 1083 1109 temperanter

109 1123 212 1145 uxore
241 1111 398 1144 utendum
428 1122 507 1151 esse,
542 1122 583 1142 ne
618 1112 769 1151 frequens
799 1112 900 1144 coitus
931 1111 1083 1152 precandi

109 1155 255 1189 studium
283 1154 455 1194 impediat:
486 1154 579 1185 iuxta
606 1154 687 1185 illud
710 1154 805 1185 Pauli
829 1154 872 1196 (1.
892 1154 965 1186 Cor.
985 1155 1014 1192 7,
1039 1154 1083 1197 5),

110 1200 160 1231 Ne
176 1209 232 1230 vos
249 1197 404 1228 fraudetis
419 1201 544 1235 mutuo,
568 1197 632 1228 nisi
648 1207 688 1228 ex
705 1207 864 1229 consensu
880 1197 920 1228 ad
944 1203 1082 1238 tempus,

109 1246 145 1273 ut
175 1241 296 1273 vacetis
325 1240 445 1271 ieiunio
474 1245 505 1271 et
536 1240 724 1280 precationi.
770 1239 837 1272 Sed
866 1240 964 1272 latius
995 1245 1084 1281 patet

111 1285 190 1316 haee
220 1283 310 1315 Petri
342 1282 503 1315 doctrina:
538 1283 654 1314 deinde
678 1282 801 1314 Paulus
831 1294 897 1315 non
928 1283 1085 1325 intelligit

109 1337 221 1368 preces
254 1325 404 1366 abrumpi
438 1331 551 1357 mutua
581 1325 832 1358 cohabitatione.
885 1326 975 1368 Ergo
1006 1327 1083 1358 reti-

110 1374 225 1402 neatur
248 1369 408 1409 expositio
432 1379 529 1409 quam
552 1369 656 1400 attuli.

196 1455 225 1487 8.
249 1454 394 1494 Denique
421 1454 494 1486 sitis
522 1464 624 1486 omnes
653 1455 734 1487 idem
756 1455 927 1494 sentientes,
961 1465 1083 1495 compa·

111 1499 229 1539 tientes,
255 1498 394 1536 fraterne
415 1507 468 1529 vos
490 1497 662 1538 diligentes,
691 1497 916 1539 misericordes,
939 1497 1087 1530 humiles:

111 1541 142 1574 9.
166 1551 226 1573 non
247 1540 406 1572 reddentes
426 1540 545 1572 malum
563 1551 623 1581 pro
644 1541 736 1579 malo,
766 1540 812 1573 vel
840 1541 1008 1573 convicium
1026 1551 1087 1583 pro

111 1584 263 1617 convicio.-
295 1583 358 1614 imo
386 1583 497 1623 potius
528 1583 747 1623 benedicentes,
779 1584 907 1616 scientes
940 1585 1021 1624 quod
1054 1585 1088 1616 in

111 1627 165 1659 hoc
196 1625 296 1659 vocati
327 1626 412 1666 sitis,
446 1628 481 1657 ut
510 1625 744 1659 benedictionem
773 1625 959 1659 haereditate
987 1637 1087 1660 conse·

110 1679 262 1711 quamini.

200 1753 393 1796 Sequuntur
423 1764 509 1786 nuno
537 1755 706 1796 generales
737 1755 977 1797 praeceptiones
1007 1766 1089 1797 quae

113 1799 297 1839 promiscue
328 1797 368 1829 ad
398 1807 509 1829 omnes
539 1799 714 1838 pertinent.
767 1798 870 1830 Porro
900 1800 1088 1831 summatim

113 1841 271 1882 quaedam
300 1845 456 1880 recenset,
486 1851 567 1882 quae
590 1842 733 1873 maxime
755 1841 795 1873 ad
819 1841 988 1873 fovendam
1012 1843 1089 1874 ami-

113 1884 223 1915 citiam
253 1888 285 1915 et
316 1883 485 1916 caritatem
515 1885 698 1916 necessaria
724 1889 809 1916 sunt.
856 1884 1005 1916 Primum
1029 1889 1088 1927 est,

114 1931 150 1958 ut
190 1926 295 1958 idem
335 1937 473 1959 omnes
514 1927 755 1959 sentiamus,
815 1927 961 1959 Tametsi
1000 1929 1087 1960 enim

114 1969 228 2001 amicis
252 1969 388 2001 liberum
413 1974 461 2001 est
483 1969 614 2001 diversa
636 1970 774 2002 sentire:
804 1975 852 2002 est
875 1975 986 2002 tamen
1009 1971 1088 2002 haec

114 2012 205 2043 velut
228 2011 394 2050 nubecula,
421 2022 501 2053 quae
525 2023 663 2044 amorem
689 2014 851 2045 obscurat:
875 2013 939 2044 imo
963 2024 1003 2045 ex
1028 2014 1088 2045 hoc

112 2054 236 2086 semine
261 2055 351 2086 facile
373 2054 481 2086 odium
506 2055 660 2087 nascitur.
696 2055 889 2098 Συμπάθεια
911 2055 951 2087 ad
976 2067 1088 2088 omnes

111 2108 229 2130 sensus
259 2097 457 2139 extenditur,
490 2109 584 2139 quam
619 2109 656 2130 ea
686 2100 772 2131 inter
802 2111 861 2132 nos
891 2099 982 2141 viget
1012 2110 1087 2132 con-

112 2140 234 2181 cordia,
264 2145 300 2172 ut
323 2141 457 2181 quisque
480 2142 703 2181 proximorum
728 2142 823 2174 malis
846 2152 912 2174 non
935 2153 1028 2175 secus
1051 2152 1088 2174 ae

114 2184 181 2215 suis
214 2183 401 2222 condoleat,
441 2185 603 2225 prosperis
637 2185 733 2217 rebus
768 2185 920 2217 laetetur:
954 2196 1020 2217 non
1053 2195 1088 2217 se

114 2226 221 2267 ipsum
255 2226 351 2257 modo
382 2231 483 2264 curet,
513 2227 569 2258 sed
599 2227 679 2259 alios
711 2228 809 2259 etiam
841 2227 1088 2269 complectatur.

115 2268 213 2308 Quod
248 2270 398 2309 proxime
431 2269 593 2309 sequitur,
635 2270 829 2303 fraterne
871 2282 944 2303 vos
986 2270 1087 2303 dili-

114 2315 280 2353 gentes,
312 2312 516 2352 peculiariter
543 2312 627 2344 inter
649 2313 760 2345 fideles
784 2314 880 2346 valet.
925 2314 1010 2346 Nam
1034 2314 1089 2346 ubi

116 2355 207 2386 Deus
241 2355 427 2395 agnoscitur
461 2359 568 2395 pater,
601 2355 667 2387 illic
699 2357 830 2388 demum
866 2367 941 2389 vere
974 2361 1090 2398 regnat

117 2397 313 2429 fraternitas.
359 2397 678 2437 Misericordia,
712 2410 809 2440 quam
842 2400 989 2439 subiicit,
1023 2410 1089 2431 non

117 2438 211 2471 modo
251 2439 291 2471 ad
331 2439 490 2472 iuvandos
530 2440 662 2479 fratres,
710 2442 931 2483 levandasque
977 2453 1089 2475 eorum

117 2483 265 2515 miserias
303 2493 360 2515 nos
396 2482 562 2514 sollicitat:
600 2483 656 2514 sed
692 2485 789 2517 etiam
827 2485 867 2517 ad
905 2485 1090 2517 tolerandas

116 2535 228 2556 eorum
263 2525 470 2557 infirmitates
500 2535 559 2557 nos
590 2525 740 2559 instituit.
791 2528 828 2560 In
858 2538 896 2560 eo
926 2528 1010 2569 quod
1039 2539 1090 2560 se-

118 2567 239 2608 quitur,
263 2567 383 2609 duplex
406 2573 455 2600 est
478 2568 572 2600 lectio
588 2568 673 2609 apud
697 2569 852 2603 Graecos:
877 2571 957 2603 mihi
980 2576 1089 2603 tamen

118 2610 314 2650 probabilior
349 2610 476 2642 videtur
510 2610 564 2642 illa
598 2621 694 2652 quam
729 2614 821 2653 posui
854 2615 888 2645 in
917 2617 1088 2646 contextu:

118 2652 377 2694 quandoquidem
394 2654 512 2686 scimus
530 2653 590 2685 hoc
614 2655 823 2695 praecipuum
845 2657 1091 2689 conservandae

225 2712 335 2739 Caluini
352 2721 443 2746 opera.
475 2713 532 2739 Vol.
554 2712 612 2739 LV.

988 204 1137 236 CAPUT
1160 205 1222 237 111.

2040 206 2104 237 258

1130 300 1290 332 amicitiae
1321 301 1496 338 vinculum,
1527 311 1625 341 quum
1657 300 1695 331 de
1725 310 1759 331 se
1789 300 1927 340 quisque
1958 300 2103 332 modeste

1130 346 1163 373 et
1191 343 1347 375 submisse
1376 344 1491 375 sentit:
1522 344 1604 376 sicut
1644 353 1772 374 rursum
1814 342 1895 374 nihil
1932 346 1982 374 est
2018 344 2103 383 quod

1131 384 1240 424 plures
1263 386 1370 426 pariat
1393 386 1579 425 discordias,
1609 395 1704 426 quam
1736 386 1810 416 dum
1835 386 1973 416 nimium
1997 385 2103 425 place-

1132 437 1205 459 mus
1228 429 1329 460 nobis.
1375 428 1560 460 Prudenter
1582 439 1659 469 ergo
1683 427 1810 465 Petrus,
1835 429 1889 468 qui
1914 439 1973 460 nos
1996 438 2104 460 ταπει-

1132 469 1288 511 νόφρονας
1312 481 1382 503 esse
1405 470 1504 510 iubet,
1527 482 1567 503 ne
1589 470 1739 512 superbia
1761 476 1793 502 et
1815 471 1998 502 animorum
2029 471 2101 503 alti-

1133 513 1210 543 tudo
1233 513 1271 543 ad
1296 514 1514 553 proximorum
1539 518 1759 554 contemptum
1783 524 1840 544 nos
1864 513 2016 546 stimulet.

1218 555 1248 587 9.
1275 556 1346 589 Non
1368 557 1527 589 reddentes
1548 558 1667 589 malum
1685 566 1746 597 pro
1769 556 1861 588 malo.
1907 556 1969 588 His
1997 556 2103 588 verbis

1134 597 1323 637 prohibetur
1345 600 1450 631 omnis
1473 600 1626 631 vindicta.
1672 599 1753 631 Nam
1785 603 1820 630 ut
1851 598 1942 630 salva
1974 603 2103 631 maneat

1133 640 1260 677 caritas,
1297 652 1426 674 necesse
1458 646 1506 673 est
1538 643 1639 674 multa
1672 642 1766 674 ferre.
1812 641 2015 681 Quamquam
2052 642 2104 674 hic

1135 692 1198 713 non
1229 683 1269 714 de
1299 689 1411 715 mutua
1442 684 1667 717 benevolentia
1701 684 1923 717 concionatur:
1958 684 2013 715 sed
2046 695 2104 716 uos

1134 725 1328 756 iniuriarum
1360 727 1430 757 vult
1459 738 1527 759 esse
1558 728 1718 768 patientes
1746 727 1800 759 ubi
1834 727 1923 766 impii
1959 726 2105 759 homines

1134 778 1193 799 nos
1216 767 1388 800 lacessunt.
1427 769 1567 802 Tametsi
1587 779 1695 802 autem
1719 770 1817 811 vulgo
1835 769 2022 801 existiment
2046 780 2105 809 pu·

1134 810 1198 842 silli
1223 810 1284 842 hoc
1306 816 1338 842 et
1361 812 1476 843 abiecti
1499 823 1568 844 esse
1591 814 1699 852 animi,
1731 823 1796 844 non
1819 812 1929 844 ulcisci
1952 812 2105 843 iniurias:

1134 863 1263 884 summa
1295 858 1404 886 tamen
1432 856 1683 895 magnanimitas
1715 865 1823 888 coram
1847 855 1918 887 Deo
1946 860 2106 893 censetur,

1135 896 1407 936 quemadmodum
1430 899 1579 937 superius
1602 898 1723 930 dictum
1747 903 1804 930 est.
1850 898 1918 930 Nec
1943 908 2018 930 vero
2041 898 2106 929 suf-

1135 939 1203 971 ficit
1225 939 1388 971 abstinere
1423 951 1441 971 a
1468 940 1630 972 vindicta:
1661 941 1715 972 sed
1746 941 1807 972 hoc
1837 951 1962 981 quoque
1990 941 2108 972 Petrus

1136 982 1291 1022 postulat,
1315 987 1352 1014 ut
1374 982 1415 1014 iis
1439 982 1519 1014 bene
1543 993 1710 1023 precemur
1732 983 1787 1024 qui
1806 994 1865 1015 nos
1889 983 2014 1024 probris
2037 983 2108 1015 affi-

1135 1025 1233 1056 ciunt.
1269 1025 1526 1058 Benedicere
1550 1026 1602 1058 hic
1617 1036 1675 1066 pro
1698 1026 1780 1057 bene
1798 1026 1922 1067 precari
1938 1025 2108 1066 accipitur:

1137 1068 1213 1108 quia
1247 1069 1421 1109 opponitur
1454 1069 1596 1101 secundo
1631 1068 1784 1100 membro.
1829 1068 1895 1100 Sed
1926 1069 1959 1100 in
1990 1079 2110 1110 genere

1136 1109 1197 1142 hoc
1230 1110 1323 1142 decet
1357 1111 1484 1148 Petrus,
1519 1111 1606 1143 mala
1640 1111 1804 1143 beneficiis
1837 1111 1996 1143 vincenda
2029 1121 2108 1143 esse.

1137 1153 1209 1185 Hoc
1239 1154 1367 1193 quidem
1399 1154 1493 1187 valde
1523 1154 1678 1186 arduum:
1715 1154 1771 1186 sed
1801 1156 1928 1194 patrem
1962 1159 2110 1186 nostrum

1136 1196 1308 1228 coelestem
1333 1198 1366 1228 in
1390 1207 1426 1229 eo
1456 1207 1517 1228 nos
1539 1197 1660 1228 imitari
1683 1196 1784 1235 decet,
1813 1197 1867 1237 qui
1891 1197 1990 1228 solem
2014 1206 2111 1228 suum

1137 1239 1213 1270 oriri
1244 1240 1319 1271 facit
1348 1250 1444 1281 super
1472 1240 1632 1281 indignos.
1682 1239 1780 1279 Quod
1809 1245 1917 1271 autem
1948 1239 2111 1280 sophistae

1138 1281 1308 1314 consilium
1332 1293 1401 1315 esse
1431 1284 1568 1324 fingunt,
1601 1283 1693 1315 futile
1716 1286 1767 1314 est
1797 1282 1959 1314 cavillum.
2006 1281 2112 1314 Simul

1138 1325 1223 1356 enim
1257 1330 1354 1366 atque
1383 1326 1444 1357 hoc
1475 1326 1558 1357 dixit
1588 1326 1756 1358 Christus:
1790 1324 1928 1366 Diligite
1958 1325 2111 1363 inimicos,

1139 1367 1320 1399 doctrinam
1343 1379 1434 1400 suam
1458 1369 1636 1408 confirmat,
1660 1373 1697 1400 ut
1721 1368 1789 1400 sitis
1813 1368 1870 1399 filii
1893 1367 1968 1399 Dei.

1227 1410 1363 1443 Scientes
1384 1412 1466 1452 quod
1481 1412 1516 1443 in
1537 1412 1591 1444 hoc
1611 1412 1710 1444 vocati
1724 1411 1806 1443 estis.
1840 1410 2014 1452 Significat
2029 1410 2113 1441 hanc

1139 1453 1244 1495 legem
1267 1454 1451 1495 impositam
1475 1465 1545 1487 esse
1567 1454 1726 1492 fidelibus,
1750 1464 1849 1495 quum
1873 1463 1892 1484 a
1915 1453 1985 1485 Deo
2009 1454 2113 1486 vocati

1141 1501 1227 1534 sunt,
1258 1499 1295 1528 ut
1318 1508 1353 1529 se
1384 1508 1448 1529 non
1481 1502 1615 1529 eatenus
1646 1502 1774 1529 tantum
1803 1500 1992 1528 mansuetos
2021 1506 2114 1537 prae-

1141 1587 1178 1614 ut
1201 1582 1468 1615 maledicentibus
1491 1583 1694 1616 benedicant.
1736 1582 1823 1623 Quia
1845 1586 1955 1614 autem
1979 1582 2059 1613 dura
2081 1584 2115 1612 et

1141 1626 1374 1666 propemodum
1399 1626 1510 1667 iniqua
1533 1626 1636 1659 videri
1659 1630 1768 1667 posset
1792 1626 1872 1657 haec
1894 1625 2044 1666 conditio,
2073 1623 2114 1655 ad

1142 1669 1323 1709 praemium
1346 1679 1400 1701 eos
1422 1673 1562 1702 revocat.
1603 1669 1652 1701 Ac
1674 1669 1700 1701 si
1725 1669 1854 1707 diceret,
1878 1679 1943 1700 non
1966 1678 2036 1700 esse
2058 1677 2116 1700 cur

1143 1712 1253 1743 fideles
1276 1716 1472 1752 querantur:
1503 1713 1579 1753 quia
1612 1713 1646 1744 in
1677 1723 1771 1744 suum
1796 1712 1915 1743 bonum
1946 1711 2115 1746 remittant

1141 1754 1285 1787 iniurias.
1319 1754 1359 1786 In
1383 1765 1518 1795 summa,
1541 1754 1681 1788 ostendit
1697 1759 1853 1796 quantum
1878 1754 1920 1785 sit
1938 1753 2114 1794 patientiae

1141 1797 1282 1829 lucrum:
1316 1798 1393 1839 quia
1424 1798 1451 1830 si
1475 1808 1576 1839 aequo
1603 1798 1711 1829 animo
1741 1798 1936 1829 sustinemus
1967 1795 2113 1836 iniurias,

1142 1840 1302 1872 Dominus
1325 1851 1383 1873 nos
1403 1851 1461 1873 sua
1485 1841 1704 1873 benedictione
1720 1840 1932 1882 prosequitur.
1967 1838 2114 1870 Verbum

1140 1883 1350 1926 κληρονομεῖν
1380 1884 1519 1924 positum
1545 1884 1673 1916 videtur
1702 1884 1740 1915 ad
1772 1881 2014 1923 exprimendam
2042 1891 2112 1922 per-

1141 1928 1346 1967 petuitatem:
1381 1936 1419 1958 ac
1452 1927 1479 1959 si
1514 1927 1651 1959 dixisset
1685 1927 1812 1963 Petrus,
1845 1925 1938 1956 nobis
1972 1934 2039 1956 non
2073 1923 2114 1955 ad

1141 1970 1238 2001 breve
1261 1975 1389 2010 tempus
1420 1970 1516 2002 modo
1544 1971 1625 2002 bene
1655 1970 1731 2006 fore,
1766 1968 1821 2000 sed
1852 1977 1988 2008 semper,
2023 1966 2049 1999 si
2079 1966 2114 1997 in

1140 2011 1281 2044 ferendis
1304 2012 1433 2044 iniuriis
1462 2013 1621 2045 moderati
1648 2013 1757 2044 simus.
1802 2011 1904 2042 Porro
1933 2010 1995 2042 alio
2017 2009 2114 2041 modo

1141 2055 1302 2087 benedicit
1326 2055 1415 2087 Deus
1446 2066 1543 2097 quam
1568 2055 1723 2087 homines.
1768 2054 1924 2085 Nostrum
1954 2053 2042 2085 enim
2065 2056 2114 2084 est

1141 2104 1218 2130 vota
1251 2098 1290 2130 ad
1326 2108 1400 2130 eum
1435 2100 1619 2140 concipere:
1657 2100 1725 2138 ipse
1759 2096 1911 2128 effectum
1943 2096 1978 2127 in
2017 2105 2114 2126 manu

1141 2141 1247 2173 habet.
1292 2141 1345 2172 Ex
1368 2141 1504 2174 adverso
1527 2147 1635 2173 autem
1659 2139 1819 2181 significat
1841 2139 1971 2178 Petrus,
1994 2138 2048 2179 qui
2065 2137 2114 2186 ul-

1140 2185 1215 2216 cisci
1239 2184 1374 2216 iniurias
1396 2184 1518 2223 volent,
1550 2184 1614 2216 illis
1637 2183 1808 2215 infeliciter
1830 2191 1998 2214 cessurum
2021 2180 2114 2221 quid-

1141 2227 1216 2267 quid
1241 2227 1428 2259 teutabunt:
1452 2228 1527 2268 quia
1549 2227 1611 2259 hoc
1632 2225 1725 2258 modo
1749 2235 1782 2257 se
1806 2224 1868 2256 Dei
1891 2223 2113 2256 benedictione

1141 2270 1301 2302 abdicant.

1229 2356 1278 2388 10.
1307 2355 1369 2395 Qui
1390 2356 1472 2388 enim
1500 2356 1565 2388 vult
1586 2357 1684 2388 vitam
1705 2354 1846 2395 diliqere,
1875 2355 1902 2385 et
1924 2353 2028 2384 videre
2049 2352 2116 2384 dies

1141 2399 1242 2438 bonos,
1266 2399 1417 2430 contineat
1445 2399 1585 2440 linquam
1613 2408 1705 2430 suam
1734 2409 1754 2429 a
1775 2396 1866 2436 malo,
1896 2398 1923 2427 et
1944 2394 2030 2427 labia
2055 2404 2117 2427 sua

1141 2453 1178 2474 ne
1200 2443 1365 2482 loquantur
1391 2441 1504 2474 dolum.
1552 2442 1602 2473 11.
1626 2440 1766 2473 Declinet
1792 2450 1813 2471 α
1841 2439 1935 2480 malo,
1964 2441 1992 2470 et
2018 2438 2118 2478 faciat

1141 2485 1267 2518 bonum:
1288 2487 1420 2525 quaerat
1436 2494 1554 2524 pacem,
1578 2486 1606 2516 et
1624 2485 1830 2524 persequatur
1845 2492 1923 2514 eam.
1959 2481 2009 2513 12.
2038 2481 2117 2521 Quo-

1141 2519 1229 2560 nialn
1251 2527 1330 2560 oculi
1346 2527 1477 2559 Domini
1497 2537 1592 2567 super
1613 2527 1720 2564 iustos,
1744 2528 1772 2557 et
1792 2535 1886 2557 aures
1906 2525 1975 2556 eius
1989 2524 2025 2556 in
2043 2534 2117 2565 pre-

1141 2581 1189 2603 ces
1221 2580 1336 2603 eorum.
1394 2568 1507 2602 Vultus
1539 2572 1642 2602 autem
1675 2568 1809 2602 Domini
1841 2577 1936 2608 super
1967 2567 2118 2608 facientes

1142 2614 1238 2646 mala.
1286 2613 1335 2645 13.
1359 2612 1403 2645 Et
1423 2614 1496 2653 quis
1517 2615 1561 2645 est
1582 2613 1637 2653 qui
1658 2612 1742 2645 vobis
1764 2611 1845 2644 male
1864 2611 1974 2652 faciat,
1995 2611 2025 2642 si
2047 2610 2120 2642 boni

1143 2656 1260 2689 aemuli
1281 2656 1380 2689 sitis?
1420 2656 1471 2688 14.
1502 2655 1615 2688 Verum
1637 2656 1732 2688 etiam
1754 2655 1784 2687 si
1800 2654 1976 2695 patiamini
1994 2655 2122 2694 propter

1884 2713 1915 2739 1⁷
