2513 3126
121 190 183 221 225

120 287 215 319 simul
240 291 336 328 atque
360 287 531 319 discedunt
548 288 695 319 homines
711 298 730 319 a
746 288 885 326 Christo,
909 298 962 319 eos
978 287 1088 318 exitia-

120 330 194 361 liter
217 341 334 362 errare.
379 330 519 362 Frustra
542 331 595 362 hic
618 331 668 362 vel
694 335 823 371 patrum
847 330 1012 367 autoritas,
1037 328 1089 359 vel

119 383 189 404 mos
219 374 371 414 antiquus
402 373 610 412 praetexitur.
656 373 787 405 Iudaeis
815 374 901 404 enim
930 371 1089 403 clamabat

120 415 279 456 propheta
315 416 465 448 Ezechiel
500 415 565 457 (10,
605 416 672 457 18),
711 416 750 447 In
788 416 921 447 iustitiis
959 419 1086 454 patrum

120 464 304 490 vestrorum
334 469 375 489 ne
404 459 576 490 ambulate.
628 459 700 491 Hoc
730 469 856 498 quoque
886 468 951 488 non
981 457 1088 487 minus

119 501 214 532 hodie
244 503 328 532 inter
356 512 415 533 nos
439 501 546 532 valere
577 501 681 532 debet.
731 501 815 532 Nam
843 505 878 530 ut
908 499 1026 530 efficax
1056 503 1089 529 et

120 544 286 575 fructuosa
310 543 402 575 nobis
421 545 463 575 sit
479 544 602 575 Christi
618 543 806 582 redemptio,
830 542 986 581 pristinae
1003 541 1088 572 vitae

119 587 374 618 renuntiandum
399 593 457 625 est,
481 593 644 626 utcunque
667 597 707 616 ex
729 589 859 624 patrum
882 584 1088 614 institutione

118 629 259 660 fluxerit.
297 630 361 660 Ter
377 640 453 670 ergo
469 629 560 660 stulti
577 628 731 667 papistae,
747 627 801 666 qui
817 626 942 656 nudum
959 632 1087 665 patrum

118 681 237 703 nomen
267 672 311 702 ita
341 671 400 702 sibi
430 671 470 701 ad
501 671 646 701 omnium
678 669 947 708 superstitionum
980 668 1088 699 defen-

118 715 241 745 sionem
256 715 403 745 sufficere
416 716 541 752 putant,
559 717 594 742 ut
606 711 666 742 hac
679 711 798 742 fiducia
810 721 921 742 secure
933 716 1088 751 respuant

117 757 270 796 quidquid
292 767 332 786 ex
355 756 455 786 verbo
478 755 539 786 Dei
564 753 744 785 adducitur.

204 799 252 830 19.
284 798 371 829 Velut
393 798 476 837 aym'.
523 796 695 837 Significat
718 797 779 828 hac
802 797 1023 834 similitudine,
1054 796 1087 827 in

117 842 247 874 Christo
289 851 346 871 nos
384 840 502 870 habere
536 839 692 879 quidquid
726 840 889 871 veteribus
923 840 1087 871 sacrificiis

116 883 342 915 adumbratum
367 883 436 913 fuit.
482 882 689 922 Quamquam
714 883 886 922 praecipue
909 882 1024 913 alludit
1047 882 1087 913 ad

115 936 234 967 agnum
261 925 456 965 paschalem.
496 926 604 965 Atque
628 925 704 956 hinc
726 925 916 957 discendum
940 930 988 956 est
1011 925 1087 965 quid

114 968 206 999 nobis
240 968 370 1008 prodest
403 967 485 1008 legis
515 968 610 999 lectio
640 969 675 998 in
704 967 765 999 hac
793 973 894 1008 parte.

114 1011 200 1042 enim
239 1011 379 1042 abolitus
417 1014 467 1041 est
503 1010 706 1042 sacrificandi
744 1011 840 1047 ritus,
878 1021 943 1042 non
978 1016 1086 1042 tamen

113 1063 228 1093 parum
251 1054 311 1085 hoc
334 1054 432 1085 fidem
455 1059 600 1085 nostram
623 1055 723 1090 iuvat,
748 1054 918 1085 veritatem
942 1054 1087 1085 conferre

115 1106 188 1127 cum
220 1097 353 1137 figuris:
384 1101 420 1127 ut
442 1096 599 1136 quidquid
623 1097 698 1128 illae
721 1097 940 1134 continebant,
970 1098 1002 1127 in
1027 1097 1087 1127 hac

115 1149 318 1179 quaeramus.
356 1139 499 1180 Agnum,
518 1140 573 1179 qui
589 1140 807 1171 immolandus
830 1146 899 1170 erat
918 1140 951 1170 in
969 1139 1086 1177 Pesah,

115 1182 246 1213 iubebat
262 1182 371 1214 Moses
388 1183 554 1223 integrum
571 1188 604 1213 et
620 1183 690 1214 sine
708 1183 833 1214 macula
849 1182 956 1223 deligi.
994 1182 1086 1213 Idem

115 1225 243 1265 saepius
266 1225 305 1256 de
328 1225 493 1257 sacrificiis
516 1226 691 1265 repetitur:
717 1230 752 1256 ut
775 1226 915 1257 Levitici
938 1225 958 1257 3
982 1232 1013 1256 et
1036 1225 1086 1264 22,

115 1267 332 1299 Numerorum
356 1268 407 1306 28,
431 1272 464 1300 et
487 1267 558 1299 aliis
580 1268 668 1300 locis.
710 1269 782 1300 Hoc
806 1269 884 1299 dum
904 1268 1022 1299 Petrus
1046 1269 1085 1299 ad

116 1310 283 1342 Christum
307 1310 536 1347 accommodat,
560 1311 632 1342 ideo
655 1311 833 1352 legit-imam
853 1312 951 1342 fuisse
967 1316 999 1342 et
1015 1311 1086 1343 Deo

114 1352 282 1393 probatam
317 1354 483 1385 victimam
518 1354 625 1393 docet,
663 1355 740 1394 quia
773 1356 900 1395 integer
933 1359 965 1386 et
998 1355 1086 1385 omni

113 1396 242 1428 macula
271 1407 373 1438 purus
403 1397 472 1428 fuit.
516 1396 599 1428 Nam
630 1398 656 1428 si
686 1397 763 1437 quid
793 1397 962 1428 habuisset
989 1397 1021 1428 in
1053 1407 1087 1428 se

114 1439 194 1477 vitii,
217 1450 282 1471 non
305 1444 431 1480 poterat
452 1440 514 1471 rite
531 1440 602 1471 Deo
625 1440 746 1480 offerri,
770 1440 889 1472 nedum
913 1441 994 1471 iram
1018 1440 1086 1472 eius

114 1483 251 1523 placare.

200 1525 252 1557 20.
288 1525 350 1565 Qui
372 1526 623 1565 praeordinatus.
675 1526 823 1557 Rursum
853 1537 892 1558 ex
921 1536 1086 1567 compara-

115 1569 212 1607 tione,
242 1569 304 1600 Dei
330 1569 468 1609 gratiam
492 1569 675 1608 amplificat,
706 1580 768 1609 qua
792 1569 996 1608 peculiariter
1019 1570 1088 1601 eius

115 1611 236 1643 saeculi
267 1611 414 1642 homines
442 1612 594 1652 dignatus
624 1613 738 1644 fuerat.
785 1612 897 1652 Neque
921 1613 1008 1643 enim
1032 1617 1088 1644 aut

114 1654 249 1695 vulgare
272 1659 329 1685 aut
352 1665 489 1694 parvum
513 1658 572 1695 est,
602 1655 685 1695 quod
710 1655 835 1687 Christi
859 1656 1088 1687 manifestatio-

114 1707 190 1728 nem
213 1697 306 1728 Deus
330 1697 363 1728 in
386 1697 513 1728 illorum
538 1708 641 1738 usque
664 1704 802 1730 aetatem
827 1698 962 1736 distulit,
986 1709 1087 1738 quum

114 1745 223 1771 tamen
250 1740 341 1771 illum
365 1745 494 1771 aeterno
517 1751 575 1772 suo
597 1741 730 1773 consilio
752 1742 785 1772 in
810 1741 922 1772 mundi
945 1741 1087 1773 salutem

114 1782 304 1814 ordinasset.
359 1782 464 1815 Simul
493 1788 603 1815 tamen
634 1784 797 1821 admonet,
832 1795 895 1815 non
926 1795 996 1816 esse
1027 1784 1086 1816 hoc

115 1836 235 1856 novum
258 1827 311 1857 vel
335 1826 479 1857 subitum
503 1826 566 1858 Dei
589 1832 748 1867 respectu,
771 1827 855 1866 quod
875 1826 1028 1859 Christus
1051 1828 1085 1859 in

115 1868 252 1899 salutem
282 1869 449 1909 apparuit:
480 1880 560 1910 quae
591 1880 642 1901 res
673 1871 707 1901 in
738 1870 852 1910 primis
875 1871 1006 1911 cognitu
1029 1882 1084 1902 ne-

115 1912 253 1943 cessaria
280 1917 338 1943 est.
383 1912 617 1952 Praeterquam
648 1913 735 1944 enim
758 1913 842 1953 quod
866 1918 1015 1953 suspecta
1038 1919 1086 1945 est

115 1963 240 1994 semper
265 1956 406 1986 novitas:
430 1956 535 1995 qualis
558 1960 665 1996 posset
683 1956 842 1987 stabilitas
861 1955 936 1987 fidei
956 1961 1086 1988 nostrae

115 2007 193 2033 esse,
217 1997 244 2028 si
266 1998 480 2037 crederemus,
503 2002 577 2039 post
595 1999 718 2039 aliquot
737 2009 896 2030 annorum
915 1999 1017 2030 millia
1035 2010 1085 2030 re-

114 2044 210 2079 pente
244 2040 375 2071 tandem
406 2042 534 2073 venisse
564 2041 635 2073 Deo
670 2042 702 2072 in
733 2047 876 2073 mentem
907 2042 1085 2074 remedium

114 2092 177 2122 quo
206 2088 407 2114 succurreret
438 2083 645 2116 hominibus?
696 2084 845 2125 Denique
877 2095 942 2116 non
972 2095 1085 2124 possu-

113 2135 187 2157 mus
210 2125 386 2165 tranquilla
408 2126 526 2158 fiducia
544 2128 732 2159 recumbere
750 2128 785 2158 in
802 2128 982 2165 Christum,
1006 2129 1085 2168 quin

113 2172 295 2199 statuamus
318 2173 485 2199 aeternam
508 2170 541 2200 in
564 2180 602 2201 eo
625 2182 695 2202 esse
717 2170 865 2205 salutem,
894 2181 1085 2212 semperque

113 2210 222 2243 fuisse.
278 2211 451 2242 Praeterea
484 2211 618 2244 Iudaeos
652 2213 827 2254 alloquitur
859 2213 991 2252 Petrus,
1029 2215 1085 2254 qui

113 2254 178 2285 iam
202 2253 278 2285 olim
301 2254 497 2293 promissum
514 2255 613 2287 fuisse
629 2257 816 2288 audierant:
840 2262 872 2288 et
889 2267 1085 2298 quamquam

111 2296 197 2329 nihil
220 2297 298 2335 veri,
328 2301 385 2327 aut
412 2297 538 2337 liquidi,
567 2303 622 2329 aut
651 2300 731 2330 certi
754 2299 793 2331 de
816 2300 885 2331 eius
908 2300 1030 2332 virtute
1052 2305 1086 2332 et

113 2339 218 2372 officio
248 2340 418 2371 tenebant:
450 2340 579 2372 residua
608 2346 717 2374 tamen
746 2342 833 2375 inter
855 2353 909 2374 eos
933 2343 1085 2375 manebat

114 2381 194 2414 haec
223 2384 398 2422 persuasio,
429 2383 666 2423 redemptorem
694 2385 839 2424 patribus
870 2396 889 2417 a
914 2385 985 2417 Deo
1015 2397 1084 2418 esse

114 2425 320 2465 promissum.
373 2425 553 2464 Quaeritur
583 2430 701 2466 tamen,
732 2438 832 2468 quum
863 2433 940 2460 ante
970 2429 1084 2460 mundi

114 2469 308 2500 creationem
343 2469 489 2500 nondum
518 2469 627 2508 lapsus
655 2475 739 2501 esset
769 2471 891 2510 Adam,
924 2472 1084 2512 quomodo

114 2510 296 2542 destinatus
335 2512 432 2542 fuerit
469 2512 622 2543 Christus
661 2513 860 2554 redemptor:
903 2515 1083 2546 remedium

114 2553 201 2584 enim
232 2553 316 2584 malo
346 2555 505 2594 posterius
534 2565 603 2586 esse
626 2554 745 2588 debuit.
789 2557 995 2598 Respondeo,
1024 2559 1084 2589 hoc

113 2596 153 2626 ad
188 2596 251 2627 Dei
292 2597 538 2636 praescientiam
577 2598 701 2629 referri.
755 2599 840 2631 Nam
871 2606 958 2632 certe
992 2600 1082 2633 Deus

113 2643 286 2679 antequam
317 2639 480 2671 hominem
509 2645 659 2680 creasset,
689 2652 755 2673 non
783 2642 839 2674 diu
861 2647 1024 2674 staturum
1047 2644 1082 2675 in

216 2698 326 2725 Calvimz'
343 2707 435 2732 opera.
464 2700 522 2726 Vol.
540 2699 602 2727 LV.

1022 191 1171 223 CAPUT
1194 191 1221 222 I.

945 968 1087 999 Tametsi

2054 194 2117 226 226

1141 297 1198 317 sua
1228 288 1416 328 integritate
1441 289 1606 328 praevidit.
1654 290 1740 329 Ergo
1764 299 1822 329 pro
1847 289 2030 321 admirabili
2055 302 2113 321 sua

1140 330 1300 369 sapientia
1317 334 1350 361 et
1370 331 1513 363 bonitate
1529 331 1697 363 Christum
1715 332 1878 363 ordinavit
1895 333 2113 373 liberatorem,

1140 373 1196 411 qui
1226 373 1386 412 perditum
1411 384 1513 412 genus
1538 374 1715 405 humanum
1740 375 1779 406 ab
1803 376 1937 406 interitu
1960 376 2111 416 eriperet.

1141 414 1221 445 Nam
1247 416 1281 446 in
1305 426 1341 446 eo
1365 416 1480 447 melius
1504 417 1625 448 relucet
1648 417 1911 457 incomparabilis
1935 418 1997 449 Dei
2022 419 2111 450 boni-

1140 461 1204 493 tas,
1242 458 1327 497 quod
1363 458 1482 490 malum
1517 464 1665 490 nostrum
1701 461 1823 500 gratiae
1858 471 1934 492 suae
1968 461 2111 493 remedio

1140 501 1366 532 anteverterit:
1401 511 1437 532 ac
1472 502 1560 542 prius
1593 502 1678 534 vitae
1713 503 1953 535 restitutionem
1988 505 2110 541 statuit,

1140 551 1235 580 quam
1266 544 1298 573 in
1323 548 1460 575 mortem
1484 545 1651 576 cecidisset
1675 545 1798 585 primus
1821 545 1927 577 homo.
1973 546 2009 579 Si
2033 547 2110 587 quid

1140 590 1305 623 praeterea
1337 587 1496 618 desideret
1530 588 1646 626 lector,
1681 598 1721 619 ex
1755 588 1965 620 Institutione
1999 595 2111 621 nostra

1140 632 1236 666 petat.

1226 670 1457 710 Manifestatus.
1504 672 1571 704 Sub
1603 673 1663 704 hac
1688 683 1763 704 voce
1787 679 1853 704 tam
1877 673 2109 706 exhibitionem

1138 712 1241 751 ipsius
1260 713 1392 752 Christi,
1415 725 1510 754 quam
1534 716 1692 756 evangelii
1716 716 2007 757 promulgationem
2026 727 2108 748 com-

1140 754 1297 794 prehendi
1315 762 1401 795 puto.
1436 757 1519 788 Nam
1536 758 1659 790 Christi
1677 759 1820 790 adventu
1844 764 2042 799 exsequutus
2061 765 2109 790 est

1141 798 1230 829 Deus
1254 798 1338 837 quod
1362 803 1537 831 statuerat:
1562 805 1594 831 et
1616 802 1701 841 quod
1725 802 1892 833 obscurius
1908 802 2109 834 indicaverat

1140 841 1293 880 patribus,
1324 841 1363 871 ad
1388 841 1543 881 liquidum
1568 846 1600 874 et
1624 845 1755 883 plenum
1779 845 1939 886 evangelii
1963 845 2110 876 doctrina

1140 883 1233 915 nobis
1257 883 1417 923 patefecit.
1458 885 1544 915 Dicit
1566 885 1626 917 hoc
1649 896 1717 918 csse
1734 888 1852 918 factum
1870 890 1902 918 in
1920 887 1971 919 his
1988 892 2110 927 tempo-

1139 926 1240 964 ribus,
1272 926 1383 957 eodem
1410 937 1507 958 sensu
1534 938 1596 967 quo
1620 928 1738 960 Paulus
1770 930 1808 961 ad
1834 930 1970 962 Galatas
2003 931 2109 971 capite

1138 968 1169 1007 4,
1192 969 1222 1006 4,
1251 969 1337 1006 dicit,
1368 970 1529 1009 Tempore
1553 971 1771 1010 plenitudinis.
1817 973 1908 1004 Haec
1930 973 2018 1004 enim
2041 984 2109 1004 ma-

1139 1020 1213 1043 tura
1236 1018 1284 1043 est
1306 1013 1543 1052 opportunitas,
1567 1016 1600 1044 et
1622 1024 1699 1045 vera
1718 1015 1880 1055 perfectio,
1904 1026 2003 1056 quam
2020 1016 2109 1047 Deus

1139 1065 1198 1086 suo
1222 1055 1349 1087 decreto
1373 1055 1534 1094 praefixit.

1224 1097 1356 1138 Propter
1369 1108 1433 1129 vos.
1468 1098 1542 1129 Non
1558 1098 1701 1129 excludit
1717 1105 1835 1138 patres,
1854 1101 1970 1140 quibus
1985 1101 2110 1132 inutilis

1139 1141 1200 1171 fuit
1230 1141 1419 1181 promissio:
1452 1141 1508 1173 sed
1537 1141 1613 1181 quia
1643 1152 1700 1173 nos
1731 1142 1795 1174 illis
1825 1144 1978 1182 praetulit
2007 1144 2110 1182 Deus,

1139 1194 1201 1224 quo
1231 1184 1334 1214 maior
1362 1194 1440 1225 erga
1462 1195 1522 1215 nos
1545 1188 1593 1215 est
1616 1186 1738 1225 gratiae
1760 1186 1947 1225 amplitudo,
1979 1197 2016 1218 eo
2039 1187 2110 1227 plus

1140 1227 1354 1265 reverentiae,
1384 1227 1521 1266 ardoris,
1551 1232 1584 1258 et
1612 1227 1709 1258 studii
1741 1239 1760 1258 a
1784 1228 1874 1260 nobis
1898 1230 1986 1269 exigi
2009 1230 2109 1270 signi-

1139 1270 1224 1300 ficat.
1270 1269 1372 1300 Addit
1401 1275 1519 1307 autem,
1550 1270 1618 1310 qui
1648 1270 1842 1302 creditis:
1870 1272 1944 1311 quia
1975 1283 2039 1303 non
2071 1272 2110 1303 ad

1140 1323 1253 1344 omnes
1281 1313 1464 1352 promiscue
1489 1314 1629 1353 pertinet
1652 1313 1776 1345 Christi
1800 1314 2024 1350 manifestatio,
2056 1315 2112 1346 sed

1140 1365 1254 1386 eorum
1285 1360 1334 1386 est
1364 1357 1494 1396 propria
1524 1356 1640 1396 quibus
1671 1367 1728 1396 per
1758 1357 1962 1396 evangelium
1992 1358 2111 1389 illucet.

1140 1398 1293 1429 Notanda
1315 1404 1423 1430 autem
1446 1404 1496 1430 est
1514 1399 1594 1430 haec
1613 1399 1770 1439 loquutio,
1793 1401 1863 1439 qui
1886 1410 1958 1439 per
1981 1400 2112 1440 ipsum

1141 1440 1319 1473 creditis
1343 1441 1382 1472 in
1406 1441 1555 1482 Deum,
1579 1452 1641 1482 qua
1665 1442 1807 1473 breviter
1829 1442 1904 1473 fidei
1928 1447 2045 1474 natura
2060 1454 2113 1474 ex-

1142 1485 1302 1524 primitur.
1348 1484 1433 1515 Nam
1463 1495 1563 1524 quum
1587 1485 1924 1524 incomprehensibilis
1947 1486 1989 1516 sit
2013 1485 2113 1524 Deus,

1141 1537 1306 1567 nunquam
1331 1527 1370 1558 ad
1394 1537 1466 1558 eum
1490 1529 1659 1568 perveniet
1681 1528 1771 1568 fides,
1800 1528 1862 1559 nisi
1886 1529 1920 1558 in
1944 1528 2113 1560 Christum

1142 1576 1230 1601 recta
1253 1581 1288 1601 se
1311 1570 1469 1602 conferat.
1507 1570 1579 1602 Imo
1602 1571 1684 1602 duae
1702 1576 1778 1602 sunt
1797 1571 1936 1602 rationes
1952 1582 2010 1603 cur
2025 1571 2114 1602 nulla

1141 1614 1241 1654 possit
1278 1623 1348 1644 esse
1385 1613 1465 1644 fides
1505 1614 1539 1644 in
1574 1614 1697 1652 Deum,
1737 1614 1801 1645 nisi
1833 1614 1985 1645 Christus
2022 1615 2113 1654 quasi

1141 1656 1267 1687 medius
1298 1657 1506 1688 interveniat.
1552 1657 1636 1688 Nam
1666 1657 1770 1697 primo
1800 1656 2033 1688 consideranda
2063 1662 2113 1688 est

1141 1699 1271 1730 divinae
1301 1699 1422 1740 gloriae
1452 1700 1654 1740 magnitudo,
1685 1705 1717 1731 et
1743 1699 1841 1731 simul
1864 1700 1987 1740 ingenii
2011 1700 2114 1731 nostri

1140 1743 1292 1774 tenuitas.
1330 1742 1472 1773 Multum
1496 1747 1584 1774 certe
1607 1743 1697 1774 abest
1721 1743 1798 1783 quin
1822 1743 1904 1774 acies
1921 1748 2031 1773 nostra
2047 1747 2113 1774 tam

1140 1785 1205 1816 alte
1245 1785 1463 1817 conscendere
1500 1786 1614 1825 possit,
1660 1790 1698 1817 ut
1734 1785 1842 1816 Deum
1881 1785 2112 1825 apprehendat.

1141 1828 1258 1860 Omnis
1281 1828 1390 1868 itaque
1412 1827 1566 1869 cogitatio
1589 1828 1628 1860 de
1654 1828 1725 1859 Deo
1748 1832 1841 1859 extra
1864 1827 2032 1859 Christum
2055 1828 2114 1858 im-

1140 1881 1253 1902 mensa
1279 1873 1330 1902 est
1357 1871 1492 1909 abyssus
1515 1881 1597 1911 quae
1620 1882 1732 1903 sensus
1755 1881 1867 1902 omnes
1890 1876 2017 1902 nostros
2040 1881 2114 1911 pro-

1141 1914 1230 1945 tinus
1257 1914 1438 1945 absorbeat.
1483 1914 1592 1946 Huius
1623 1915 1669 1945 rei
1692 1913 1892 1946 luculentum
1915 1917 2022 1944 exstat
2045 1923 2115 1953 spe-

1140 1958 1243 1989 cimen
1267 1967 1331 1988 non
1354 1957 1389 1987 in
1412 1957 1529 1989 Turcis
1552 1957 1645 1989 modo
1669 1961 1700 1988 et
1723 1956 1862 1995 Iudaeis,
1891 1956 1946 1996 qui
1969 1956 2028 1988 sub
2053 1956 2115 1988 Dei

1140 2000 1236 2031 titulo
1265 2001 1391 2031 somnia
1420 2011 1479 2031 sua
1510 2000 1665 2032 adorant:
1696 1999 1751 2031 sed
1782 1999 1882 2030 etiam
1910 1999 1944 2029 in
1967 1999 2112 2039 papistis.

1140 2043 1267 2074 Tritum
1291 2047 1340 2074 est
1362 2042 1442 2074 illud
1465 2043 1648 2075 scholarum
1672 2043 1808 2079 axioma,
1833 2042 1942 2073 Deum
1965 2052 2034 2073 esse
2057 2041 2112 2073 ob-

1139 2086 1259 2117 iectum
1297 2085 1380 2116 fidei.
1437 2085 1489 2117 Ita
1527 2086 1566 2117 de
1603 2085 1790 2118 abscondita
1826 2085 1894 2116 eius
1935 2085 2111 2121 maiestate,

1140 2128 1313 2169 praeterito
1330 2128 1471 2167 Christo,
1494 2129 1622 2169 prolixe
1643 2133 1676 2160 et
1692 2132 1806 2169 argute
1823 2127 2111 2167 philosophantur:

1140 2171 1196 2203 sed
1225 2181 1289 2211 quo
1321 2171 1494 2203 successu?
1539 2172 1634 2203 Miris
1664 2171 1785 2202 deliriis
1815 2181 1850 2202 se
1879 2171 2045 2209 intricant,
2075 2173 2113 2201 ut

1140 2215 1248 2245 nullus
1282 2215 1324 2245 sit
1358 2215 1488 2246 errandi
1522 2215 1608 2246 finis.
1659 2214 1776 2245 Fidem
1809 2214 1896 2245 enim
1930 2213 2013 2244 nihil
2041 2224 2112 2245 esse

1139 2262 1257 2298 putant
1287 2257 1349 2288 nisi
1372 2257 1597 2298 imaginariam
1621 2256 1885 2297 speculationem.
1930 2256 2020 2297 Ergo
2044 2267 2110 2288 me-

1139 2301 1339 2337 minerimus,
1372 2311 1436 2331 non
1469 2300 1593 2331 frustra
1616 2300 1786 2332 Christum
1810 2299 1916 2331 vocari
1939 2299 2111 2331 invisibilis

1139 2342 1201 2375 Dei
1231 2343 1420 2383 imaginem:
1451 2343 1507 2375 sed
1538 2343 1609 2374 ideo
1639 2343 1698 2374 hoc
1729 2352 1850 2374 nomen
1878 2342 1925 2373 illi
1955 2352 2026 2374 esse
2048 2343 2110 2373 im-

1139 2387 1293 2426 positum,
1331 2386 1406 2425 quia
1440 2386 1531 2417 Deus
1566 2386 1628 2417 nisi
1662 2387 1694 2416 in
1728 2386 1798 2425 ipso
1832 2385 1981 2425 cognosci
2016 2385 2109 2416 nolit.

1138 2430 1253 2460 Altera
1280 2429 1362 2459 ratio
1392 2432 1449 2467 est,
1480 2428 1566 2469 quod
1593 2438 1692 2468 quum
1724 2428 1806 2459 fides
1828 2428 2027 2469 coniungere
2051 2438 2110 2459 nos

1138 2473 1208 2503 Deo
1235 2471 1358 2511 debeat,
1385 2482 1514 2503 omnem
1547 2481 1710 2503 accessum
1739 2471 1915 2512 refugimus
1942 2477 1972 2502 et
1997 2472 2109 2503 horre-

1138 2525 1218 2551 mus,
1250 2515 1311 2545 nisi
1339 2520 1488 2546 occurrat
1519 2515 1678 2545 mediator
1707 2514 1762 2553 qui
1791 2524 1849 2545 nos
1873 2519 1960 2545 metu
1984 2514 2107 2546 liberet.

1138 2558 1309 2589 Heccatum
1334 2558 1429 2594 enim,
1454 2557 1537 2597 quod
1567 2562 1682 2597 regnat
1714 2559 1748 2587 in
1771 2557 1873 2595 nobis,
1902 2562 1934 2588 et
1958 2568 2015 2589 nos
2039 2558 2109 2588 Deo

1136 2612 1249 2633 exosos
1272 2600 1386 2637 reddit,
1409 2604 1441 2630 et
1464 2600 1555 2630 illum
1580 2600 1720 2630 vicissim
1744 2600 1844 2631 nobis.
1886 2600 1975 2641 Ergo
1999 2600 2109 2632 simul-

1136 2647 1233 2684 atque
1257 2644 1377 2675 mentio
1394 2642 1455 2674 Dei
1480 2643 1563 2674 facta
1586 2645 1643 2681 est,
1668 2653 1797 2674 necesse
1820 2645 1870 2675 est
1893 2654 1952 2675 nos
1974 2643 2108 2675 horrore

1859 2702 1891 2728 15
