2513 3126
303 204 365 236 355
1110 199 1250 230 El‘ls'r.
1278 197 1499 230 IOHANNIS
2239 198 2301 229 356

308 299 456 337 vidimus,
489 301 515 328 ct
545 299 693 328 testamur
722 293 802 333 quod
825 296 919 332 paler
946 293 1033 324 misi!
1056 293 1158 333 filium
1181 303 1285 326 serva·
1309 303 1311 319 ι

309 346 403 374 torcm
437 340 555 371 viandi.
604 339 651 370 15.
680 338 740 377 Qui
768 337 927 376 confessus
955 336 1052 375 fuerit
1082 335 1165 376 quod
1195 336 1286 368 Iesus

310 388 353 417 est
381 384 468 423 tilius
499 382 572 419 Dei,
606 381 696 413 Deus
726 380 759 411 vin
787 390 818 411 co
848 381 960 416 ηιαηοΐ,
994 381 1020 410 et
1050 379 1116 419 ipsc
1144 379 1177 409 in
1207 378 1284 411 Deo.

312 428 360 458 16.
386 426 428 457 Et
450 434 504 456 uos
527 425 724 465 coynovimus
747 425 773 454 et
795 422 950 454 credimus
972 421 1161 453 dilectionem
1192 432 1286 462 quam

312 469 397 501 habet
420 468 507 499 Deus
532 467 563 498 in
587 466 682 498 nobis.
729 464 818 497 Dcus
840 465 958 496 caritas
979 467 1039 496 est:
1062 467 1088 497 et
1110 465 1163 505 qui
1185 468 1286 497 vianet

312 513 343 542 >in
367 511 503 550 caritate,
530 511 559 541 iv
580 509 646 541 Deo
669 511 780 546 manet,
803 510 829 539 ct
851 507 941 540 Deus
963 508 997 539 in
1019 517 1060 540 eo.

396 597 445 627 11.
477 595 601 634 Dilecti,
635 597 685 626 etc.
736 594 830 626 Nunc
862 593 1036 635 apostolus,
1072 604 1153 636 quac
1184 605 1285 635 nuper

309 639 419 671 docuit
449 639 489 670 de
513 638 654 679 gratuito
680 637 741 668 Dei
766 647 885 678 amore,
916 636 956 668 ad
980 647 1074 668 suum
1099 638 1284 669 institutum

309 725 348 757 ad
379 726 561 756 fraternum
591 733 744 755 amorem.
790 722 882 754 Sicut
905 723 1002 754 etiam
1028 723 1149 755 Paulus
1173 722 1283 755 Chris-

310 774 378 800 tum
411 767 502 798 nobis
534 766 686 807 proponit
715 765 899 807 (ΕΡ1188.5,
923 765 965 807 2),
1000 767 1054 806 qui
1084 776 1118 798 se
1149 765 1286 797 hostiam

310 812 413 843 bonae
444 809 641 850 fragrantiae
670 809 788 841 obtulit
811 808 907 850 patri,
937 812 972 840 ut
995 819 1029 840 se
1052 809 1187 849 quisque
1211 819 1284 840 nos-

311 859 398 885 trum
417 853 574 893 proximis
597 851 775 893 impendat.
806 850 970 883 Admonet
992 855 1099 883 autem
1126 851 1287 883 lohannes

311 906 455 928 amorem
498 900 643 926 nostrum
685 905 749 926 non
787 894 903 926 debere
937 895 1174 926 mercenarium
1208 904 1287 932 esse,

311 949 409 979 quum
451 940 616 979 proximos
657 938 791 978 diligere
831 936 928 974 iubet,
970 938 1063 968 sicuti
1102 946 1160 967 nos
1198 936 1288 968 Deus

312 982 434 1013 dilexit.

312 1025 412 1056 fuisse
441 1024 584 1055 dilectos.
631 1023 676 1054 Et
704 1028 790 1055 certe
822 1022 876 1053 ubi
909 1023 1110 1054 commodum
1141 1029 1288 1053 nostrum

315 1067 514 1107 respicimus,
546 1067 597 1097 vel
629 1066 801 1097 referimus
824 1066 936 1096 amicis
960 1075 1052 1105 pares
1075 1065 1171 1101 vices,
1205 1065 1288 1105 phil-

313 1110 403 1141 autia
427 1116 485 1147 est,
512 1119 576 1140 non
601 1110 726 1140 caritas.

402 1152 451 1183 12.
475 1151 580 1184 Deum
610 1161 697 1183 nemo
725 1151 812 1183 vidit.
858 1150 981 1182 Eadem
1006 1149 1105 1181 verba
1129 1149 1291 1181 habentur

315 1195 420 1236 primo
453 1194 614 1236 evangelii
643 1194 762 1234 capite:
796 1194 851 1225 sed
876 1192 1039 1224 Iohannes
1061 1192 1201 1232 baptista
1224 1202 1290 1223 non

315 1238 454 1270 eundem
484 1237 618 1269 omnino
650 1237 748 1268 finem
778 1236 845 1267 illic
872 1235 1016 1276 respicit:
1052 1237 1179 1266 tantum
1204 1235 1291 1266 enim

316 1281 478 1322 significat
500 1290 565 1311 non
592 1290 684 1320 posse
708 1279 803 1310 aliter
826 1278 975 1319 cognosci
991 1277 1109 1316 Deum,
1133 1278 1195 1309 nisi
1215 1288 1291 1318 qua-

314 1327 409 1355 tenus
439 1323 529 1355 88111
562 1321 695 1354 Christo
724 1321 886 1361 patefacit.
932 1319 1081 1352 Eandem
1112 1320 1290 1353 doctrinam
1317 1332 1319 1342 ι’

316 1366 480 1408 apostolus
515 1365 567 1397 hic
597 1365 725 1406 longius
755 1363 909 1402 extendit,
944 1363 1006 1395 Dei
1041 1363 1197 1395 virtutem
1228 1363 1291 1395 fide

315 1418 353 1440 ac
382 1408 553 1440 dilectione
577 1419 595 1439 a
619 1408 711 1439 nobis
739 1405 979 1446 comprehendi,
1010 1409 1046 1437 ut
1070 1407 1209 1438 sciamus
1232 1416 1292 1438 nos

315 1462 386 1483 esse
415 1452 485 1482 eius
516 1451 609 1489 filios,
643 1456 675 1482 et
706 1460 778 1481 eum
808 1450 840 1480 in
871 1448 962 1480 nobis
994 1448 1148 1480 habitare.
1193 1449 1292 1480 Prius

316 1499 427 1526 tamen
457 1493 496 1525 de
519 1493 655 1525 caritate
679 1493 828 1533 loquitur,
864 1502 963 1532 quum
988 1491 1075 1531 dicit,
1108 1492 1149 1523 in
1173 1492 1292 1524 nobis

317 1547 485 1568 manere
520 1536 667 1575 Deum,
701 1537 727 1567 si
762 1545 821 1566 nos
856 1534 1020 1575 diligimus
1055 1540 1181 1566 mutuo:
1219 1535 1292 1575 quia

317 1579 461 1620 perfecta
478 1584 536 1619 est,
560 1579 620 1610 hoc
643 1582 700 1616 est,
725 1588 801 1611 vere
824 1577 1029 1618 comprobata
1052 1578 1085 1608 in
1108 1577 1201 1609 nobis
1225 1578 1293 1609 eius

319 1622 463 1654 dilectio:
495 1633 531 1654 ac
564 1623 589 1653 si
621 1622 751 1660 diceret,
786 1620 893 1652 Deum
917 1630 950 1651 se
974 1621 1064 1660 quasi
1088 1622 1293 1661 praesentem

319 1664 481 1703 exhibere,
507 1665 581 1696 dum
598 1665 714 1705 spiritu
730 1674 789 1696 suo
805 1663 903 1695 corda
922 1668 1032 1695 nostra
1054 1663 1088 1694 in
1112 1664 1292 1695 fraternum

321 1718 462 1740 amorem
498 1707 625 1739 format.
678 1707 801 1739 Eodem
835 1716 931 1738 sensu
966 1707 1083 1747 repetit
1115 1706 1199 1746 quod
1229 1706 1293 1737 iam

320 1751 419 1783 semel
454 1750 589 1789 dixerat,
624 1750 692 1782 Nos
726 1761 766 1782 ex
797 1750 915 1790 spiritu
945 1759 1040 1790 quem
1071 1748 1161 1780 dedit
1192 1749 1294 1787 nobis,

319 1804 512 1835 cognoscere
536 1793 621 1834 quod
646 1794 679 1824 in
703 1793 795 1825 nobis
818 1792 950 1824 habitet.
987 1792 1048 1823 Est
1071 1792 1157 1823 enim
1181 1792 1295 1824 confir-

318 1836 418 1868 matio
442 1837 609 1877 proximae
632 1836 828 1867 sententiae:
853 1835 929 1876 quia
952 1835 1068 1867 caritas
1091 1835 1224 1867 effectus
1247 1838 1295 1866 est

321 1879 464 1920 spiritus.
516 1879 632 1920 Itaque
666 1878 746 1910 haec
780 1888 909 1911 summa
943 1882 1008 1909 est:
1043 1877 1153 1917 Quum
1176 1878 1294 1909 caritas

321 1923 362 1953 sit
392 1932 432 1953 ex
456 1921 520 1953 Dei
551 1922 677 1963 spiritu,
710 1931 777 1953 non
808 1931 979 1962 possumus
1010 1931 1087 1952 vere
1115 1925 1147 1953 et
1169 1921 1294 1953 sincero

321 1964 416 1997 corde
446 1964 563 1996 fratres
594 1965 737 2005 diligere,
771 1965 851 2005 quin
881 1964 1014 2004 spiritus
1036 1964 1104 1995 vim
1128 1974 1219 1995 suam
1242 1974 1295 1995 ex-

323 2013 418 2038 serat.
475 2007 547 2038 Hoc
580 2007 676 2039 modo
705 2017 739 2039 se
773 2008 806 2039 in
840 2007 933 2038 nobis
966 2006 1114 2038 habitare
1148 2009 1294 2038 testatur.

322 2049 425 2081 Porro
449 2049 538 2081 Deus
572 2061 629 2091 per
661 2050 809 2090 spiritum
842 2060 935 2081 suum
966 2049 998 2080 in
1032 2049 1123 2081 nobis
1152 2049 1293 2080 habitat:

323 2101 401 2133 ergo
418 2092 552 2124 caritate
568 2093 775 2133 probabimus
792 2093 899 2124 Deum
924 2102 981 2123 nos
1005 2092 1125 2124 habere
1147 2093 1181 2124 in
1204 2091 1294 2123 nobis

323 2140 520 2166 manentem.
581 2135 741 2175 Rursum,
779 2136 922 2176 quisquis
960 2145 994 2166 se
1032 2135 1138 2166 Deum
1176 2135 1294 2166 habere

323 2179 432 2216 iactat,
465 2188 523 2210 nec
551 2178 669 2210 fratres
701 2178 825 2219 diligit:
863 2177 922 2209 hoc
953 2187 1019 2209 uno
1047 2178 1204 2209 refellitur
1225 2177 1295 2209 eius

324 2220 462 2258 vanitas,
486 2221 561 2261 quia
584 2221 691 2252 Deum
715 2231 733 2252 a
755 2231 789 2253 se
813 2222 882 2262 ipso
904 2220 1037 2252 divellit.
1075 2220 1184 2260 Quum
1209 2220 1294 2259 dicit,

325 2263 373 2294 Et
404 2263 559 2296 caritas
582 2264 670 2295 eius
694 2264 877 2303 perfecta
900 2267 977 2301 est,
1008 2264 1155 2304 copulam
1179 2263 1294 2304 accipit

325 2306 462 2337 causalis
492 2306 671 2347 particulae
693 2307 770 2338 loco.
816 2306 861 2337 Et
884 2306 1032 2338 caritas
1054 2306 1116 2338 Dei
1140 2307 1193 2339 hic
1216 2306 1294 2338 bifa-

326 2349 408 2380 riam
424 2350 542 2389 exponi
565 2354 683 2390 potest:
708 2349 760 2380 vel
785 2359 848 2389 qua
870 2348 962 2379 illum
987 2350 1221 2390 prosequimur,
1243 2348 1294 2381 vel

326 2402 421 2431 quam
453 2392 544 2423 nobis
573 2392 719 2432 inspirat.
766 2392 870 2423 Deum
902 2391 994 2423 nobis
1025 2393 1175 2433 spiritum
1199 2401 1294 2424 suum

327 2434 460 2473 dedisse,
483 2440 515 2465 et
538 2435 663 2466 dedisse
686 2445 726 2466 ex
748 2434 864 2475 spiritu
888 2444 954 2472 suo,
978 2434 1063 2466 idem
1087 2446 1219 2476 prorsus
1241 2444 1294 2467 va-

328 2478 405 2508 lent.
452 2477 582 2510 Scimus
613 2478 699 2509 enim
728 2477 880 2518 spiritum
910 2477 1047 2518 singulis
1076 2478 1225 2510 distribui
1256 2476 1296 2509 ad

327 2530 524 2552 mensuram.

417 2563 466 2594 14.
491 2562 535 2594 Et
557 2573 612 2595 uos
634 2563 781 2595 vidimus.
812 2562 907 2595 Nunc
930 2563 1063 2595 alteram
1087 2563 1220 2595 notitiae
1237 2562 1298 2595 Dei

331 2609 467 2645 partem,
501 2616 595 2646 quam
626 2607 800 2648 attigimus,
835 2606 980 2647 exponit:
1015 2606 1099 2647 quod
1123 2606 1245 2638 scilicet
1264 2605 1298 2636 in

330 2648 397 2680 filio
414 2659 448 2680 sc
464 2648 556 2680 nobis
579 2650 804 2688 communicat,
828 2659 864 2681 ac
888 2649 1059 2680 fruendum
1083 2649 1189 2681 offert:
1215 2648 1298 2680 unde

495 981 579 1012 Nam
619 980 699 1011 illud
736 980 948 1020 repetendum
987 984 1052 1019 est,
1091 979 1193 1020 gratis
1231 981 1315 1010 nos*

1335 294 1493 335 sequitur,
1528 292 1589 323 tide
1623 301 1642 322 a
1675 291 1766 323 nobis
1802 291 1931 331 percipi.
1989 290 2072 322 Num
2107 290 2170 322 huc
2202 291 2304 323 tendit

1337 336 1470 377 apostoli
1487 334 1667 373 consilium,
1693 344 1749 366 nos
1766 334 1828 365 fide
1844 338 1877 365 ct
1898 332 2033 365 caritate
2055 333 2100 365 sic
2116 333 2186 365 Deo
2208 334 2303 372 uniri,

1337 385 1374 411 ut
1403 380 1434 410 iu
1466 377 1558 409 nobis
1582 388 1658 409 vore
1681 376 1813 416 habitet,
1847 382 1879 407 et
1913 376 2045 407 virtutis
2078 386 2155 407 suae
2189 376 2304 408 effectu

1337 419 1573 462 quodammodo
1597 419 1759 451 visibilem
1783 429 1817 451 se
1841 418 2001 459 praebeat,
2031 419 2087 459 qui
2111 418 2237 459 alioque
2261 419 2305 451 vi-

1338 465 1403 496 deri
1428 474 1491 495 non
1516 467 1631 502 potest.
1669 462 1778 502 Quum
1803 461 1889 500 dicit,
1913 461 2095 493 vidimus
2118 467 2157 493 et
2180 465 2308 493 testa·

1310 508 1312 516 '
1338 518 1438 544 mur,
1463 516 1495 537 se
1519 511 1552 536 et
1574 505 1713 545 reliquos
1736 504 1897 545 apostolos
1921 504 2077 546 designat.
2115 504 2158 536 Et
2180 504 2308 544 adspec-

1310 546 1312 568 ἶ
1339 556 1404 581 tum
1438 559 1499 579 non
1531 547 1708 588 quemlibet
1739 548 1900 588 intelligit,
1929 548 1985 579 sed
2010 548 2083 580 fidei
2108 548 2308 586 adiunctum,

1338 602 1400 633 quo
1431 591 1623 632 agnoverint
1653 591 1686 622 in
1716 590 1847 623 Christo
1870 590 1934 622 Dei
1965 591 2119 631 gloriam:
2153 590 2307 631 quemad-

1311 646 1312 650 *
1338 634 1468 667 modum
1499 638 1531 665 et
1562 634 1718 674 sequitur,
1748 634 1915 665 missum
1939 644 2026 665 esse
2050 640 2087 665 ut
2110 634 2152 665 sit
2174 642 2308 665 serva-

308 681 541 715 accommodat:
577 690 693 720 nempe
724 685 760 711 ut
792 690 849 711 nos
878 679 940 711 Dei
967 680 1113 721 exemplo
1138 680 1286 712 hortetur
1310 677 1312 727 ξ

1339 685 1399 709 tor
1430 676 1576 708 mundi.
1625 676 1709 716 Quae
1735 677 1844 709 notitia
1867 687 1905 709 ex
1927 677 2061 717 spiritus
2081 676 2310 709 illuminatione

1337 722 1452 753 mcmat.

1424 762 1474 794 15.
1502 762 1562 802 Qui
1584 763 1743 803 confessus
1767 764 1870 804 fuerit.
1915 763 2048 804 Repetit
2070 762 2149 794 illud
2173 762 2310 801 axioma,

1340 817 1396 838 uos
1413 806 1484 837 Deo
1507 806 1593 837 uniri
1617 817 1674 847 per
1690 806 1870 845 Christum,
1894 817 1952 838 nec
1977 816 2067 845 posse
2084 805 2216 838 Christo
2239 815 2309 837 esse

1339 849 1532 886 coniunctos,
1557 849 1634 889 quin
1658 848 1748 881 Deus
1772 850 1804 880 in
1829 849 1921 882 nobis
1944 854 2080 880 maneat.
2122 848 2311 880 Promiscue

1341 897 1444 924 autem
1469 891 1571 923 fides
1595 896 1631 923 et
1655 892 1859 924 confessio
1883 898 2050 933 ponuntur
2073 892 2185 923 eodem
2201 901 2309 924 sensu.

1341 935 1422 966 Nam
1456 935 1604 974 quamvis
1629 935 1816 976 hypocritae
1840 935 2038 966 mendaciter
2061 935 2156 966 fidem
2181 935 2311 972 iactent,

1341 976 1505 1018 apostolus
1539 982 1646 1009 tamen
1678 978 1784 1009 nullos
1814 978 1866 1009 hic
1896 978 1927 1008 in
1951 977 2064 1009 ordine
2086 977 2311 1010 confitentium

1342 1020 1496 1061 agnoscit,
1521 1020 1583 1051 nisi
1606 1021 1658 1060 qui
1684 1031 1758 1052 vere
1781 1026 1812 1052 et
1835 1031 1874 1052 cx
1899 1021 2007 1052 animo
2030 1021 2174 1052 credunt.
2215 1021 2313 1052 Prae-

1342 1067 1431 1094 terea
1465 1072 1564 1102 quum
1599 1063 1675 1095 dicit
1705 1063 1809 1103 quod
1840 1064 1955 1095 Iesus
1986 1068 2044 1095 est
2075 1063 2198 1095 filius
2221 1062 2312 1102 Dei,

1343 1105 1451 1146 paucis
1475 1106 1546 1137 istis
1570 1106 1678 1138 verbis
1702 1110 1800 1137 totam
1826 1106 1900 1138 fidei
1924 1116 2084 1138 summam
2109 1106 2311 1146 perstringit.

1343 1148 1432 1180 Nihil
1462 1149 1548 1179 enim
1581 1153 1628 1180 est
1658 1148 1697 1179 ad
1721 1148 1857 1180 salutem
1882 1149 2106 1186 necessarium,
2141 1148 2223 1189 quod
2248 1159 2312 1179 non

1343 1192 1374 1222 in
1399 1191 1531 1223 Christo
1563 1191 1710 1223 inveniat
1740 1191 1829 1223 fides.
1874 1191 2047 1224 Caeterum
2078 1196 2248 1232 postquam
2279 1191 2314 1223 in

1344 1244 1461 1275 genere
1495 1233 1581 1274 dicit,
1615 1234 1660 1265 sic
1691 1234 1753 1265 fide
1780 1235 1878 1266 inseri
1909 1234 2056 1266 homines
2079 1235 2112 1265 in
2136 1234 2315 1274 Christum,

1344 1282 1381 1308 ut
1404 1276 1554 1308 Christus
1578 1287 1632 1308 eos
1656 1276 1725 1308 Deo
1748 1277 1931 1317 coniungat,
1955 1278 2082 1308 subiicit
2106 1277 2314 1318 hypothesin,

1345 1319 1438 1359 Quod
1458 1319 1600 1350 viderint
1615 1320 1689 1359 ipsi:
1715 1324 1749 1351 ut
1765 1320 1948 1360 generalem
1972 1320 2165 1351 sententiam
2190 1330 2313 1352 accom-

1345 1362 1453 1394 modet
1477 1362 1516 1393 iis
1541 1362 1580 1393 ad
1604 1373 1683 1403 quos
1706 1362 1826 1394 scribit.
1861 1363 2006 1394 Tandem
2030 1363 2176 1403 sequitur
2199 1362 2316 1394 exhor—

1346 1406 1430 1443 tatio,
1455 1411 1491 1436 ut
1508 1405 1588 1436 alios
1612 1405 1757 1446 diligant,
1782 1405 2054 1445 quemadmodum
2078 1416 2097 1437 a
2112 1405 2184 1436 Deo
2207 1404 2316 1437 dilecti

1345 1453 1430 1479 sunt.
1477 1447 1585 1487 Quare
1609 1448 1688 1480 haec
1711 1449 1812 1480 series
1834 1453 1891 1486 est,
1921 1453 1952 1480 et
1981 1448 2032 1479 hic
2055 1453 2229 1480 contextus
2251 1457 2316 1479 ser-

1346 1491 1461 1531 monis,
1496 1491 1575 1522 fides
1603 1491 1727 1523 Christi
1762 1491 1838 1522 facit
1872 1496 1907 1522 ut
1937 1491 2028 1523 Deus
2061 1491 2093 1522 in
2127 1490 2317 1522 hominibus

1346 1538 1487 1565 maneat:
1522 1534 1613 1574 atqui
1643 1544 1701 1566 nos
1727 1544 1837 1565 sumus
1867 1534 1963 1565 huius
1991 1534 2116 1574 gratiae
2138 1536 2315 1565 consortes.

1346 1577 1447 1608 Porro
1471 1586 1571 1617 quum
1594 1577 1684 1608 Deus
1706 1577 1750 1608 sit
1772 1577 1898 1616 caritas,
1929 1576 2040 1608 nullus
2070 1577 2103 1607 in
2126 1587 2163 1608 eo
2185 1586 2316 1608 manere

1346 1623 1461 1660 potest,
1496 1620 1574 1660 quin
1605 1619 1720 1661 diligat
1753 1619 1869 1652 fratres
1899 1629 1982 1651 suos.
2029 1619 2119 1660 Ergo
2149 1620 2317 1652 caritatem

1346 1663 1380 1710 in
1404 1662 1495 1694 nobis
1519 1673 1656 1704 regnare
1681 1663 1781 1704 decet,
1805 1663 1932 1703 quando
1956 1672 1990 1694 se
2012 1661 2104 1694 Deus
2128 1663 2220 1695 nobis
2243 1673 2317 1695 con-

1346 1711 1462 1737 iunxit.

1434 1748 1482 1780 16.
1509 1747 1712 1790 Coynovimus
1734 1751 1762 1781 et
1783 1749 1948 1781 credimus.
1993 1748 2135 1780 Perinde
2158 1753 2207 1780 est
2230 1759 2267 1781 ac
2289 1750 2318 1781 si

1348 1791 1484 1823 diceret:
1517 1791 1738 1833 Cognovimus
1766 1791 1936 1824 credendo.
1981 1791 2070 1823 Talis
2093 1791 2179 1823 enim
2202 1792 2318 1824 notitia

1348 1843 1412 1865 non
1435 1834 1497 1866 nisi
1521 1834 1584 1866 fide
1607 1835 1794 1875 percipitur.
1826 1834 1891 1866 Sed
1911 1834 1987 1866 hinc
2010 1834 2194 1875 colligimus
2217 1844 2319 1874 quan-

1348 1882 1417 1908 tum
1442 1888 1460 1908 a
1483 1877 1546 1908 fide
1570 1878 1651 1909 absit
1675 1887 1833 1918 suspensa
1856 1877 1907 1909 vel
1933 1876 2030 1908 dubia
2052 1877 2170 1918 opinio.
2218 1877 2321 1910 Porro

1348 1930 1446 1960 quum
1477 1920 1557 1952 velit.
1579 1920 1632 1953 hic
1655 1921 1837 1961 proximam
1858 1921 2053 1952 sententiam
2077 1920 2320 1953 accommodare

1349 1963 1387 1993 ad
1412 1962 1557 2002 lectores,
1581 1963 1852 2004 quemadmodum
1876 1963 1940 1994 iam
1965 1962 2049 1994 dixi:
2084 1963 2186 2003 ipsam
2211 1968 2320 1995 tamen

1348 2005 1421 2036 fidei
1446 2006 1661 2038 substantiam
1684 2007 1774 2038 varie
1797 2006 1919 2037 definit.
1964 2006 2062 2038 Prius
2085 2006 2229 2037 dixerat:
2253 2006 2320 2046 Qui

1348 2048 1448 2079 credit
1477 2049 1585 2080 Iesum
1619 2059 1689 2081 esse
1723 2049 1825 2080 filium
1858 2048 1936 2079 Dei:
1972 2058 2058 2080 nuno
2091 2054 2200 2080 autem
2234 2049 2320 2087 dicit,

1347 2090 1429 2122 Fide
1463 2092 1686 2132 cognoscimus
1719 2101 1862 2123 amorem
1896 2090 1959 2123 Dei
1993 2102 2072 2132 erga
2104 2101 2170 2122 nos.
2222 2090 2318 2123 Unde

1348 2140 1490 2175 apparet,
1522 2135 1554 2166 in
1578 2134 1710 2166 Christo
1734 2134 1931 2175 apprehendi
1955 2139 2125 2174 paternum
2148 2133 2211 2165 Dei
2232 2144 2320 2165 amo-

1348 2186 1426 2213 rem,
1461 2187 1520 2209 nec
1550 2177 1630 2209 certi
1660 2177 1837 2217 quidquam
1868 2176 1906 2208 de
1937 2176 2068 2208 Christo
2097 2181 2222 2217 tenere,
2257 2177 2319 2209 nisi

1348 2219 1401 2259 qui
1424 2231 1457 2252 se
1481 2220 1549 2252 eius
1572 2219 1677 2261 gratia
1699 2219 1762 2251 Dei
1790 2219 1872 2251 filios
1896 2223 2086 2259 agnoscunt.
2130 2218 2208 2250 Ideo
2231 2219 2319 2251 enim

1347 2262 1449 2294 filium
1467 2273 1563 2294 suum
1583 2267 1675 2302 pater
1698 2262 1842 2302 quotidie
1866 2261 1957 2293 nobis
1980 2261 2141 2303 proponit,
2163 2267 2200 2293 ut
2222 2262 2257 2293 in
2281 2273 2319 2294 eo

1347 2315 1406 2336 nos
1429 2306 1569 2346 adoptet.

1432 2348 1523 2380 Deus
1551 2348 1666 2380 caritas
1695 2349 1747 2378 est.
1801 2347 1861 2378 Est
1891 2346 1992 2378 veluti
2015 2347 2121 2378 minor
2144 2348 2318 2387 propositio

1320 2409 1322 2426 1
1348 2391 1382 2421 in
1415 2391 1620 2432 syllogismo:
1662 2390 1735 2430 quia
1765 2400 1783 2421 a
1813 2389 1877 2421 fide
1907 2390 2073 2420 caritatem
2105 2390 2319 2422 ratiocinatur

1348 2433 1409 2465 hoc
1439 2434 1544 2471 modo,
1578 2433 1640 2465 fide
1664 2433 1699 2463 111
1722 2432 1814 2464 1101118
1837 2431 1962 2463 habitat
1984 2431 2090 2463 Deus:
2115 2433 2204 2473 atqui
2227 2432 2318 2464 Deus

1350 2482 1400 2508 est
1422 2476 1558 2508 caritas:
1583 2486 1659 2517 ergo
1683 2475 1865 2515 ubicunque
1893 2480 2002 2505 manet
2024 2474 2124 2514 Deus,
2147 2475 2316 2507 caritatem

1350 2519 1446 2551 simul
1470 2519 1582 2559 vigere
1604 2522 1740 2559 oportet.
1786 2517 1873 2549 Hinc
1897 2517 2054 2558 sequitur,
2077 2519 2244 2549 caritatem
2261 2528 2317 2549 ne-

1351 2563 1490 2595 cessario
1512 2561 1587 2593 fidei
1610 2570 1787 2594 connexam
1810 2570 1889 2592 esse.

1440 2648 1489 2679 17.
1514 2646 1555 2679 In
1591 2646 1644 2679 hoc
1665 2646 1804 2687 perfecta
1829 2648 1873 2678 est
1895 2646 2010 2678 caritas
2032 2645 2195 2683 nobiscum,
2226 2647 2260 2677 ut
2278 2645 2316 2684 fi-

2482 1099 2495 1594 -„--*r-.-.-..-ae=a.,-.aev—-w
2484 1055 2489 1087 ..μ
2485 1015 2489 1030 -
2486 991 2488 997 2
2483 964 2487 974 -

2488 2134 2503 2342 QQx-e-
2491 2102 2500 2119 :-
2492 2041 2503 2086 -ν,
