2513 3126
112 231 175 263 325

113 330 317 368 pervertunt.
363 327 456 359 Nunc
488 327 632 358 videmus
663 325 772 364 negari
797 324 975 363 Christum,
1004 335 1077 365 quo-

114 372 174 402 ties
204 381 284 410 quae
316 370 411 402 habet
439 370 579 410 propria,
614 367 659 398 illi
690 367 914 399 detrahuntur.
961 367 1080 406 Quem·
1105 372 1107 387 ⁴

114 413 287 445 admodum
318 416 427 444 autem
455 412 603 444 Christus
632 410 713 450 legis
747 416 779 441 et
812 410 972 450 evangelii
1006 411 1081 441 finis

113 462 172 493 est,
203 467 240 488 ac
267 456 408 488 inclusos
438 455 471 485 in
501 464 534 485 se
564 452 733 484 thesauros
765 462 877 483 omues
907 453 1002 484 habet
1030 462 1080 484 sa-

115 499 255 539 pientiae
278 505 310 530 et
337 496 583 537 intelligentiae:
614 496 658 526 ita
687 505 801 535 scopus
831 502 888 532 est,
920 497 953 526 in
984 506 1080 536 quem

113 541 278 573 collimant
300 540 451 572 haeretiei
473 548 591 573 omnes,
620 545 654 568 ut
677 538 812 579 sagittas
836 538 912 570 illuc
936 549 1009 570 suas
1033 538 1079 568 di-

115 584 231 625 rigant.
278 583 384 622 Quare
407 592 471 612 non
495 581 658 611 immerito
681 580 843 620 apostolus
866 581 1080 621 impostorum

115 627 191 659 facit
221 626 388 666 principes,
423 625 475 663 qui
504 623 674 655 Christum
708 629 917 663 oppugnant:
952 624 1080 664 quando

115 669 210 710 plena
233 670 264 699 iu
288 678 325 699 eo
350 667 467 698 veritas
490 666 581 697 nobis
604 669 654 697 est
680 666 832 697 exhibita.

199 711 262 743 Hic
283 712 326 742 est
353 708 563 741 antichristus.
609 709 684 740 Non
713 709 856 749 loquitur
885 708 923 740 de
947 709 1001 740 illo
1029 709 1080 740 de-

115 753 261 787 fectionis
291 752 433 792 principe
456 751 510 792 qui
532 751 595 783 Dei
626 752 735 783 sedem
759 755 973 792 occupaturus
997 756 1080 783 erat:
1107 765 1109 776 ›

114 797 170 829 sed
193 796 375 836 quicunque
399 794 565 826 Christum
597 798 745 826 evertere
771 800 940 831 conantur,
971 804 1025 826 eos
1048 795 1081 826 in

114 839 269 871 scelerata
291 837 346 868 illa
369 837 501 869 cohorte
528 837 627 877 ponit.
672 839 781 877 Atque
812 844 848 868 ut
878 848 989 869 eorum
1019 838 1079 868 cri·

115 892 188 913 men
218 880 400 921 amplificet,
433 891 496 911 non
528 880 634 911 minus
664 884 789 919 patrem
821 880 861 911 ab
890 880 954 911 illis
983 890 1081 920 quam

114 924 214 956 filium
238 923 352 963 negari
375 923 502 954 asserit:
534 934 570 954 ac
593 924 619 954 si
644 922 773 959 diceret,
798 923 922 954 nullam
945 923 1082 963 amplius

113 977 166 999 eos
192 966 310 997 habere
340 966 539 1006 religionem,
570 966 646 1006 quia
669 966 776 997 Deum
807 967 933 1006 penitus
962 966 1082 997 abiece-

113 1010 188 1042 rint.
226 1008 320 1047 Quod
344 1009 469 1040 ratione
493 1018 569 1039 mox
592 1008 702 1039 addita
720 1009 905 1040 confirmat:
929 1009 1005 1049 quia
1027 1019 1080 1039 ne-

113 1057 208 1093 queat
237 1057 329 1092 pater
356 1062 375 1082 a
403 1051 468 1082 filio
498 1052 652 1091 separari.
703 1052 764 1082 Est
791 1054 898 1083 autem
930 1052 1008 1083 haec
1035 1052 1082 1082 in-

112 1095 216 1136 signis
251 1095 424 1133 sententia,
461 1099 493 1126 et
530 1104 613 1134 quae
650 1096 734 1125 iuter
772 1095 877 1135 prima
915 1094 1081 1135 religionis

113 1142 244 1169 nostrae
281 1138 444 1168 axiomata
481 1137 605 1169 censeri
644 1137 746 1169 debet.
803 1137 873 1168 Imo
911 1144 1080 1178 postquam

113 1181 249 1212 confessi
282 1190 394 1211 sumus
427 1190 528 1211 unum
563 1190 633 1211 esse
661 1180 777 1220 Deum,
813 1181 873 1211 hoc
906 1179 1080 1212 secuudum

113 1229 209 1263 caput
243 1223 423 1254 necessario
456 1224 604 1255 connecti
638 1222 747 1254 debet:
783 1234 846 1254 non
879 1223 978 1254 alium
1013 1233 1082 1254 esse

113 1267 175 1298 nisi
198 1266 252 1306 qui
275 1266 309 1296 in
333 1265 463 1297 Christo
486 1266 697 1306 cognoscitur.
744 1266 855 1306 Neque
886 1266 938 1297 hio
968 1271 1082 1306 argute

113 1309 257 1349 disputat
278 1309 442 1348 apostolus
461 1308 499 1340 de
522 1310 682 1340 esseutiae
699 1309 832 1340 unitate.
867 1309 998 1341 Certum
1015 1309 1083 1348 qui-

113 1352 187 1383 dem
210 1355 259 1382 est
283 1362 347 1383 non
376 1362 470 1391 posse
499 1351 607 1383 divelli
640 1351 742 1383 filium
765 1362 783 1382 a
806 1354 908 1392 patre,
938 1352 1011 1392 quia
1041 1352 1083 1382 sit

112 1394 288 1436 ὁμοοὺσιος,
333 1395 387 1425 sed
427 1394 514 1426 aliud
556 1405 642 1426 nuuc
684 1395 806 1434 agitur:
841 1394 925 1434 quod
961 1394 1083 1426 scilicet

114 1444 215 1478 pater,
238 1438 291 1477 qui
316 1437 432 1477 alioqui
456 1437 630 1469 invisibilis
653 1443 710 1475 est,
740 1448 774 1468 se
805 1438 837 1468 in
864 1437 932 1468 filio
957 1442 1083 1468 tantum

114 1480 310 1521 patefecerit.
362 1480 457 1512 Unde
491 1486 523 1511 et
556 1480 662 1521 imago
696 1480 796 1520 patris
832 1485 975 1520 vocatur,
1009 1481 1084 1520 quia

114 1523 206 1554 nobis
230 1529 451 1563 repraesentat
474 1530 506 1554 et
529 1523 658 1554 exhibet
677 1523 832 1563 quidquid
856 1522 895 1554 de
919 1528 1009 1562 patre
1032 1534 1082 1555 co-

113 1565 208 1606 gnitu
238 1565 318 1596 utile
345 1572 403 1597 est.
449 1566 544 1597 Nuda
576 1567 661 1597 enim
685 1565 748 1596 Dei
778 1566 928 1597 maiestas
958 1577 1085 1606 semper

115 1610 273 1639 immenso
309 1618 368 1640 suo
406 1609 528 1649 fulgore
562 1609 669 1640 oculos
707 1613 835 1640 nostros
873 1609 1082 1650 perstringet:

113 1661 191 1691 ergo
215 1661 346 1683 necesse
369 1658 417 1683 est
441 1652 474 1682 in
494 1651 662 1683 Christum
685 1651 855 1691 respicere.
890 1652 954 1683 Hic
977 1663 1083 1684 acces-

113 1704 168 1726 sus
191 1699 240 1725 est
263 1694 302 1724 ad
326 1694 439 1732 lucem,
466 1704 546 1734 quae
570 1695 688 1734 alioqui
711 1695 826 1726 merito
850 1695 1014 1727 inaccessa
1036 1695 1083 1726 di-

113 1737 206 1769 citur.
253 1737 376 1768 Iterum
401 1737 477 1775 dico,
502 1748 566 1768 non
589 1737 640 1768 hic
663 1738 778 1778 agitari
803 1737 952 1769 subtilem
975 1737 1084 1778 dispu-

114 1780 270 1811 tationem
301 1780 340 1810 de
370 1784 501 1811 aeterna
525 1780 647 1812 Christi
682 1781 822 1811 essentia
854 1791 951 1820 quam
987 1792 1083 1812 unam

113 1832 187 1854 cum
211 1827 304 1862 patre
328 1822 432 1854 habet.
477 1823 616 1854 Abunde
638 1823 766 1863 quidem
790 1823 828 1854 ad
853 1834 923 1854 eam
946 1823 1083 1864 proban·
1109 1825 1111 1835 ⁴

114 1865 188 1896 dam
212 1865 330 1897 sufficit
353 1865 406 1897 hic
428 1866 532 1898 locus:
556 1866 612 1898 sed
632 1866 795 1897 Iohannes
815 1866 854 1897 ad
870 1866 945 1898 fidei
965 1867 1082 1907 praxin

113 1918 172 1939 nos
201 1912 309 1939 vocat:
344 1918 460 1948 nempe
494 1909 569 1949 quia
600 1909 689 1940 Deus
723 1920 756 1940 se
785 1914 887 1940 totum
922 1910 1014 1941 nobis
1048 1910 1082 1940 in

114 1950 246 1982 Christo
280 1951 450 1982 fruendum
480 1952 575 1989 dedit,
609 1952 730 1983 frustra
764 1952 839 1982 alibi
870 1953 996 1992 quaeri:
1033 1953 1082 1983 vel

112 1993 154 2034 (si
178 1993 251 2033 quis
273 1994 365 2024 malit
391 1994 521 2036 clarius)
554 1996 707 2034 quoniam
737 1995 771 2026 in
795 1995 928 2026 Christo
959 1995 1082 2027 habitat

114 2042 181 2067 tota
204 2036 370 2076 plenitudo
394 2037 580 2075 divinitatis,
603 2042 696 2068 extra
719 2049 792 2069 eum
817 2037 899 2068 nihil
921 2049 990 2069 esse
1010 2038 1081 2069 Dei.

114 2079 209 2110 Unde
228 2079 383 2119 sequitur,
406 2079 536 2120 Tui-cas,
561 2080 706 2119 Iudaeos,
726 2086 758 2112 et
777 2081 907 2117 similes,
932 2081 995 2111 Dei
1015 2081 1082 2112 loco

113 2132 240 2153 merum
276 2121 393 2153 habere
427 2122 557 2154 idolum.
613 2123 694 2154 Nam
729 2123 972 2164 quibuscunque
1006 2124 1082 2155 insi-

114 2165 229 2205 gniant
251 2165 354 2195 titulis
375 2165 479 2196 Deum
500 2176 593 2205 quem
613 2167 762 2198 adorant:
788 2167 864 2206 quia
880 2169 989 2198 tamen
1009 2178 1081 2198 eum

114 2207 264 2239 reiiciunt
293 2208 362 2238 siue
385 2218 447 2247 quo
478 2208 517 2239 ad
542 2209 648 2240 Deum
672 2220 736 2240 nou
761 2211 960 2249 pervenitur,
995 2216 1027 2241 et
1049 2211 1082 2240 in

113 2260 178 2290 quo
203 2250 294 2281 nobis
317 2261 350 2281 se
369 2250 460 2281 Deus
483 2251 515 2281 in
540 2251 675 2283 solidum
699 2253 916 2286 manifestata
927 2253 1002 2292 quid
1027 2253 1082 2284 ha-

115 2293 191 2324 bent
214 2297 343 2333 praetor
362 2303 455 2324 suam
474 2298 665 2331 creaturam,
689 2295 740 2326 vel
761 2306 854 2326 suum
874 2296 1083 2336 figmentum:

114 2335 334 2367 Blandiantur
364 2335 424 2367 sibi
454 2340 489 2367 ut
520 2335 627 2367 volent
657 2338 689 2368 in
713 2339 778 2369 suis
802 2339 1083 2377 speculationibus,

115 2378 169 2418 qui
199 2384 292 2409 extra
314 2378 483 2410 Christum
515 2378 785 2419 philosophantur
815 2381 854 2412 de
881 2382 977 2412 rebus
1000 2381 1082 2412 divi-

115 2422 182 2452 nis:
215 2426 339 2453 certum
373 2427 482 2452 tamen
512 2428 560 2453 est
590 2422 670 2453 nihil
701 2434 794 2463 quam
820 2424 974 2464 desipere,
1009 2424 1085 2464 quia

116 2473 181 2494 non
212 2469 323 2495 tenent
354 2471 460 2504 caput,
494 2468 530 2495 ut
561 2464 681 2496 Paulus
711 2466 787 2498 dicit
815 2466 934 2507 (Colos.
959 2467 989 2507 2,
1022 2467 1083 2509 19).

116 2505 210 2537 Unde
243 2506 394 2547 colligere
424 2512 606 2547 promptum
636 2511 686 2538 est
715 2519 810 2549 quam
841 2510 1021 2541 necessaria
1043 2512 1086 2541 sit

116 2548 241 2580 Christi
270 2550 421 2590 cognitio.
474 2550 571 2581 Multi
602 2550 726 2582 codices
757 2552 875 2584 habent
905 2553 1085 2592 oppositam

115 2593 327 2623 sententiam:
362 2592 426 2631 Qui
458 2593 628 2624 confitetur
659 2593 772 2630 filium.
804 2600 864 2627 etc.
916 2594 981 2627 Sed
1011 2595 1086 2636 quia

115 2641 193 2674 puto
227 2640 415 2666 annotatam
449 2636 489 2667 ab
522 2635 628 2675 aliquo
669 2636 786 2668 lectore
827 2638 1007 2678 obrepsisse
1052 2639 1085 2669 in

998 228 1147 260 CAPUT
1176 229 1220 259 ΙΙ.

114 2684 313 2715 contextum,
338 2679 486 2710 omittere
510 2689 573 2710 non
598 2677 751 2710 dubitavi.
795 2679 888 2718 Quod
912 2682 938 2712 si
962 2681 1085 2721 placeat

2051 234 2113 265 326

1133 326 1235 365 ipsam
1260 327 1366 363 inseri,
1391 338 1505 360 sensus
1529 328 1599 365 erit,
1626 338 1690 359 non
1714 328 1809 359 aliam
1833 339 1902 360 esse
1926 328 2106 369 legitimam

1135 369 1195 399 Dei
1229 369 1474 408 confessionem,
1509 381 1605 411 quam
1641 370 1717 401 dum
1752 372 1782 401 in
1820 371 1885 403 filio
1919 373 2106 412 agnoscitur

1133 416 1233 450 pater.
1286 411 1322 443 Si
1354 412 1482 444 obiiciat
1513 414 1682 453 quispiam,
1717 414 1838 445 multos
1868 425 1909 445 ex
1942 415 2104 446 veteribus

1133 458 1219 485 recte
1250 454 1388 485 sensisse
1418 456 1456 486 de
1480 456 1559 493 Deo,
1594 455 1709 496 quibus
1739 462 1844 487 tamen
1878 458 2007 496 ignotus
2035 463 2106 488 erat

1132 495 1301 527 Christus:
1333 497 1437 528 fateor
1467 509 1528 529 non
1559 500 1603 530 ita
1633 508 1761 538 semper
1788 499 1981 539 explicatam
2006 500 2105 531 fuisse

1133 538 1257 569 Christi
1283 540 1448 571 notitiam:
1482 541 1559 572 illud
1585 548 1694 572 tamen
1717 551 1846 581 semper
1870 542 1967 573 fuisse
1991 553 2104 574 verum

1106 592 1108 615 ε
1133 581 1309 613 contendo:
1338 583 1607 621 quemadmodum
1630 583 1707 615 solis
1729 584 1840 615 lumen
1865 584 1962 615 radiis
1985 584 2024 615 ad
2050 596 2106 616 vos

1134 634 1235 664 usque
1274 624 1482 665 diffunditur,
1523 627 1567 657 ita
1600 626 1662 658 Dei
1698 627 1847 658 notitiam
1884 628 2013 658 nonnisi
2049 638 2106 667 per

1135 666 1303 698 Christum
1327 669 1607 700 communicatam.

1221 752 1271 784 24.
1295 752 1383 793 Eryo
1397 753 1479 793 quod
1494 754 1629 786 audistis
1645 755 1683 786 ab
1699 755 1799 792 initio,
1824 756 1857 786 iu
1872 754 1956 787 vobis
1973 757 2107 786 vnaneat.

1136 794 1173 826 Si
1200 795 1234 826 iu
1263 796 1350 826 vobis
1379 797 1529 827 manserit
1557 798 1636 835 quod
1658 798 1696 829 ab
1718 798 1808 829 initio
1831 798 1976 836 audistis,
2007 800 2034 828 et
2056 807 2109 829 vos

1134 838 1169 869 in
1194 841 1287 877 patre
1314 841 1341 870 et
1366 838 1433 877 fiilio
1457 839 1628 870 manebitis.
1674 841 1725 872 25.
1749 841 1852 881 Atque
1874 840 1947 872 haec
1969 843 2013 872 est
2031 850 2107 879 pro-

1134 881 1244 913 missio
1266 891 1361 921 quam
1383 881 1449 921 ipse
1471 881 1557 912 nobis
1575 883 1732 921 promisit,
1755 894 1862 923 nempe
1885 884 1950 915 vita
1972 886 2107 915 aeterua.

1135 924 1185 955 26.
1224 923 1312 955 Haec
1349 924 1461 964 scripsi
1497 924 1580 956 vobis
1616 926 1653 956 de
1693 926 1736 957 iis
1772 927 1827 966 qui
1863 926 2010 958 seducunt
2048 936 2110 957 vos.

1137 967 1189 997 27.
1214 966 1256 998 Et
1278 967 1389 1004 unctio,
1410 977 1505 1007 quam
1526 968 1685 1006 accepistis
1706 968 1744 999 ab
1768 979 1809 1006 eo,
1833 969 1867 1000 iu
1890 969 1976 1001 vobis
1997 971 2111 1009 manet,

1134 1019 1230 1049 mque
1258 1020 1336 1049 opus
1363 1010 1479 1041 habetis
1505 1013 1538 1041 ut
1567 1010 1637 1049 quis
1658 1021 1711 1043 vos
1733 1011 1852 1043 doceat:
1886 1012 1940 1043 sed
1962 1011 2110 1052 quemad-

1135 1052 1261 1083 modum
1282 1053 1385 1084 unctio
1407 1053 1489 1084 docet
1510 1063 1562 1084 vos
1584 1053 1621 1084 de
1642 1054 1790 1090 omnibus
1823 1057 1850 1085 et
1870 1056 1984 1086 veritas
2005 1057 2057 1094 est,
2080 1056 2109 1085 et

1134 1105 1195 1126 non
1228 1098 1271 1126 est
1299 1095 1504 1127 mendacium.
1555 1095 1598 1126 Et
1627 1097 1884 1135 quemadmodum
1914 1098 2016 1129 docuit
2044 1106 2108 1137 1103,

1133 1140 1252 1169 manete
1273 1139 1307 1169 iu
1329 1149 1370 1170 eo.
1416 1138 1466 1170 28.
1490 1137 1533 1170 Et
1555 1148 1645 1179 nuuc,
1669 1138 1770 1177 filioli,
1800 1143 1917 1172 manete
1940 1140 1975 1171 iu
1997 1150 2046 1172 eo:
2075 1141 2112 1170 ut

1134 1190 1230 1220 quum
1257 1182 1454 1221 apparuerit,
1490 1180 1658 1213 habeamus
1689 1182 1855 1220 fiduciam:
1888 1193 1984 1223 neque
2007 1182 2110 1223 pude-

1134 1223 1251 1263 fiamus
1273 1224 1311 1255 ab
1333 1224 1401 1255 eius
1417 1225 1608 1263 praeseutia.
1646 1224 1697 1256 29.
1723 1224 1759 1256 Si
1781 1226 1879 1257 nostis
1901 1226 1983 1265 quod
2005 1226 2110 1257 iustus

1134 1267 1189 1303 sit,
1223 1267 1388 1307 cognoscite
1416 1268 1494 1307 quod
1522 1267 1666 1307 quisquis
1696 1267 1774 1307 facit
1803 1269 1973 1308 iustitiam,
2007 1278 2044 1299 ex
2076 1277 2110 1299 eo

1133 1309 1256 1350 yenitus
1277 1312 1330 1341 est.

1224 1395 1276 1427 24.
1310 1395 1398 1436 Eryo
1426 1395 1517 1435 quod,
1546 1398 1597 1427 etc.
1651 1395 1820 1436 Superiori
1854 1396 2017 1427 doctrinae
2052 1406 2109 1426 ex·

1138 1438 1354 1470 hortationem
1385 1440 1517 1469 attexit:
1549 1443 1580 1470 et
1610 1449 1672 1479 quo
1705 1438 1777 1478 plus
1806 1439 1967 1470 efficaciae
1993 1439 2110 1470 habeat

1137 1481 1330 1519 exhortatio,
1356 1482 1494 1513 fructum
1520 1481 1719 1513 demonstrat
1741 1492 1835 1522 quem
1860 1492 1901 1512 ex
1925 1481 2110 1513 obedientia

1138 1525 1324 1564 percipient.
1360 1524 1447 1564 Ergo
1470 1525 1510 1555 ad
1535 1524 1608 1555 fidei
1631 1525 1849 1556 constantiam
1873 1535 1926 1556 eos
1950 1524 2110 1562 hortatur,

1138 1575 1174 1598 ut
1211 1568 1312 1599 fixum
1351 1568 1383 1598 in
1418 1567 1565 1598 cordibus
1600 1567 1763 1598 retineant
1797 1567 1880 1607 quod
1918 1567 2111 1599 didicerunt.

1138 1610 1240 1642 Porro
1269 1621 1368 1650 quum
1400 1610 1477 1641 dicit
1507 1610 1552 1641 ab
1581 1610 1724 1647 initio,
1755 1610 1824 1641 sola
1847 1610 2026 1650 antiquitas
2049 1610 2111 1641 mi-

1138 1653 1225 1684 nime
1247 1653 1288 1684 ad
1312 1652 1509 1693 probandam
1533 1652 1711 1692 quamlibet
1734 1652 1914 1684 doctrinam
1931 1653 2106 1685 sufficeret:

1137 1697 1193 1727 sed
1223 1697 1298 1736 quia
1327 1697 1391 1726 iam
1422 1695 1573 1732 ostendit,
1604 1696 1664 1727 rite
1695 1696 1728 1726 in
1758 1705 1839 1735 puro
1862 1695 1987 1727 Christi
2011 1706 2110 1727 evan·

1137 1739 1221 1779 gelio
1245 1739 1344 1770 fuisse
1368 1739 1546 1770 institutos:
1570 1738 1639 1769 iure
1662 1739 1696 1769 in
1713 1749 1749 1769 eo
1766 1738 2020 1778 permanendum
2038 1749 2109 1770 esse

1137 1783 1246 1813 infert.
1290 1782 1339 1813 Ac
1362 1781 1535 1821 diligenter
1558 1781 1718 1813 notandus
1742 1787 1791 1812 est
1815 1781 1867 1813 hic
1890 1781 1979 1812 ordo.
2026 1781 2109 1812 Nam

1137 1826 1163 1856 si
1187 1825 1226 1856 ab
1250 1835 1286 1856 eo
1309 1824 1475 1855 doctrinae
1498 1834 1627 1864 genere,
1656 1824 1740 1865 quod
1770 1824 1867 1855 semel
1897 1826 2018 1855 erimus
2042 1834 2109 1854 am-

1138 1868 1235 1908 plexi,
1259 1868 1397 1898 nolimus
1421 1866 1592 1904 discedere,
1616 1867 1838 1907 qualecunque
1863 1867 1941 1898 illud
1960 1867 2018 1898 sit:
2043 1877 2109 1898 non

1137 1911 1329 1950 constantia,
1352 1910 1408 1941 sed
1431 1920 1586 1949 perversa
1608 1910 1669 1941 erit
1692 1910 1875 1941 obstinatio.
1922 1909 2032 1949 Quare
2056 1909 2109 1941 de-

1138 1953 1238 1984 lectus
1271 1958 1318 1984 est
1353 1952 1535 1990 habendus,
1571 1958 1606 1983 ut
1640 1953 1729 1984 nobis
1765 1952 1838 1983 fidei
1868 1959 1996 1984 nostrae
2026 1954 2110 1983 ratio

1137 2001 1261 2028 constet
1284 2006 1323 2027 ex
1340 1995 1403 2026 Dei
1426 1995 1532 2034 verbo,
1555 2000 1623 2026 tum
1647 2000 1799 2035 sequatur
1823 1995 2010 2026 inflexibilis
2034 2005 2109 2027 con·

1137 2039 1266 2070 stantia.
1302 2039 1453 2077 Papistae
1472 2038 1600 2069 initium
1621 2039 1749 2076 iactant,
1773 2038 1848 2077 quia
1864 2038 2110 2078 superstitiones

1138 2093 1212 2113 suas
1236 2093 1254 2112 a
1277 2081 1415 2121 pueritia
1438 2080 1631 2112 imbiberint.
1671 2081 1742 2112 Hoc
1766 2085 1939 2121 praetextu
1962 2085 2109 2120 apertam

1139 2125 1308 2156 veritatem
1343 2124 1577 2155 contumaciter
1612 2124 1784 2165 repudiare
1815 2124 1876 2155 sibi
1906 2125 2109 2164 permittunt.

1138 2168 1226 2198 Talis
1250 2167 1427 2207 pertinacia
1451 2167 1541 2198 nobis
1559 2167 1750 2198 documento
1767 2172 1824 2207 est,
1849 2177 1976 2207 semper
1991 2167 2108 2197 facien—

1138 2211 1214 2241 dum
1238 2220 1306 2241 esse
1330 2209 1499 2240 exordium
1523 2219 1541 2240 a
1565 2210 1728 2241 doctrinae
1751 2210 1955 2241 certitudine.

1226 2253 1262 2284 Si
1281 2253 1316 2283 iu
1331 2251 1416 2284 vobis
1430 2253 1587 2284 manserit.
1622 2252 1686 2284 Hic
1709 2253 1968 2292 perseverantiae
1984 2251 2108 2282 fructus

1139 2301 1196 2334 est,
1227 2296 1311 2335 quod
1336 2296 1367 2325 in
1393 2295 1508 2334 quibus
1532 2298 1639 2326 manet
1661 2295 1723 2325 Dei
1748 2295 1877 2333 veritas,
1908 2294 1955 2325 illi
1978 2295 2013 2325 iu
2037 2294 2110 2325 Deo

1139 2343 1280 2370 manent.
1314 2337 1408 2369 Unde
1431 2338 1612 2378 colligimus
1635 2337 1713 2378 quid
1736 2338 1770 2368 in
1794 2343 1861 2368 tota
1885 2338 2013 2377 pietatis
2036 2336 2110 2368 doe-

1139 2382 1226 2412 trina
1259 2382 1299 2412 sit
1333 2380 1565 2420 quaerendum.
1621 2381 1729 2420 Quare
1764 2381 1790 2412 is
1825 2381 1955 2411 demum
1989 2381 2109 2420 optime

1139 2424 1285 2464 profecit,
1323 2423 1377 2463 qui
1412 2423 1473 2454 huc
1507 2434 1609 2463 usque
1648 2433 1837 2464 progressus
1870 2428 1932 2461 est,
1970 2429 2006 2454 ut
2039 2422 2111 2454 Deo

1140 2468 1269 2507 penitus
1292 2466 1476 2497 adhaereat.
1510 2466 1550 2497 In
1573 2477 1635 2506 quo
1659 2473 1768 2497 autem
1785 2476 1850 2497 non
1875 2465 2001 2497 habitat
2017 2471 2109 2505 pater

1141 2521 1197 2550 per
1227 2510 1338 2547 filium,
1373 2509 1400 2539 is
1431 2514 1516 2540 totus
1546 2515 1594 2540 est
1617 2519 1720 2540 vanus
1750 2511 1782 2539 et
1806 2508 1920 2546 inanis,
1950 2507 2108 2548 quidquid

1140 2553 1292 2584 scientiae
1326 2556 1443 2582 teneat.
1499 2552 1602 2582 Porro
1640 2551 1719 2582 haec
1752 2552 1872 2582 eximia
1905 2551 1975 2582 laus
2010 2560 2109 2582 sanae

1140 2595 1313 2631 doctrinae,
1337 2594 1420 2634 quod
1445 2605 1501 2625 nos
1518 2594 1587 2625 Deo
1610 2594 1788 2635 coniungit,
1813 2604 1849 2625 ac
1872 2594 1906 2625 in
1931 2604 1967 2625 ea
1986 2594 2107 2634 reperi-

1140 2649 1212 2669 mus
1246 2637 1399 2677 quidquid
1434 2637 1473 2667 ad
1505 2647 1614 2668 veram
1646 2637 1706 2667 Dei
1741 2637 1926 2668 fruitionem
1958 2638 2108 2677 pertinet.

1140 2681 1308 2712 Postremo
1326 2681 1391 2711 loco
1407 2679 1558 2710 admonet
1574 2679 1657 2711 hanc
1673 2691 1742 2711 esse
1758 2679 1893 2711 solidam
1911 2680 2106 2718 felicitatem,

1850 2739 1898 2764 21*
