2513 3126
127 233 188 265 169

127 331 243 363 clesiae
275 329 557 371 persequutiones:
592 332 625 360 et
654 329 716 360 hae
747 329 875 369 quidem
907 337 973 359 non
1002 327 1098 358 unius

128 379 185 406 aut
217 373 351 404 alterius
382 373 474 410 anni,
506 373 561 403 sed
592 382 674 412 quae
706 372 745 403 ab
769 372 838 402 avis
861 381 960 410 usque
982 369 1021 400 ad
1045 380 1098 400 ne-

128 422 218 456 potes
242 416 404 447 interdum
429 421 593 456 grassatae
616 420 704 446 sunt.
745 414 853 453 Quare
878 412 956 444 nihil
981 412 1098 442 mirum

126 459 154 490 si
179 459 291 490 iisdem
317 459 411 489 hodie
434 458 663 498 experimentis
683 457 779 488 fidem
804 462 943 487 nostram
964 454 1099 494 probare

128 501 199 533 Deo
222 501 364 542 placeat:
395 512 453 533 nec
476 500 684 541 cogitandum
710 502 759 530 est
783 509 839 530 nos
862 498 902 528 ab
924 508 961 528 eo
985 497 1098 534 deseri,

126 545 177 576 cui
208 545 326 576 scimus
357 544 456 575 fuisse
485 554 582 575 curae
612 548 740 574 sanctos
770 547 877 580 patres
905 540 960 579 qui
985 539 1097 570 eadem

130 593 206 619 ante
229 597 287 618 nos
311 587 395 626 passi
419 592 506 618 sunt.

214 629 264 661 38.
292 629 409 669 Quibus
430 629 566 660 mundus
588 636 647 658 non
668 627 735 657 erat
755 625 880 665 diynuS.
919 623 1028 663 Quum
1053 624 1098 654 ita

130 673 258 713 profugi
292 672 377 703 inter
414 672 499 702 feras
533 668 736 710 vagabantur
770 668 874 698 sancti
910 667 1098 707 prophetae,

128 715 230 746 videri
262 719 410 755 poterant
432 713 559 752 indigni
582 721 660 750 quos
684 716 770 740 terra
800 710 986 741 sustineret.
1032 710 1097 748 Qui

127 758 165 789 fit
195 757 280 789 enim
310 763 345 787 ut
373 756 458 786 inter
489 753 633 785 homines
668 752 771 784 locum
807 762 871 783 non
906 751 1098 783 inveniant?

127 799 193 833 Sed
216 798 382 839 apostolus
405 798 437 828 in
460 797 654 827 contrariam
684 803 807 835 partem
833 795 891 827 hoc
915 801 1097 835 retorquet:

128 852 243 881 nempe
274 840 357 880 quod
388 839 529 870 mundus
556 839 619 870 illis
643 849 707 869 non
732 844 816 869 esset
840 838 969 879 dignus.
1014 838 1097 869 Nam

127 893 314 925 quocunque
345 883 477 913 veniant
507 882 594 913 servi
626 880 699 920 Dei,
731 882 799 912 eius
830 880 1097 917 benedictionem,

127 926 217 967 quasi
241 925 452 965 fragrantiam
478 925 552 956 boni
576 924 692 961 odoris,
716 935 823 956 secum
848 924 999 956 afferunt.
1041 925 1097 955 sio

125 971 239 1001 domus
263 968 425 1008 Putiphar
454 968 620 999 benedicta
649 967 710 998 fuit
739 967 772 998 in
803 973 941 1007 gratiam
966 967 1096 1006 Ioseph:

125 1017 157 1044 et
179 1010 321 1043 Sodoma
351 1010 442 1042 salva
466 1011 573 1041 futura
596 1017 673 1046 erat,
704 1010 731 1041 si
755 1010 789 1040 in
814 1021 852 1042 ea
874 1010 998 1040 inventi
1023 1010 1097 1040 fuis-

124 1060 197 1086 sent
220 1054 329 1085 decem
354 1053 429 1084 iusti
459 1053 615 1085 homines.
661 1052 835 1093 Utcunque
858 1063 935 1092 ergo
959 1053 1098 1083 mundus

123 1107 235 1129 servos
266 1096 330 1127 Dei
366 1097 457 1136 quasi
486 1102 695 1128 excrementa
725 1105 743 1126 a
773 1107 807 1127 se
837 1096 1003 1136 proiieiat:
1038 1095 1098 1126 hoc

125 1145 234 1171 tamen
259 1140 344 1171 inter
366 1139 436 1170 eius
458 1149 578 1180 poenas
601 1138 823 1178 deputandum
840 1144 898 1175 est,
922 1138 1008 1178 quod
1025 1138 1098 1169 illos

124 1183 208 1214 ferre
244 1193 307 1214 non
343 1188 462 1222 potest:
498 1182 574 1222 quie
607 1181 704 1212 simul
735 1192 809 1213 cum
844 1181 909 1212 illis
942 1181 1098 1213 resideret

125 1225 233 1265 aliqua
266 1225 328 1256 Dei
364 1225 552 1256 benedictio.
608 1224 750 1256 Proinde
783 1224 910 1264 quoties
943 1235 960 1255 e
994 1224 1098 1255 medio

125 1268 284 1300 tolluntur
314 1267 400 1305 iusti,
433 1269 572 1299 sciamus
596 1268 728 1298 totidem
753 1267 890 1299 adversa
913 1267 1004 1298 nobie
1027 1277 1098 1298 esse

123 1311 307 1351 praesagia:
344 1311 496 1351 quoniam
531 1311 658 1351 indigni
691 1312 792 1342 simus
823 1320 934 1341 eorum
965 1316 1097 1342 contur-

123 1354 246 1391 bernio,
270 1364 310 1384 ne
334 1354 428 1385 simul
451 1353 617 1385 nobiscum
642 1359 786 1393 pereant.
828 1352 957 1384 Interea
978 1353 1097 1384 habent

121 1397 164 1437 pii
188 1396 328 1437 amplam
358 1396 588 1428 consolationis
616 1396 795 1433 materiam,
818 1397 845 1427 si
876 1406 930 1426 eos
956 1396 1097 1426 mundus

122 1439 213 1480 quasi
245 1439 446 1471 catharmata
475 1440 591 1480 eiiciat,
621 1439 748 1479 quando
772 1438 885 1470 vident
907 1438 991 1469 idem
1017 1439 1097 1470 acci-

123 1483 209 1514 disse
232 1482 409 1523 prophetis,
433 1484 488 1523 qui
512 1482 546 1513 in
571 1483 646 1514 feris
663 1481 857 1513 animalibus
880 1481 953 1522 plus.
969 1482 1096 1522 experti

123 1528 201 1556 sunt
223 1525 414 1557 clementiae
445 1536 540 1565 quam
570 1525 602 1556 in
627 1525 812 1556 hominibus
834 1525 922 1564 ipsis.
967 1524 1040 1556 Hac
1062 1535 1096 1556 se

122 1569 317 1609 cogitatione
340 1569 444 1600 erexit
466 1568 624 1608 Hilarius,
652 1578 753 1608 quum
779 1567 904 1598 videret
927 1577 945 1598 a
967 1569 1096 1608 sangui-

123 1611 225 1642 nariis
255 1613 405 1651 tyrannis
428 1611 577 1651 occupari
606 1611 784 1651 ecclesiam,
814 1611 868 1650 qui
896 1615 973 1642 tune
997 1611 1097 1649 impe-

122 1660 266 1685 ratorem
290 1664 470 1693 romanum,
492 1654 583 1686 velut
605 1655 799 1691 carnificem,
823 1654 857 1684 in
881 1663 980 1684 manu
1001 1653 1096 1685 habe-

123 1695 211 1728 bant.
253 1697 346 1728 Tunc
368 1697 500 1737 inquam
525 1703 656 1728 sanctus
680 1697 730 1728 vir
752 1697 909 1728 memoria
931 1697 1097 1736 repetebat

124 1749 206 1779 quae
229 1738 282 1770 hic
307 1739 346 1770 de
369 1740 536 1780 prophetis
559 1740 674 1772 recitat
696 1739 871 1779 apostolus.
912 1739 1042 1771 Montes
1065 1747 1096 1771 et

122 1782 245 1822 sylvae,
277 1781 412 1821 dicebat,
443 1787 477 1814 et
505 1783 593 1814 lacus
623 1790 655 1814 et
683 1793 829 1814 carceres
858 1782 937 1813 mihi
961 1783 1096 1814 tutiores

122 1830 200 1855 eunt
229 1835 324 1865 quam
356 1836 496 1866 magnus
524 1825 721 1866 templorum
750 1825 917 1865 splendor:
951 1836 1025 1856 nam
1061 1826 1093 1856 in

122 1866 186 1898 illis
223 1867 400 1908 prophetae
433 1873 490 1900 aut
528 1875 711 1904 manentes,
749 1875 805 1899 aut
840 1869 994 1906 demersi,
1033 1869 1094 1900 Dei

122 1910 238 1949 spiritu
262 1911 509 1951 prophetabant.
556 1910 611 1944 Sic
635 1912 733 1942 etiam
758 1921 816 1942 nos
839 1912 1000 1943 animatos
1024 1922 1094 1942 esse

122 1954 282 1993 convenit,
316 1960 352 1985 ut
383 1954 540 1985 mundum
571 1954 732 1994 intrepide
762 1964 970 1994 spernamus,
1005 1960 1038 1985 et
1067 1956 1093 1986 si

121 2006 180 2027 nos
201 2002 340 2035 evomat,
368 1998 507 2029 sciamus
531 2008 587 2029 nos
610 1998 651 2029 ab
674 1997 799 2028 exitiali
829 1998 958 2038 gurgite
992 1998 1094 2033 exire,

121 2037 293 2078 Deumque
323 2040 367 2070 ita
396 2040 579 2080 prospicere
609 2045 737 2072 nostrae
767 2040 879 2077 saluti,
910 2051 951 2071 ne
981 2041 1093 2072 eodem

121 2091 307 2122 mergamur
331 2083 438 2114 exitio.

205 2124 255 2155 39.
285 2123 329 2155 Et
358 2124 392 2156 hi·
421 2135 533 2157 omnes.
578 2127 819 2167 Argumentum
850 2133 900 2157 est
927 2137 946 2157 a
976 2127 1092 2158 minori

121 2167 161 2198 ad
192 2168 308 2198 maius.
354 2167 438 2198 Nam
469 2169 496 2199 si
526 2168 573 2199 illi
604 2168 720 2208 quibus
753 2168 897 2200 nondum
922 2176 1013 2201 tanta
1036 2169 1093 2200 lux

121 2211 243 2250 gratiae
266 2210 443 2249 affulserat,
467 2215 558 2241 tanta
580 2211 762 2243 constantia
785 2213 817 2242 in
839 2212 932 2243 malie
951 2213 1092 2243 toleran-

122 2252 170 2283 dis
193 2253 431 2284 excelluerunt:
456 2253 531 2293 quid
554 2254 679 2284 efficere
703 2255 735 2284 in
754 2255 843 2286 nobis
860 2256 953 2286 debet
978 2256 1092 2295 plenus

122 2295 282 2336 evangelii
321 2295 451 2336 fulgor?
504 2296 583 2328 Illos
616 2297 736 2337 exigua
769 2296 851 2328 lucis
884 2298 1025 2329 scintilla
1059 2299 1092 2329 in

123 2338 246 2369 coelum
271 2339 379 2369 duxit:
411 2349 509 2379 quum
534 2339 581 2370 sol
604 2339 747 2370 iustitiae
772 2341 865 2370 nobis
887 2341 1003 2381 luceat,
1030 2351 1093 2381 quo

124 2391 182 2411 nos
214 2389 385 2420 praetextu
416 2381 642 2413 excusabimus
669 2383 695 2413 si
719 2381 908 2413 haereamus
931 2384 1036 2414 adhuc
1060 2384 1092 2414 in

123 2424 232 2454 terra?
292 2424 383 2456 Haec
419 2430 468 2456 est
505 2425 646 2465 genuina
684 2435 775 2455 mens
813 2425 958 2465 apostoli.
1017 2426 1093 2457 Scio

124 2465 394 2507 Chrysostomum
422 2474 453 2498 et
485 2468 565 2499 alios
599 2467 754 2507 quosdam
790 2479 881 2499 secus
914 2479 1091 2508 exponere:

124 2509 178 2539 sed
209 2510 365 2541 orationis
397 2515 568 2542 contextus
598 2510 692 2541 facile
723 2511 874 2548 ostendit,
906 2510 958 2542 hie
990 2512 1093 2542 notari

123 2552 247 2591 gratiae
277 2552 452 2584 discrimen
483 2564 547 2593 qua
574 2554 663 2584 Deus
691 2553 750 2584 sub
780 2553 850 2594 lege
881 2561 1093 2594 prosequutus

124 2601 171 2624 est
193 2594 315 2635 fideles,
338 2601 369 2626 et
392 2605 456 2635 qua
479 2606 538 2627 nos
561 2595 654 2626 hodie
678 2596 841 2636 dignatur.
887 2596 970 2627 Nam
995 2608 1091 2637 quum

124 2636 252 2668 uberior
275 2637 308 2668 in
333 2648 391 2669 nos
414 2639 516 2669 effusa
538 2639 580 2670 sit
602 2639 717 2680 gratia,
740 2639 848 2670 minus
867 2649 936 2670 esse
952 2640 984 2670 in
1002 2642 1093 2671 nobis

124 2679 196 2710 fidei
220 2680 314 2711 valde
337 2681 513 2713 absurdum
538 2688 633 2713 esset.
671 2682 758 2713 Dicit
780 2691 866 2722 ergo,
890 2691 998 2723 patres
1021 2683 1093 2714 illos

873 232 1014 263 EPls'r.
1039 231 1101 262 AD
1126 230 1374 263 HEBRAEOS

2060 234 2120 265 170

1151 328 1206 367 qui
1238 334 1303 358 tam
1330 328 1449 359 eximia
1472 328 1535 360 fide
1558 329 1694 368 praediti
1719 329 1858 369 fuerunt,
1889 330 2032 361 nondum
2062 331 2119 362 ha-

1153 371 1259 401 buisse
1293 376 1357 401 tani
1392 372 1521 402 uberem
1555 371 1705 402 credendi
1738 375 1905 404 materiam
1936 383 2030 413 quam
2063 383 2120 404 nos

1153 412 1316 444 habemus.
1352 413 1524 445 Rationem
1548 415 1702 446 continuo
1722 422 1791 454 post
1808 416 1914 446 addit:
1937 416 2014 456 quia
2031 415 2120 448 Deus

1153 455 1290 486 voluerit
1324 466 1382 487 nos
1415 467 1526 487 omnes
1564 457 1744 489 coadunare
1779 459 1811 488 in
1850 469 1950 489 unum
1988 468 2121 498 corpus:

1151 497 1286 537 ideoque
1309 499 1460 539 exiguam
1486 499 1548 531 illis
1568 501 1692 540 gratiae
1712 501 1888 540 portionem
1911 501 2120 538 distribuerit,

1153 546 1186 570 ut
1220 541 1352 571 solidam
1385 542 1612 582 perfectionem
1644 544 1677 574 in
1705 549 1834 583 tempus
1866 551 2026 580 nostrum,
2063 544 2122 576 hoc

1151 588 1199 612 est
1223 584 1254 613 in
1280 584 1455 615 adventum
1481 585 1615 624 Christi,
1645 586 1798 616 differret.
1844 587 1951 626 Atque
1976 586 2035 617 hoo
2058 587 2122 618 sin-

1151 625 1263 664 gulare
1280 625 1341 656 Dei
1365 638 1441 667 erga
1465 638 1522 659 nos
1547 628 1789 660 benevolentiae
1812 635 1862 659 est
1878 629 2121 670 documentum,

1152 668 1235 706 quod
1260 670 1387 699 tametsi
1412 670 1576 701 liberalem
1594 683 1628 702 se
1644 672 1685 703 ab
1704 672 1795 702 initio
1815 672 1927 702 mundi
1944 672 2122 703 ostenderit

1151 710 1217 757 suis
1242 711 1326 751 filiis,
1350 713 1395 743 sic
1419 719 1524 744 tamen
1550 715 1686 754 gratiam
1711 725 1802 745 suam
1824 714 2061 753 attemperavit,
2085 718 2122 745 ut

1151 758 1250 783 totius
1283 755 1425 793 eorporis
1458 756 1555 786 saluti
1595 758 1803 796 prospiceret.
1859 756 1946 795 Quid
1982 757 2123 796 amplius

1152 795 1335 826 desiderare
1358 797 1528 836 quiequam
1561 808 1706 830 nostrum
1729 800 1828 839 possit
1851 810 1946 840 quam
1967 799 2000 829 in
2022 799 2123 830 omni-

1152 836 1210 869 bus
1241 837 1415 879 beneficiis,
1445 841 1561 879 quibus
1584 841 1676 873 Deus
1698 843 1873 880 Abraham,
1904 842 2028 880 Mosen,
2059 842 2124 874 Da-

1151 880 1256 911 videm
1280 887 1312 911 et
1334 891 1445 912 omnes
1470 885 1677 922 patriarches,
1702 885 1876 925 prophetas
1896 891 1929 915 et
1946 886 2014 925 pios
2031 895 2123 925 reges

1152 931 1369 963 prosequutus
1391 931 1449 961 est,
1474 925 1615 957 habitam
1639 938 1708 958 esse
1731 930 1779 958 sui
1803 929 1971 966 rationem,
1996 934 2030 958 ut
2049 938 2124 959 cum

1150 965 1215 997 illis
1250 968 1281 997 in
1318 965 1440 998 Christi
1474 978 1590 1007 corpus
1626 970 1804 1001 coalescat?
1861 970 2011 1002 Sciamus
2045 979 2124 1011 ergo

1151 1019 1208 1040 nos
1233 1009 1280 1040 bis
1303 1019 1340 1041 ac
1365 1016 1413 1040 ter
1436 1011 1581 1051 ingratos
1605 1022 1675 1042 esse
1694 1012 1774 1049 Deo,
1796 1013 1823 1043 si
1848 1014 1954 1044 minus
1978 1014 2010 1043 in
2033 1014 2124 1045 nobis

1152 1052 1224 1082 fidei
1254 1051 1313 1083 sub
1337 1051 1460 1084 Christi
1491 1064 1592 1094 regno
1622 1063 1783 1094 appareat,
1813 1066 1909 1095 quam
1943 1066 1976 1087 se
2006 1055 2125 1087 habere

1151 1101 1261 1135 patres
1290 1096 1349 1126 sub
1373 1095 1445 1136 lege
1474 1103 1538 1127 tam
1564 1098 1745 1138 insignibus
1770 1100 1944 1137 patientiae
1966 1099 2124 1138 exemplis

1153 1138 1342 1177 probarunt.
1381 1138 1476 1177 Quod
1501 1140 1587 1177 dicit,
1611 1141 1751 1171 nondum
1777 1141 1907 1179 adeptos
1931 1141 2030 1172 fuisse
2053 1151 2124 1181 pro-

1152 1181 1354 1212 missionem:
1372 1181 1410 1212 de
1428 1183 1542 1213 ultima
1559 1183 1808 1222 promissionum
1825 1183 1969 1214 clausula
1985 1184 2124 1224 intelligi

1152 1223 1254 1262 debet,
1279 1234 1360 1263 quae
1385 1225 1477 1256 uobis
1501 1226 1708 1266 promulgata
1731 1226 1793 1256 fuit
1817 1227 1851 1256 in
1873 1226 2015 1258 Christo.
2050 1226 2124 1266 Qua

1152 1266 1191 1297 de
1213 1277 1249 1297 re
1271 1267 1394 1307 aliquid
1418 1268 1483 1298 iam
1506 1275 1581 1299 ante
1605 1270 1728 1300 dictum
1753 1274 1811 1300 est.

1485 1397 1669 1436 CAPUT
1695 1397 1792 1437 ΧΠ.

1238 1481 1265 1512 1.
1296 1480 1442 1522 Proinde,
1476 1491 1533 1513 nos
1566 1491 1683 1522 quoque
1706 1493 1801 1522 quum
1823 1485 1913 1515 tanta
1942 1483 2124 1515 circumdati

1149 1524 1250 1555 simus
1277 1523 1356 1555 nube
1386 1525 1523 1560 testium,
1558 1526 1695 1565 deposito
1723 1526 1808 1558 omni
1835 1536 1925 1558 onere
1953 1529 1979 1558 et
2002 1529 2124 1565 peccato

1149 1567 1232 1607 quod
1254 1577 1309 1598 nos
1331 1567 1517 1602 circumstat.
1537 1578 1596 1608 per
1613 1569 1801 1607 patientiam
1823 1579 1988 1601 curramus
2004 1570 2038 1600 in
2054 1579 2124 1609 pro-

1144 1611 1248 1650 posito
1277 1610 1363 1641 nobis
1391 1611 1571 1642 certamine:
1610 1612 1639 1643 2.
1668 1612 1818 1643 intuentes
1847 1613 1881 1643 in
1898 1612 2076 1652 principem
2098 1614 2126 1643 et

1144 1653 1343 1693 perfectorem
1363 1653 1439 1693 fidei
1457 1653 1575 1695 Iesum,
1598 1654 1654 1694 qui
1670 1664 1733 1694 pro
1754 1655 1870 1695 qaudio
1891 1655 1953 1687 sibi
1968 1655 2125 1695 proposito

1142 1696 1276 1735 pertulit
1307 1706 1436 1737 crucem,
1468 1697 1644 1738 ignominia
1678 1701 1862 1738 contempta,
1896 1701 1924 1730 et
1952 1699 1986 1729 in
2015 1699 2124 1729 dextra

1148 1738 1251 1769 throni
1273 1738 1336 1770 Dei
1365 1740 1507 1771 consedit.
1553 1741 1583 1771 3.
1607 1740 1656 1772 Ao
1684 1743 1821 1780 reputate
1850 1742 1921 1780 quis
1951 1741 2000 1772 hic
2024 1741 2123 1780 fuerit

1148 1782 1202 1821 qui
1225 1784 1345 1813 tantam
1367 1784 1402 1813 in
1423 1792 1456 1814 se
1476 1783 1627 1815 sustinuit
1649 1784 1687 1816 ab
1710 1784 1820 1823 impiis
1841 1784 2120 1821 contradictionem,

1147 1827 1182 1855 ut
1203 1834 1240 1856 ne
1260 1824 1437 1865 fatiyemini
1459 1826 1627 1858 animabus
1648 1828 1760 1859 vestris
1782 1827 1884 1858 soluti.

1238 1912 1265 1943 1.
1300 1910 1437 1943 Proinde
1474 1921 1531 1943 nos
1570 1923 1695 1953 quoque.
1750 1913 1841 1943 Haec
1874 1911 2036 1943 conclusio
2071 1914 2120 1943 est

1147 1955 1239 1995 qnasi
1262 1955 1408 1995 epilogus
1426 1956 1565 1994 proximi
1582 1957 1714 1996 capitis:
1739 1957 1791 1986 ubi
1809 1955 2009 1985 demonstrat
2024 1964 2118 1994 quor-

1148 2009 1218 2029 sum
1244 1998 1430 2029 recitaverit
1453 1998 1542 2028 illum
1561 2006 1745 2030 sanctorum
1763 1998 1955 2037 catalogum,
1979 2006 2118 2037 quorum

1149 2042 1228 2072 fides
1252 2041 1311 2072 sub
1335 2041 1404 2080 lege
1427 2041 1594 2073 excelluit:
1620 2051 1736 2081 nempe
1760 2048 1793 2071 ut
1817 2051 1851 2071 se
1874 2042 2009 2080 quisque
2032 2050 2119 2071 com-

1148 2090 1241 2124 paret
1264 2083 1303 2113 ad
1323 2094 1433 2114 eorum
1453 2085 1678 2115 imitationem.
1722 2084 1763 2114 Et
1779 2084 1999 2122 metaphorice
2014 2083 2119 2122 copio—

1148 2138 1217 2158 sam
1256 2126 1496 2157 multitudinem
1535 2132 1626 2158 vocat
1664 2127 1789 2158 nubem.
1847 2126 1993 2156 Densum
2032 2126 2117 2156 enim

1147 2179 1221 2200 raro
1254 2169 1439 2209 opponitur.
1492 2169 1530 2200 Si
1564 2171 1654 2210 pauci
1688 2175 1793 2200 essent
1825 2179 1973 2206 numero,
2008 2174 2118 2199 tamen

1147 2223 1206 2244 suo
1235 2212 1383 2251 exemplo
1406 2212 1541 2243 incitare
1566 2223 1625 2244 nos
1648 2212 1820 2243 deberent:
1847 2212 1902 2242 sed
1927 2212 1980 2242 ubi
2003 2211 2118 2250 ingens

1148 2260 1197 2286 est
1231 2257 1339 2291 turba,
1380 2255 1518 2285 acriores
1552 2255 1699 2286 stimulos
1734 2254 1852 2285 addere
1887 2254 1980 2285 nobis
2014 2253 2118 2284 debet.

1146 2297 1314 2329 Praeterea
1337 2297 1423 2333 dicit,
1449 2308 1507 2328 nos
1531 2298 1691 2329 densitate
1715 2297 1770 2328 illa
1787 2297 1837 2327 vel
1860 2297 1952 2336 copia
1975 2298 2110 2328 circum-

1147 2341 1226 2379 dari,
1260 2347 1293 2371 ut
1323 2350 1515 2380 quocunque
1537 2342 1644 2372 oculos
1669 2348 1842 2375 vertamus,
1873 2340 1984 2370 statim
2008 2348 2117 2370 occur—

1148 2390 1221 2414 rant
1252 2383 1355 2414 multa
1385 2383 1457 2413 fidei
1488 2385 1646 2424 exempla.
1693 2383 1818 2414 Nomen
1843 2382 2018 2413 testium
2053 2392 2117 2412 non

1146 2427 1267 2466 accipio
1290 2426 1494 2466 generaliter,
1519 2437 1555 2457 ac
1578 2428 1605 2457 si
1630 2434 1791 2466 martyres
1808 2425 1869 2456 Dei
1894 2430 2116 2464 nuncuparet:

1147 2472 1202 2500 sed
1234 2471 1335 2499 refero
1365 2468 1403 2499 ad
1437 2478 1637 2508 praesentem
1669 2479 1809 2500 causam.
1854 2468 1903 2499 Ac
1933 2469 1959 2499 si
1989 2467 2117 2506 diceret,

1147 2513 1226 2544 satis
1249 2522 1359 2543 eorum
1385 2512 1569 2542 testimonio
1592 2511 1834 2551 comprobatam
1859 2521 1928 2541 esse
1951 2510 2056 2546 fidem,
2082 2516 2117 2541 ut

1148 2566 1211 2586 non
1235 2557 1276 2585 sit
1300 2555 1533 2585 haesitandum.
1573 2555 1659 2585 Sunt
1675 2555 1760 2584 enim
1779 2554 1915 2584 virtutes
1931 2560 2115 2584 sanctorum

1146 2599 1235 2637 quasi
1266 2598 1448 2628 testimonia
1478 2607 1559 2636 quae
1590 2608 1648 2628 nos
1678 2598 1881 2636 confirment,
1912 2602 1946 2627 ut
1974 2596 2039 2627 illis
2062 2595 2114 2626 vel

1147 2641 1282 2672 ducibus
1316 2640 1367 2671 vel
1402 2640 1497 2671 sociis
1531 2641 1619 2679 freti,
1654 2641 1793 2671 alacrius
1826 2639 1867 2671 ad
1902 2638 2010 2670 Deum
2044 2648 2114 2678 per-

1147 2694 1270 2724 gamus.
