2513 3126
268 210 330 241 247
1102 207 1241 239 EPIST.
1267 206 1405 239 PETRI
1431 208 1445 238 1
2204 209 2266 242 248

357 307 405 338 17.
433 306 544 337 Omnes
565 305 719 341 honorate,
740 303 969 343 fraternitatem
990 302 1117 344 culmine,
1140 302 1244 335 Deum

270 350 380 390 timete,
402 359 500 390 rcycm
522 347 673 378 honorate.

355 434 412 465 Est
430 432 535 463 brevis
552 431 714 463 conclusio
730 431 944 471 superiorum,
967 431 1130 472 significat
1145 431 1243 471 enim,

270 489 327 509 nec
353 478 453 507 Deum
485 474 601 511 timeri,
633 485 691 506 neo
722 484 814 505 suum
847 474 898 505 ius
929 473 1019 505 reddi
1049 473 1242 512 hominibus,

269 521 331 552 nisi
363 519 440 549 ordo
471 517 620 558 politicus
651 517 736 548 iuter
760 527 817 548 nos
841 517 958 558 vigeat,
987 522 1020 548 et
1042 517 1092 548 ius
1116 517 1242 557 imperii

269 563 319 594 sui
349 561 559 600 magistratus
590 563 730 591 teneant.
784 560 879 598 Quod
911 559 1064 591 honorem
1095 560 1242 591 omnibus

270 604 382 635 haberi
399 603 498 641 iubet,
523 603 568 634 sic
586 604 790 642 interpretor,
811 603 915 633 nullos
934 613 1004 634 esse
1022 602 1241 644 negligendos.

269 648 330 678 Est
361 647 448 677 enim
480 646 630 687 generale
663 653 869 685 praeceptum
899 646 981 686 quod
1006 646 1045 677 ad
1070 646 1240 677 fovendam

268 689 437 721 hominum
468 689 653 720 societatem
685 694 819 728 spectat.
864 688 1006 720 Honoris
1036 699 1152 720 nomen
1176 688 1240 719 He-

269 733 373 764 braeis
411 732 474 763 late
505 737 602 771 patet.
658 730 786 763 Scimus
816 737 923 763 autem
954 731 1131 772 apostolos,
1166 731 1242 763 licet

266 785 381 816 graece
415 774 608 814 scriberent,
643 775 711 805 eius
746 774 877 815 linguae
911 774 1054 815 phrasim
1089 781 1241 814 sequutus

267 828 346 850 esse.
392 817 501 857 Quare
532 817 611 847 mihi
644 827 707 848 non
737 816 823 848 aliud
854 823 947 848 sonat
977 817 1055 849 haec
1085 817 1240 857 loquutio,

266 871 362 901 quam
399 867 433 892 ut
469 860 613 892 omnium
650 860 731 891 ratio
772 860 946 891 habeatur:
984 859 1240 900 quandoquidem

265 914 375 944 pacem
393 913 465 935 cum
483 903 633 934 omuibus
650 908 682 933 et
698 903 883 940 amicitiam,
907 909 1064 943 quantum
1090 903 1122 933 in
1148 902 1241 933 nobie

265 952 323 984 est,
357 946 460 977 colere
492 945 662 977 debemus:
696 946 886 978 concordiae
916 956 993 977 vero
1024 945 1106 976 nihil
1138 945 1242 984 magis

264 989 434 1020 adversum
466 998 562 1028 quam
587 994 800 1028 contemptus.
846 988 938 1028 Quod
963 989 1092 1020 subiicit
1115 987 1154 1018 de
1178 989 1240 1018 fra-

266 1038 349 1063 trum
368 1042 487 1070 amore,
512 1031 650 1072 speciale
666 1038 724 1070 est,
748 1031 866 1072 prioris
888 1038 1045 1072 respectu.
1081 1031 1242 1070 Loquitur

267 1075 363 1112 enim,
388 1074 426 1106 de
450 1074 606 1115 singulari
631 1085 751 1113 amore,
775 1084 836 1115 quo
860 1074 1051 1106 domesticos
1074 1073 1148 1105 fidei
1172 1084 1242 1114 pro-

267 1118 359 1157 sequi
383 1118 547 1149 iubemur:
572 1118 646 1157 quia
668 1119 772 1158 magis
796 1124 885 1149 arcta
909 1117 1145 1149 necessitudine
1168 1127 1240 1148 cum

266 1160 330 1191 illis
361 1171 473 1192 sumus
509 1161 683 1192 coniuncti.
735 1160 805 1191 Hos
836 1161 945 1200 itaque
974 1160 1094 1201 gradus
1124 1159 1242 1191 Petrus

267 1203 372 1234 noluit
387 1203 553 1234 omittere:
578 1203 632 1234 sed
650 1208 758 1234 tamen
779 1203 939 1241 admonet,
964 1209 1126 1242 utcunque
1151 1213 1240 1243 prae-

266 1246 391 1277 ferendi
424 1246 490 1277 sint
524 1244 650 1282 fratres,
685 1245 746 1277 hoc
777 1252 886 1277 tamen
916 1256 979 1277 non
1007 1245 1135 1276 obstare
1163 1245 1241 1286 quin

266 1289 383 1320 caritas
414 1294 524 1319 nostra
554 1289 593 1320 ad
618 1292 720 1320 totum
746 1289 925 1320 humanum
949 1299 1052 1328 genus
1075 1299 1109 1320 se
1132 1295 1241 1320 exten-

267 1332 333 1362 dat.
380 1331 507 1362 Nomen
532 1331 827 1363 fraternitatis
849 1331 1015 1363 collective
1039 1331 1160 1372 accipio
1184 1341 1241 1372 pro

264 1374 342 1414 ipsis
364 1374 529 1405 fratribus.

353 1416 457 1448 Deum
480 1417 588 1448 timete.
635 1417 704 1448 Iam
736 1416 801 1447 dixi
833 1417 891 1448 has
922 1427 1034 1448 omnes
1063 1417 1241 1449 sententias

266 1459 306 1490 ad
338 1466 541 1499 praesentem
572 1470 702 1492 causam
735 1460 970 1491 accommodari
997 1471 1015 1492 a
1039 1460 1146 1492 Petro.
1191 1460 1240 1492 Si-

266 1502 399 1543 gnificat
433 1503 534 1541 enim,
568 1502 733 1542 honorem,
767 1503 820 1542 qui
845 1503 974 1544 regibus
1008 1503 1164 1542 defertur,
1199 1514 1239 1534 ex

266 1545 381 1576 timore
404 1544 467 1576 Dei
502 1551 533 1576 et
564 1545 730 1576 hominum
762 1546 897 1577 caritate
929 1546 1016 1583 oriri,
1051 1551 1148 1586 atque
1170 1545 1240 1578 ideo

266 1598 336 1619 esse
365 1598 438 1619 cum
469 1588 546 1628 ipsis
575 1588 798 1620 coniunctum:
835 1599 871 1621 ac
900 1588 928 1620 si
955 1589 1107 1627 dixisset,
1142 1588 1239 1628 Quis-

267 1632 340 1670 quis
364 1631 469 1662 Deum
495 1632 598 1668 timet,
630 1631 746 1662 fratres
770 1642 846 1663 suos
869 1636 964 1669 amat,
995 1637 1028 1663 et
1056 1637 1159 1663 totum
1184 1632 1241 1663 hu-

266 1684 400 1705 manum
435 1684 536 1715 genus
570 1683 632 1714 quo
666 1673 759 1706 decet
792 1675 911 1706 affectu
945 1675 1178 1715 complectitur,
1213 1675 1241 1707 is

266 1717 397 1757 regibus
433 1727 561 1757 quoque
592 1717 748 1748 honorem
779 1717 919 1750 habebit.
972 1720 1080 1758 Atque
1107 1718 1239 1749 interim

266 1758 439 1790 Caesarem
470 1761 631 1800 nominat,
662 1760 737 1800 quia
765 1760 844 1792 haec
867 1761 994 1801 imperii
1017 1761 1141 1801 species
1163 1771 1241 1801 prae

267 1801 338 1833 aliis
368 1808 437 1833 erat
467 1803 586 1842 odiosa,
615 1809 646 1834 et
670 1804 731 1835 sub
753 1813 790 1835 ea
814 1804 958 1844 reliquae
981 1804 1239 1836 continebantur.

353 1888 403 1919 18.
427 1888 558 1920 Famulz'
587 1888 714 1921 subiecti
736 1890 799 1921 sint
820 1899 889 1922 cum
912 1890 995 1921 omni
1017 1889 1125 1921 timore
1146 1889 1242 1922 davni-

265 1930 318 1961 πίε
341 1931 427 1962 suis.-
449 1942 508 1962 non
524 1932 623 1963 solum
640 1932 729 1964 nobis
751 1935 778 1963 et
798 1932 957 1973 humanis,
980 1933 1034 1964 sed
1056 1933 1149 1964 etiam
1167 1943 1243 1973 pra-

266 1973 323 2005 vis.
371 1974 420 2005 19.
446 1974 531 2006 Haec
559 1975 641 2006 enim
671 1978 714 2006 est
740 1976 855 2016 qratia,
888 1976 918 2007 si
940 1979 1069 2015 propter
1093 1976 1243 2008 conscien-

266 2017 343 2047 tiam
374 2016 436 2048 Dei
466 2018 624 2057 quispiam
652 2017 811 2050 molestias
839 2019 933 2058 ferat,
962 2018 1088 2058 patiens
1120 2018 1242 2050 iniuste.

267 2058 318 2089 20.
359 2059 469 2098 Qualis
501 2061 582 2091 em‘m
614 2061 727 2101 gloria,
760 2061 790 2092 si
823 2071 918 2101 quum
946 2063 1106 2101 peccantes
1139 2061 1244 2100 alapis

267 2101 445 2140 caedimini,
477 2103 640 2142 suffertis?
688 2103 749 2135 Sed
780 2105 810 2135 si
840 2104 912 2136 bene
931 2104 1079 2144 facientes
1102 2107 1129 2136 et
1149 2104 1244 2136 malis

268 2144 369 2183 affecti
391 2145 538 2184 suffertis,
562 2145 634 2177 haec
654 2147 757 2187 qratia
780 2147 866 2186 apud
888 2147 1001 2179 Deum.

353 2230 404 2261 18.
434 2230 565 2262 Famuli
594 2230 729 2262 subiecti.
781 2232 927 2263 Tametsi
957 2232 1036 2264 haec
1066 2237 1115 2264 est
1144 2232 1243 2272 parti-

266 2272 384 2305 cularis
419 2274 613 2311 admonitio,
653 2274 804 2305 cohaeret
838 2280 945 2306 tamen
981 2286 1052 2306 cum
1086 2275 1243 2316 proxima,

266 2315 360 2347 sicuti
395 2316 480 2347 aliae
510 2327 592 2357 quae
622 2323 807 2357 sequentur.
854 2317 936 2348 Nam
968 2318 1049 2358 quod
1081 2319 1168 2350 servi
1197 2318 1241 2349 iu-

266 2357 385 2390 bentur
414 2370 528 2399 parere
553 2359 697 2399 dominis,
728 2371 847 2391 uxores
870 2361 945 2391 item
970 2362 1104 2399 maritis,
1135 2367 1243 2402 partes

266 2406 343 2432 sunt
382 2402 589 2434 subiectionis
624 2403 783 2443 politicae.
840 2403 987 2434 Primum
1028 2415 1140 2435 servos
1173 2404 1243 2435 vult

266 2454 336 2475 esse
368 2455 455 2476 cum
488 2446 596 2477 omni
628 2446 792 2477 timore:
824 2456 887 2486 quo
918 2447 1047 2478 nomine
1078 2447 1241 2488 significat

264 2497 382 2526 purum
416 2494 448 2519 et
480 2488 935 2520 voluntarium-reverentiae
965 2490 1134 2521 affectum:
1168 2490 1243 2530 quia

264 2529 297 2559 id
328 2541 362 2561 se
392 2542 432 2562 ex
462 2532 565 2562 officio
596 2531 711 2563 debere
744 2537 930 2572 agnoscant.
977 2533 1064 2574 Ergo
1092 2534 1241 2564 timorem

265 2576 332 2603 tam
358 2573 571 2604 simultationi
597 2585 692 2614 quam
719 2575 891 2606 violentiae
914 2577 1071 2607 coactioni
1101 2576 1242 2616 opponit.

264 2613 348 2646 Nam
370 2615 654 2657 ὀφθαλμοδουλεία
686 2617 735 2659 (ut
758 2618 879 2649 Paulus
903 2624 996 2649 vocat
1015 2619 1118 2650 Colos.
1135 2619 1164 2655 3,
1190 2617 1243 2659 12)

265 2658 376 2690 timori
408 2661 571 2692 contraria
604 2667 662 2692 est.
707 2660 836 2692 Deinde
865 2661 891 2692 si
923 2661 1077 2693 adversus
1109 2661 1243 2694 necessi-

1297 307 1394 335 tatem
1428 303 1566 334 fremant
1595 302 1690 340 servi,
1724 303 1829 342 parati
1858 303 1969 344 iugum
1999 307 2150 335 excutere
2178 305 2205 336 si
2228 305 2265 337 li-

1295 352 1391 386 ceret,
1414 345 1541 386 proprie
1565 344 1678 376 timere
1702 355 1765 376 non
1790 345 1951 377 dicuntur.
1990 345 2029 377 In
2054 356 2191 384 summa,
2216 347 2267 380 hic

1296 390 1391 420 timor
1414 399 1455 419 ex
1478 387 1575 418 officii
1599 388 1783 428 cognitione
1807 389 1958 421 nascitur.
1995 389 2138 421 Tametsi
2158 394 2267 421 autem

1296 432 1385 462 nulla
1401 430 1546 469 exceptio
1564 430 1694 461 additur
1717 430 1775 462 hoc
1798 430 1877 470 loco,
1901 436 2008 463 tamen
2032 442 2072 464 ex
2095 432 2167 464 aliis
2190 432 2268 464 locis

1295 473 1516 506 subaudienda
1539 479 1597 505 est.
1633 473 1745 514 Neque
1768 474 1854 505 enim
1878 484 1915 505 eo
1939 484 2041 515 usque
2063 485 2098 506 ee
2119 476 2268 507 extendit

1295 528 1376 558 quae
1401 516 1583 547 hominibus
1603 515 1738 547 debetur
1760 516 1926 553 subiectio,
1951 522 1987 548 ut
2009 517 2070 549 Dei
2093 518 2267 558 imperium

1296 561 1428 591 minuat.
1474 559 1563 598 Ergo
1593 558 1726 590 subiecti
1753 560 1820 591 sint
1842 559 1973 591 domino
1998 560 2120 598 famuli,
2154 560 2210 592 sed
2233 561 2266 592 in

1296 603 1374 642 Deo,
1409 606 1440 632 et
1471 611 1572 641 usque
1601 601 1640 632 ad
1675 612 1756 638 arae,
1791 608 1825 633 ut
1856 602 2039 642 loquuntur.
2092 603 2267 635 Caeterum

1295 645 1443 685 quoniam
1469 654 1533 675 non
1559 644 1611 676 hic
1634 643 1771 676 habetur
1793 644 1901 676 δοῦλοι
1924 646 1979 677 sed
2003 644 2131 685 οἰκέται,
2157 656 2266 686 possu-

1296 699 1365 719 mus
1385 686 1567 727 intelligere
1591 687 1721 719 libertos
1744 698 1808 720 una
1831 699 1904 719 cum
1928 689 2046 720 servis:
2073 699 2266 729 quamquam

1294 732 1326 762 in
1350 742 1386 762 ea
1410 740 1444 760 re
1468 740 1581 769 parum
1605 735 1654 761 est
1677 732 1842 762 momenti.

1381 773 1452 804 Non
1480 771 1579 804 solum
1605 773 1700 804 bonis.
1746 773 1889 806 Tametsi
1919 778 2053 806 eatenus
2080 784 2192 815 parere
2216 773 2268 806 de-

1295 817 1371 848 bent
1400 815 1485 847 servi
1516 815 1665 856 dominis,
1700 826 1741 847 ne
1768 817 1843 856 quid
1868 823 1995 858 praeter
2018 818 2266 849 conscientiam:

1294 861 1319 891 si
1340 865 1448 890 tamen
1467 858 1588 890 iniuste
1611 863 1804 898 tractantur,
1827 867 1982 899 quantum
2006 860 2046 892 ad
2070 861 2158 900 ipsos
2180 870 2267 900 spec-

1296 908 1351 942 tat,
1383 912 1447 932 non
1476 901 1594 933 debent
1617 912 1766 933 recusare
1788 903 1970 942 imperium.
2017 903 2267 944 Qualescunque

1295 946 1402 985 itaque
1432 944 1497 976 sint
1527 944 1658 983 domini,
1689 945 1778 976 nulla
1805 951 1854 976 est
1876 946 1978 978 servis
2001 946 2165 978 excusatio
2189 946 2266 986 quin

1295 988 1433 1019 fideliter
1456 987 1520 1018 illis
1542 987 1694 1028 obsequia
1716 998 1774 1019 sua
1797 993 1972 1029 praestent.
2014 989 2098 1020 Nam
2121 989 2268 1029 superior

1295 1031 1321 1062 si
1354 1035 1515 1071 potestate
1548 1039 1606 1061 sua
1640 1030 1800 1069 abutitur,
1835 1031 1992 1063 rationem
2028 1031 2156 1072 quidem
2191 1031 2268 1063 olim

1295 1074 1406 1104 reddet
1440 1073 1525 1110 Deo,
1564 1083 1628 1104 non
1663 1077 1772 1105 tamen
1806 1074 1840 1105 in
1875 1075 2057 1114 praesentia
2090 1075 2140 1106 ius
2172 1084 2268 1106 suum

1295 1117 1423 1148 amittit.
1477 1115 1566 1147 Haec
1601 1115 1686 1147 enim
1721 1116 1861 1148 conditio
1895 1117 1999 1149 servis
2029 1117 2179 1157 imposita
2207 1121 2267 1154 est,

1295 1166 1331 1190 ut
1355 1159 1493 1190 dominis
1516 1162 1672 1199 serviant,
1694 1159 1769 1191 licet
1788 1159 1940 1201 indignis.
1978 1160 2137 1191 Pravos
2159 1160 2269 1200 aequis

1295 1203 1429 1243 opponit
1462 1201 1514 1233 vel
1550 1201 1718 1233 humanis:
1753 1211 1848 1243 atque
1878 1202 1938 1233 hoc
1967 1203 2067 1234 verbo
2097 1212 2214 1234 saevos
2237 1206 2269 1234 et

1296 1244 1515 1276 intractabiles
1547 1245 1703 1285 designat.
1738 1245 1789 1277 vel
1819 1245 1875 1285 qui
1898 1245 1979 1276 nihil
2003 1245 2213 1277 humanitatis
2236 1248 2269 1276 et

1295 1288 1485 1319 clementiae
1509 1287 1641 1319 habent.
1675 1287 1798 1319 Mirum
1822 1287 1900 1328 quid
1923 1289 2136 1328 interpretem
2159 1298 2267 1319 move-

1294 1332 1346 1368 rit,
1381 1335 1417 1362 ut
1451 1341 1508 1370 pro
1539 1340 1656 1371 graeco
1687 1331 1817 1363 nomine
1850 1331 1986 1362 alterum
2017 1341 2169 1372 graecum
2200 1329 2269 1361 red-

1295 1373 1398 1404 deret:
1440 1373 1534 1404 vertit
1575 1374 1663 1404 enim
1703 1373 1859 1414 dyscolos.
1915 1375 2070 1406 Tacerem
2108 1373 2147 1405 de
2180 1373 2268 1413 turpi

1294 1416 1545 1448 Serbonicorum
1579 1416 1716 1457 inscitia,
1750 1417 1805 1457 qui
1838 1417 1987 1458 dyscolos
2016 1416 2116 1457 vulgo
2147 1416 2267 1447 intelli-

1294 1465 1376 1500 gunt
1393 1459 1563 1490 dissolutos
1580 1459 1631 1490 vel
1654 1460 1865 1500 irregulares:
1888 1460 1950 1491 nisi
1973 1470 2014 1491 ex
2037 1464 2104 1490 tam
2127 1458 2266 1490 absurda

1294 1503 1562 1542 interpretatione
1585 1502 1662 1533 fidei
1690 1502 1861 1534 articulum
1877 1508 2004 1534 struere
2020 1502 2114 1533 nobis
2131 1501 2266 1533 vellent:

1293 1545 1378 1585 quod
1406 1555 1507 1585 papae
1533 1549 1565 1576 et
1588 1545 1731 1577 cornutis
1754 1546 1823 1577 eius
1847 1545 1957 1577 bestiis
1979 1544 2194 1576 obediendum
2216 1543 2268 1585 sit,

1294 1588 1505 1628 quantumvis
1521 1598 1656 1628 gravem
1673 1592 1705 1619 et
1721 1589 1853 1620 minime
1869 1588 2036 1620 ferendam
2060 1586 2267 1628 tyrannidem

1294 1636 1476 1662 exerceant.
1528 1631 1591 1663 Hic
1629 1641 1706 1672 ergo
1740 1631 1828 1663 locus
1859 1631 2001 1663 ostendit
2031 1640 2128 1671 quam
2157 1640 2268 1662 secure

1294 1673 1392 1706 verbo
1416 1673 1478 1704 Dei
1501 1673 1670 1706 illuserint.

1380 1716 1429 1748 19.
1454 1716 1540 1748 Haec
1570 1717 1652 1748 enim
1681 1719 1725 1749 est
1750 1717 1865 1758 qratia.
1910 1716 2002 1748 Idem
2032 1715 2121 1748 valet
2150 1725 2267 1747 nomen

1294 1760 1416 1800 gratiae
1432 1760 1517 1800 quod
1533 1759 1647 1791 laudis.
1689 1760 1851 1800 Intelligit
1873 1760 1957 1791 enim
1981 1758 2106 1790 nullam
2128 1759 2266 1800 gratiam

1293 1804 1345 1834 vel
1374 1802 1503 1834 laudem
1532 1802 1696 1834 conciliari
1724 1803 1815 1834 nobis
1838 1813 1947 1835 coram
1971 1801 2051 1839 Deo,
2081 1802 2108 1834 si
2131 1811 2267 1842 poenam

1295 1847 1492 1877 sustinemus
1522 1855 1618 1886 quam
1651 1846 1770 1877 nostris
1802 1845 1928 1877 delictis
1957 1845 2058 1877 simus
2084 1845 2266 1886 promeriti:

1295 1889 1350 1919 sed
1381 1889 1434 1928 qui
1463 1889 1626 1929 patienter
1648 1889 1757 1920 ferunt
1779 1889 1924 1929 iniurias,
1959 1898 2013 1920 eos
2036 1888 2132 1919 laude
2154 1887 2270 1928 dignos

1296 1941 1373 1970 esse,
1404 1936 1435 1962 et
1465 1942 1546 1972 opus
1576 1932 1680 1964 facere
1703 1932 1774 1963 Deo
1797 1937 1975 1972 acceptum.
2021 1930 2116 1970 Quod
2139 1936 2269 1971 gratum

1296 1974 1355 2006 hoc
1379 1974 1446 2005 fore
1464 1975 1533 2006 Deo
1556 1979 1703 2011 testatur,
1727 1975 1753 2006 si
1776 1975 1849 2014 quis
1871 1973 2084 2014 propter-*Dei
2106 1973 2270 2005 conscien-

1297 2018 1374 2048 tiam
1391 2018 1569 2049 retineatur
1590 2018 1622 2048 in
1646 2017 1760 2055 officio,
1791 2017 1917 2049 etiamsi
1941 2017 2061 2048 iniuste
2084 2021 2117 2048 et
2138 2016 2270 2057 indigne

1296 2071 1368 2092 cum
1392 2071 1429 2092 eo
1452 2065 1551 2101 agant
1574 2060 1737 2092 homines:
1770 2060 1862 2092 valde
1893 2060 2110 2092 necessarium
2134 2059 2195 2090 fuit
2214 2057 2271 2089 illo

1297 2108 1447 2143 tempore.
1494 2103 1576 2134 Erat
1606 2103 1691 2134 enim
1722 2113 1877 2143 perquam
1901 2102 1982 2134 dura
2004 2112 2173 2133 servorum
2196 2110 2270 2133 con-

1297 2146 1392 2177 ditio:
1423 2145 1653 2178 contumeliose
1684 2146 1888 2178 habebantur
1915 2155 1980 2176 non
2003 2155 2095 2177 secus
2117 2154 2153 2176 ac
2174 2153 2268 2184 pecu-

1297 2189 1367 2220 des:
1400 2189 1474 2220 talis
1504 2189 1684 2230 indignitas
1714 2189 1753 2220 ad
1779 2188 2039 2229 desperationem
2063 2197 2117 2218 eos
2139 2186 2270 2227 adigere

1296 2238 1438 2272 poterat:
1462 2232 1522 2263 hoc
1537 2232 1645 2271 itaque
1662 2242 1763 2263 unum
1780 2231 1941 2271 reliquum
1958 2230 2027 2268 fuit,
2051 2234 2088 2261 ut
2109 2229 2143 2261 in
2161 2229 2269 2260 Deum

1296 2275 1501 2315 respicerent.
1547 2274 1620 2306 Hoc
1650 2275 1738 2306 enim
1770 2274 1858 2306 valet
1888 2272 2153 2305 conscientia
2175 2271 2269 2309 Dei,

1297 2318 1371 2349 dum
1396 2318 1469 2358 quis
1499 2328 1564 2349 non
1595 2317 1774 2357 hominum,
1805 2316 1861 2348 sed
1886 2317 1947 2348 Dei
1975 2319 2131 2355 respectu,
2164 2315 2270 2346 officio

1295 2371 1353 2391 suo
1378 2362 1532 2402 fungitur.
1577 2360 1661 2391 Nam
1693 2360 1721 2391 si
1744 2369 1827 2390 uxor
1849 2359 2010 2399 morigera
2032 2358 2074 2389 sit
2097 2362 2130 2389 et
2153 2358 2269 2388 marito

1295 2404 1483 2445 obsequens,
1518 2407 1554 2434 ut
1582 2413 1616 2435 se
1645 2403 1692 2434 illi
1721 2401 1932 2440 commendet,
1967 2400 2064 2432 habet
2090 2401 2125 2431 in
2148 2399 2269 2432 mundo

1295 2446 1475 2478 mercedem
1510 2456 1616 2478 suam:
1649 2444 1920 2486 quemadmodum
1951 2443 2104 2476 Christus
2134 2443 2174 2474 de
2203 2453 2270 2474 am-

1297 2489 1420 2520 bitiosis
1454 2490 1611 2530 loquitur,
1653 2489 1708 2528 qui
1743 2488 1910 2519 hominum
1944 2487 2087 2518 favorem
2121 2490 2269 2526 spectant

1295 2531 1428 2573 (Matth.
1445 2533 1475 2572 6,
1509 2532 1572 2574 16).
1617 2530 1708 2562 Idem
1740 2532 1778 2562 de
1809 2530 1940 2570 reliquis
1973 2529 2186 2561 sentiendum.
2229 2528 2269 2560 Si

1296 2576 1381 2606 filius
1398 2582 1434 2607 ut
1450 2582 1574 2616 patrem
1591 2574 1708 2605 habeat
1730 2573 1922 2605 benevolum
1947 2582 1982 2603 ac
2005 2572 2067 2603 sibi
2090 2572 2266 2611 faventem,

1295 2618 1342 2648 illi
1372 2619 1568 2659 obsequitur,
1603 2616 1781 2648 mercedem
1812 2615 1944 2647 habebit
1973 2626 1991 2646 a
2022 2620 2122 2655 patre,
2157 2624 2222 2645 non
2246 2623 2264 2644 a

1296 2660 1376 2693 Deo.
1415 2662 1565 2701 Denique
1588 2660 1665 2692 haec
1689 2659 1848 2700 generalis
1871 2664 1919 2690 est
1941 2658 2113 2696 sententia,
2136 2655 2266 2698 probari

2465 0 2480 70 ‘a‘
