2513 3126
291 190 354 221 323

390 289 428 321 Ut
450 288 608 327 manifesti
629 288 743 325 tierent.
789 284 877 316 Utile
901 294 937 314 ac
956 284 1173 316 necessarium
1197 294 1267 315 esse

297 332 451 364 eeclesiae
478 340 614 361 examen
645 328 752 358 docet:
782 327 866 358 unde
897 338 937 357 ex
962 327 1098 358 adverso
1121 327 1267 366 sequitur

298 386 362 406 non
392 384 461 405 esse
485 374 599 403 iustam
625 371 876 410 perturbationis
905 380 1046 401 causam.
1092 369 1200 408 Quum
1225 371 1267 400 sit

298 428 393 449 areae
415 415 531 447 similis
563 414 707 450 ecclesia,
731 413 885 443 ventilari
911 412 1034 452 paleam
1058 416 1201 452 oportet,
1231 416 1268 443 ut

298 460 439 490 triticum
462 467 576 496 purum
594 461 738 487 maneat:
764 456 822 486 hoc
841 454 917 486 facit
936 454 1036 493 Deus,
1060 465 1158 494 quum
1177 455 1268 486 emit-

298 503 337 533 tit
367 500 553 540 hypocritas
584 510 624 531 ex
649 498 797 530 ecelesia:
829 508 899 529 eam
921 498 1007 528 enim
1032 497 1214 538 quisquiliis
1237 501 1269 528 et

297 543 443 576 sordibus
463 547 590 582 purgat.

384 629 435 661 20.
460 627 502 659 Ec
519 637 574 659 vos
593 627 766 659 unctionem
785 626 904 658 habetis
921 636 942 657 a
960 628 1078 658 sancto.-
1096 629 1123 657 et
1140 626 1271 657 novistis

299 672 415 703 omnia.
467 671 519 702 21.
553 670 624 702 Non
647 670 761 710 scripsi
792 669 894 706 nobis,
929 669 1006 709 quia
1034 679 1094 701 non
1123 669 1271 700 noveritis

299 715 472 746 veritatem.-
493 714 545 745 sed
568 714 643 753 quia
666 713 795 744 novistis
817 722 901 752 eam,
936 715 963 743 et
984 713 1060 752 quia
1082 722 1167 743 mizne
1189 721 1270 742 men-

299 758 426 790 dacium
442 767 480 788 εει·
498 757 624 788 veritate
641 766 702 787 non
720 758 773 787 est.
812 755 863 786 22.
887 754 965 794 Quis
982 758 1026 786 est
1043 755 1185 793 mendam,
1208 754 1272 785 m'si

297 801 352 840 qui
374 802 465 840 neyat
482 799 589 830 Iesum
604 808 669 830 esse
689 798 873 830 Christum?
910 797 974 830 Hic
997 800 1040 829 est
1058 797 1271 834 antichristus,

296 845 352 883 qui
370 846 457 884 ueyat
468 845 592 882 patrem
607 844 634 872 et
647 841 761 881 tilium.
797 841 848 873 23.
872 841 982 873 Omnis
993 841 1048 880 qui
1060 842 1148 880 neyat
1162 839 1271 879 filium,

296 896 392 926 neque
408 888 535 925 patrem
556 884 653 916 habet.

384 971 434 1002 20.
458 970 501 1002 Et
511 980 564 1001 vos
573 970 754 1001 unctionem.
781 969 928 1001 Modesto
947 975 1079 1001 excusat
1098 967 1271 1007 apostolus,

297 1013 381 1054 quod
412 1024 465 1045 eos
495 1020 560 1044 tau]
585 1012 723 1044 sollicite
741 1012 908 1043 admonet:
942 1022 982 1042 ne
1006 1017 1120 1051 putent
1143 1009 1271 1049 oblique

297 1067 332 1088 se
356 1057 548 1097 perstringi,
579 1056 670 1095 quasi
701 1055 798 1087 rudes
828 1056 1021 1095 ignarosque
1052 1063 1162 1084 eorum
1187 1062 1271 1092 quae

298 1099 396 1139 probe
424 1106 534 1130 tenere
565 1099 751 1130 debuerant.
797 1097 852 1129 Sic
875 1097 997 1128 Paulus
1031 1096 1139 1137 (Rom.
1166 1095 1194 1134 1,
1219 1095 1272 1136 14)

298 1142 457 1174 Romanis
476 1141 624 1174 concedit
642 1140 859 1181 prudentiam,
882 1146 917 1172 ut
935 1139 1006 1171 aliis
1025 1140 1122 1170 etiam
1141 1148 1272 1169 monen-

299 1185 349 1216 dis
371 1186 438 1217 sint
457 1194 550 1225 pares
569 1189 601 1216 et
618 1183 740 1215 idonei:
771 1183 867 1215 simul
891 1187 999 1213 tamen
1024 1180 1174 1218 ostendit,
1206 1190 1271 1212 non

299 1237 393 1267 posse
421 1227 516 1259 aliter
543 1237 578 1258 se
600 1236 735 1258 munere
758 1227 819 1258 sibi
847 1227 991 1257 iniuncto
1015 1224 1163 1264 defungi,
1193 1224 1270 1263 quin

299 1281 353 1302 eos
390 1270 664 1303 commonefaciat.
718 1268 832 1309 Neque
864 1273 972 1299 tamen
1007 1266 1187 1298 adulatorie
1226 1266 1271 1298 sic

299 1313 478 1354 loquuntur
501 1312 653 1353 apostoli:
676 1312 731 1344 sed
755 1312 815 1342 hoc
838 1310 931 1342 modo
953 1310 1132 1350 prudenter
1154 1313 1271 1340 cavent

299 1367 341 1387 ne
364 1357 403 1387 ab
426 1355 493 1387 ullo
517 1356 685 1387 hominum
705 1364 823 1395 genere
846 1359 1017 1394 respuatur
1031 1363 1092 1384 sua
1108 1352 1271 1383 doctrina:

299 1408 400 1438 quum
424 1408 488 1429 non
512 1398 607 1430 modo
630 1397 774 1433 rudibus,
798 1397 853 1428 sed
877 1397 909 1427 in
925 1395 1035 1427 schola
1051 1395 1183 1426 Domini
1200 1404 1271 1426 eru-

301 1441 379 1473 ditis
413 1452 592 1481 congruere
621 1447 652 1472 et
683 1440 795 1471 utilem
829 1449 900 1470 esse
932 1438 1139 1469 denuntiant.
1182 1437 1270 1469 Usus

301 1485 369 1524 ipse
400 1484 491 1516 docet
521 1494 616 1524 quam
648 1483 833 1515 fastidiosae
863 1482 929 1513 sint
961 1481 1131 1512 hominum
1165 1490 1268 1512 aures.

301 1527 379 1558 'Pale
411 1527 541 1567 quidem
576 1537 594 1557 a
625 1526 687 1566 piis
716 1525 810 1557 debet
839 1524 951 1556 abesse
982 1524 1164 1556 fastidium:
1196 1523 1270 1554 boni

301 1575 410 1600 tamen
433 1579 470 1600 ac
493 1569 663 1609 prudentis
687 1568 825 1599 doctoris
849 1574 896 1598 est
920 1567 1001 1598 nihil
1024 1567 1184 1606 omittere,
1207 1576 1270 1606 quo

301 1613 361 1643 sibi
395 1612 593 1644 audientiam
627 1612 712 1652 apud
747 1621 860 1642 omnes
894 1610 998 1642 faciat.
1053 1609 1187 1642 Certum
1221 1614 1270 1640 est

301 1661 420 1692 autem,
445 1665 503 1686 nos
527 1656 642 1685 minori
666 1655 844 1685 attentione
867 1659 899 1684 et
921 1653 1108 1684 reverentia
1123 1651 1271 1693 excipere

301 1698 385 1738 quod
409 1697 535 1737 dicitur,
566 1698 592 1728 si
616 1703 765 1737 putamus
785 1706 869 1732 eum,
893 1697 946 1736 qui
969 1696 1122 1736 loquitur,
1151 1694 1270 1726 intelli-

301 1741 455 1780 gentiam,
479 1751 560 1780 quae
584 1751 603 1771 a
625 1740 768 1771 Domino
792 1739 868 1770 data
891 1743 940 1770 est
963 1740 1065 1778 nobis,
1092 1738 1270 1770 detrahere.

300 1783 407 1814 Simul
430 1783 491 1814 hac
512 1782 608 1814 laude
624 1784 709 1814 acuit
724 1783 888 1823 apostolus
904 1782 1049 1819 lectores,
1073 1782 1149 1822 quia
1164 1781 1271 1812 minus
1296 1776 1298 1786 '

301 1827 520 1858 excusationis
558 1826 679 1857 habent
716 1827 770 1866 qui
805 1826 889 1856 dono
926 1825 1162 1866 intelligentiae
1196 1828 1272 1855 sunt

301 1912 383 1951 quod
406 1911 569 1951 apostolus
592 1921 646 1942 eos
670 1922 735 1942 non
759 1912 852 1943 docet
875 1916 1031 1951 tanquam
1048 1910 1144 1942 rudes
1163 1912 1196 1941 et
1211 1909 1271 1940 ele-

302 1955 486 1990 mentarios,
516 1954 572 1985 sed
600 1964 651 1986 res
681 1955 746 1985 iam
768 1955 915 1995 cognitas
938 1954 971 1985 in
995 1954 1185 1985 memoriam
1209 1952 1272 1983 illis

301 1997 442 2028 reducit:
474 1996 589 2028 deinde
619 1997 703 2037 quod
733 1997 773 2028 ad
805 1997 992 2029 excitandas
1025 1996 1158 2037 spiritus
1192 1995 1272 2027 scin-

303 2038 389 2070 tillas
412 2049 465 2070 eos
490 2039 648 2077 hortatur,
681 2045 717 2070 ut
740 2040 855 2079 plenus
886 2040 919 2070 in
943 2039 1006 2071 illis
1029 2039 1135 2080 fulgor
1158 2038 1273 2070 luceat.

303 2083 352 2112 Ac
376 2092 409 2112 se
432 2083 535 2121 ipsum
557 2083 690 2122 exponit
713 2083 869 2122 proximis
892 2083 1010 2120 verbis,
1034 2092 1068 2113 se
1084 2081 1157 2113 ideo
1173 2082 1272 2121 scrip-

302 2124 385 2155 sisse
408 2135 530 2165 negans
561 2125 645 2164 quod
670 2126 838 2156 veritatem
862 2126 1025 2166 ignorent,
1055 2125 1110 2156 sed
1134 2123 1218 2164 quod
1240 2124 1273 2154 in

303 2176 340 2198 ea
364 2166 464 2207 probe
487 2168 553 2198 sint
576 2167 690 2198 edocti.
724 2168 807 2199 Nam
831 2169 858 2200 si
874 2167 971 2199 rudes
987 2178 1120 2208 prorsus
1136 2167 1274 2198 fuissent

303 2219 339 2240 ac
361 2210 487 2248 novitii,
515 2220 630 2250 capere
662 2220 725 2241 non
756 2212 937 2250 potuissent
968 2211 1052 2241 hanc
1083 2210 1272 2241 doctrinam.

303 2252 398 2290 Quod
421 2258 530 2283 autem
550 2253 685 2283 omnia
708 2253 786 2284 dicit
801 2255 940 2292 novisse,
964 2263 1026 2284 non
1047 2253 1275 2285 universaliter

303 2295 383 2335 capi,
407 2295 462 2326 sed
485 2295 524 2326 ad
548 2295 728 2335 praesentis
748 2295 808 2326 loci
829 2296 1106 2327 circumstantiam
1122 2294 1275 2335 restringi

303 2337 407 2369 debet.
442 2337 617 2369 Caeterum
641 2348 738 2377 quum
763 2338 839 2369 dicit
862 2349 915 2370 eos
938 2337 1088 2370 habere
1111 2339 1273 2370 unctio-

303 2390 394 2411 nem
418 2391 437 2412 a
459 2387 620 2419 sancto,
643 2390 707 2411 non
726 2380 836 2412 dubito
859 2382 937 2420 quin
953 2381 992 2411 ad
1014 2389 1138 2413 veteres
1154 2381 1274 2421 figuras

304 2423 439 2454 alludat.
478 2422 558 2454 Nam
583 2434 600 2454 e
623 2424 807 2454 sanctuario
829 2424 999 2464 petebatur
1021 2424 1128 2455 oleum
1152 2424 1192 2455 ad
1215 2433 1274 2454 un-

304 2466 428 2505 gendos
451 2466 644 2498 sacerdotes.
688 2465 807 2497 Daniel
831 2471 938 2497 autem
957 2467 1133 2498 adventum
1152 2466 1274 2498 Christi

305 2516 432 2548 tempus
457 2509 623 2548 proprium
648 2519 718 2539 esse
741 2509 855 2539 definit
871 2509 1021 2549 ungendo
1045 2513 1158 2541 sancto
1181 2518 1273 2540 sanc·

304 2558 411 2581 torum
435 2551 533 2591 (Dan.
551 2552 580 2592 9,
603 2551 669 2592 24).
707 2551 790 2582 Nam
815 2551 886 2582 ideo
908 2555 1024 2583 unctus
1047 2563 1065 2583 a
1089 2557 1180 2592 patre
1203 2552 1274 2589 fuit,

306 2598 342 2623 ut
365 2594 560 2634 multiplices
583 2596 691 2634 copias
714 2605 754 2625 ex
777 2604 836 2625 sua
858 2595 892 2625 in
917 2605 974 2625 nos
996 2595 1196 2634 plenitudine
1216 2595 1273 2625 dif-
1300 2603 1302 2627 ¹:

305 2636 431 2668 fundat.
470 2637 555 2668 Hinc
578 2638 733 2677 sequitur,
757 2648 821 2668 non
845 2638 992 2668 acumine
1016 2639 1137 2678 proprii
1160 2647 1275 2669 sensus
1300 2638 1302 2669 Ξ

1098 186 1237 218 ΕΙἸΒΤ.
1263 186 1342 218 ῙΟΠ
1351 187 1438 219 ΔΝΝ
1447 187 1485 218 {s

1297 1860 1298 1864 Ἰ
1324 1825 1394 1855 cion
1418 1830 1581 1864 spectrum
1605 1824 1744 1857 hominis
1766 1825 1865 1856 fuisse
1888 1824 2080 1857 somniabat.

301 1869 447 1908 praediti,
472 1869 532 1899 nisi
556 1869 637 1900 alios
659 1870 803 1909 profectu
822 1868 1024 1899 antecedant.
1059 1867 1198 1899 Summa
1212 1871 1272 1906 est,
1297 1874 1298 1880 ¹

2227 188 2289 219 324

1321 288 1406 316 recte
1441 294 1552 324 sapere
1588 283 1743 321 homines,
1779 284 1834 315 sed
1871 284 2106 315 illuminatione
2141 285 2289 324 spiritus:

1320 327 1436 358 deinde
1460 337 1523 357 non
1547 326 1640 357 aliter
1663 337 1756 366 quam
1781 337 1838 367 per
1861 327 2028 358 Christum
2053 336 2110 357 nos
2133 327 2202 357 fieri
2226 328 2287 366 spi-

1322 371 1403 401 ritus
1427 370 1608 410 participes.
1643 369 1696 409 qui
1721 375 1752 400 et
1783 379 1895 401 verum
1920 372 1970 400 est
1992 370 2224 407 sanctuarium,
2259 372 2291 400 et

1322 413 1436 444 unicus
1461 417 1568 442 noster
1591 412 1747 443 sacerdos.

1406 455 1457 486 21.
1491 454 1534 485 Et
1563 454 1639 494 quia
1669 465 1756 486 omne
1789 455 1992 487 mendacium.
2038 453 2194 486 Concedit
2227 454 2291 485 illis

1323 498 1485 537 iudicium,
1521 506 1583 536 quo
1619 507 1731 529 verum
1767 508 1786 529 a
1819 498 1897 529 falso
1932 498 2126 529 discernant.
2178 496 2291 536 Neque

1322 543 1405 571 enim
1430 539 1600 571 dialectica
1623 545 1672 571 est
1700 541 1761 572 ista
1789 541 1973 580 propositio,
2005 540 2207 571 mendacium
2232 539 2290 570 dif-

1323 586 1405 614 ferre
1429 593 1447 613 a
1464 582 1600 613 veritate
1623 582 1775 623 (qualiter
1791 585 1823 614 in
1840 583 1957 614 scholis
1974 583 2140 623 generales
2158 582 2290 623 regulae

1323 625 1519 665 traduntur),
1553 625 1608 656 sed
1639 625 1678 656 ad
1710 627 1827 665 praxin
1858 631 1891 657 et
1912 636 2003 657 usum
2032 625 2291 656 accommodatus

1323 678 1442 700 sermo:
1467 678 1503 699 ac
1526 668 1553 698 si
1578 668 1706 706 diceret,
1737 669 1808 700 Non
1841 671 1966 700 tantum
1998 678 2052 700 eos
2077 673 2187 699 tenere
2214 666 2291 707 quid

1325 721 1435 742 verum
1459 710 1514 741 sit:
1547 710 1602 741 sed
1632 711 1730 742 etiam
1761 712 1917 743 adversus
1947 711 2119 752 impiorum
2151 710 2292 742 fallaciae

1324 757 1355 785 et
1378 755 1572 792 imposturas
1603 754 1746 785 munitos
1778 764 1856 792 esse,
1887 760 1923 785 ut
1954 753 2130 795 prudenter
2159 754 2218 785 sibi
2242 762 2293 784 ca-

1325 802 1433 828 veant.
1474 796 1577 827 Porro
1601 806 1663 827 non
1688 796 1727 828 de
1750 807 1815 828 una
1838 802 1893 828 aut
1916 797 2017 828 altera
2041 796 2200 827 mendacii
2224 806 2292 836 spe-

1323 840 1370 871 cie
1394 839 1554 879 loquitur:
1589 839 1644 870 sed
1678 839 1832 880 quidquid
1863 839 1986 871 fraudis
2017 840 2156 870 intentet
2179 839 2291 876 Satan,

1323 888 1379 912 aut
1403 891 1593 922 quacunque
1623 889 1714 922 parte
1745 893 1798 914 eos
1830 883 2003 920 adoriatur,
2034 882 2114 914 lucis
2146 887 2179 913 et
2202 889 2291 912 tene-

1325 925 1453 955 brarum
1485 924 1711 956 discretionem
1745 926 1811 956 fore
1841 926 1874 956 in
1904 930 2056 965 promptu
2088 924 2181 962 dicit,
2216 924 2292 964 quia

1324 968 1435 999 ducem
1460 967 1600 998 habeant
1623 968 1783 1008 spiritum.

1408 1010 1459 1041 22.
1497 1010 1574 1050 Quis
1602 1014 1645 1042 est
1672 1011 1816 1042 mendax.
1861 1011 1934 1042 Non
1966 1010 2080 1042 asserit
2111 1010 2194 1041 solos
2224 1020 2294 1041 esse

1324 1062 1377 1084 eos
1401 1053 1571 1084 mendaces
1594 1054 1647 1094 qui
1680 1059 1802 1094 negant
1829 1054 2018 1094 apparuisse
2047 1053 2080 1084 in
2109 1063 2207 1085 carne
2230 1051 2293 1083 Dei

1325 1096 1434 1134 filium,
1464 1106 1505 1126 ne
1527 1096 1601 1135 quis
1624 1097 1657 1127 in
1681 1096 1834 1128 solvendo
1858 1097 1919 1128 hoc
1942 1096 2026 1127 nodo
2049 1095 2137 1127 ultra
2159 1095 2292 1127 modum

1324 1149 1358 1170 se
1381 1144 1543 1178 torqueat:
1567 1138 1622 1170 sed
1646 1139 1724 1171 alios
1747 1149 1860 1171 omnes
1882 1149 2046 1179 superare.
2088 1138 2189 1178 Quasi
2211 1138 2293 1169 dice-

1324 1186 1383 1219 ret,
1417 1182 1479 1212 nisi
1510 1181 1569 1213 hoc
1599 1186 1768 1213 censeatur
1797 1182 2011 1221 mendacium,
2045 1180 2133 1213 aliud
2163 1179 2293 1212 nullum

1325 1225 1435 1256 haberi
1457 1234 1561 1264 posse.
1605 1224 1885 1263 Quemadmodum
1911 1225 2010 1266 vulgo
2032 1224 2173 1256 solemus
2196 1223 2293 1263 loqui,

1324 1267 1359 1298 si
1390 1267 1524 1307 perfidia
1555 1267 1588 1298 in
1613 1267 1720 1298 Deum
1752 1271 1785 1298 et
1807 1267 1956 1299 homines
1986 1268 2109 1299 crimen
2138 1277 2204 1298 non
2234 1268 2293 1303 est,

1324 1310 1409 1350 quod
1432 1310 1571 1350 amplius
1600 1310 1721 1342 crimen
1752 1310 1957 1342 vocabimus?
2003 1309 2099 1349 Quod
2123 1315 2230 1341 autem
2254 1308 2294 1339 de

1324 1352 1610 1393 pseudoprophetis
1632 1354 1664 1384 in
1689 1363 1808 1394 genere
1831 1353 1992 1394 attigerat,
2015 1363 2101 1384 nunc
2117 1361 2294 1384 accommo-

1324 1395 1378 1426 dat
1400 1395 1439 1426 ad
1464 1396 1621 1427 rationem
1645 1397 1694 1428 sui
1718 1397 1881 1436 temporis.
1915 1395 2028 1436 Digito
2046 1395 2132 1427 enim
2152 1394 2294 1426 ostendit

1323 1448 1377 1469 eos
1400 1439 1454 1478 qui
1477 1439 1646 1470 ecclesiam
1669 1439 1854 1470 turbabant.
1901 1438 1995 1478 Quod
2019 1437 2237 1470 Cherinthum
2261 1442 2293 1467 et

1323 1481 1552 1521 Carpocratem
1576 1482 1683 1513 notari
1714 1485 1841 1514 veteres
1867 1482 2063 1519 existimant,
2093 1480 2186 1512 facile
2215 1480 2292 1511 reci-

1323 1524 1383 1564 pio.
1429 1524 1605 1556 Caeterum
1633 1524 1756 1556 Christi
1786 1525 1916 1565 negatio
1944 1524 2008 1555 late
2037 1528 2134 1563 patet.
2179 1523 2292 1563 Neque

1323 1567 1407 1598 enim
1431 1567 1509 1598 satis
1525 1574 1574 1599 est
1592 1578 1655 1598 uno
1672 1568 1769 1599 verbo
1785 1568 1877 1599 fateri
1894 1567 2003 1599 Iesum
2023 1577 2094 1598 esse
2113 1566 2294 1606 Christum,

1322 1610 1385 1641 nisi
1408 1610 1482 1641 talis
1506 1611 1701 1651 agnoscitur,
1724 1611 1850 1651 qualem
1877 1620 1951 1642 eum
1968 1616 2060 1650 pater
2075 1610 2108 1640 in
2125 1608 2294 1649 evangelio

1323 1653 1415 1684 nobis
1438 1653 1541 1685 offert.
1576 1652 1650 1684 Duo
1673 1654 1738 1694 isti,
1761 1663 1840 1693 quos
1864 1653 2040 1692 nominavi,
2068 1651 2191 1684 Christi
2216 1652 2293 1682 titu-

1322 1695 1388 1726 lum
1420 1695 1541 1727 dabant
1572 1696 1638 1727 filio
1662 1697 1739 1728 Dei:
1772 1696 1826 1727 sed
1851 1706 1967 1736 purum
1999 1695 2166 1735 fingebant
2192 1694 2294 1726 homi-

1323 1748 1406 1769 nem.
1452 1738 1556 1770 Sicuti
1567 1738 1591 1781 ¹)
1614 1742 1690 1770 sunt
1713 1740 1776 1777 alii,
1807 1745 1842 1769 ut
1865 1739 1973 1776 Arius,
2002 1739 2057 1778 qui
2078 1738 2142 1769 Dei
2165 1738 2294 1769 nomine

1323 1781 1415 1812 illum
1440 1787 1593 1813 ornantes
1617 1787 1748 1814 aeterna
1770 1782 1942 1813 divinitate
1965 1780 2157 1821 spoliabant.
2207 1780 2294 1811 Mar-

2133 1823 2296 1856 Sabellius

1325 1867 1404 1897 nihil
1436 1878 1454 1898 a
1482 1873 1573 1907 patre
1604 1868 1734 1899 differre
1764 1873 1965 1899 commentus
1995 1872 2053 1898 est.
2099 1866 2152 1897 Illi
2184 1875 2297 1898 omues

1325 1910 1386 1940 Dei
1416 1910 1518 1941 filium
1550 1918 1724 1951 negarunt:
1760 1911 1836 1951 quia
1864 1920 1959 1941 nemo
1990 1919 2101 1941 eorum
2129 1910 2294 1950 integrum

1325 1952 1492 1984 Christum
1516 1953 1641 1984 sincere
1659 1955 1807 1994 agnovit:
1833 1953 1887 1985 sed
1904 1953 1973 1984 eius
1989 1953 2171 1991 veritatem,
2194 1961 2294 1992 quan-

1325 2000 1394 2026 tum
1414 1995 1447 2026 in
1467 2006 1501 2026 se
1518 2000 1597 2035 erat,
1621 1995 1851 2033 adulterantes
1874 1996 1996 2027 idolum
2013 1995 2074 2027 sibi
2090 2005 2148 2035 pro
2164 1994 2296 2027 Christo

1325 2037 1535 2069 fabricarunt.
1580 2038 1698 2078 Erupit
1722 2038 1837 2069 deinde
1861 2039 2022 2079 Pelagius,
2053 2039 2107 2078 qui
2130 2043 2295 2069 certamen

1326 2080 1455 2121 quidem
1479 2091 1543 2112 non
1567 2081 1718 2112 movebat
1746 2081 1784 2112 de
1807 2081 1931 2112 Christi
1959 2082 2108 2118 essentia,
2138 2081 2218 2120 quin
2240 2089 2294 2109 ve-

1326 2134 1398 2154 rum
1423 2123 1586 2155 hominem
1610 2129 1642 2155 et
1661 2124 1768 2155 Deum
1791 2134 1859 2154 esse
1882 2124 2088 2155 concederet:
2112 2124 2168 2154 sed
2192 2128 2294 2153 totum

1326 2166 1393 2197 fere
1416 2166 1484 2197 eius
1514 2166 1671 2197 honorem
1703 2167 1736 2197 in
1760 2177 1817 2198 nos
1847 2166 2070 2197 transferebat.
2116 2166 2186 2197 Hoc
2216 2174 2296 2196 vero

1327 2214 1375 2240 est
1399 2208 1565 2240 Christum
1589 2209 1621 2240 in
1645 2209 1785 2240 nihilum
1803 2209 1958 2250 redigere,
1982 2219 2079 2249 quum
2099 2209 2168 2240 eius
2191 2207 2296 2249 gratia

1327 2258 1359 2282 et
1382 2252 1431 2283 vis
1459 2252 1614 2283 aboletur.
1661 2251 1714 2283 Sic
1744 2253 1889 2292 papistae
1917 2251 2012 2282 hodie
2042 2251 2177 2283 liberum
2210 2249 2295 2281 arbi-

1328 2295 1426 2325 trium
1446 2295 1577 2335 spiritus
1593 2295 1696 2326 sancti
1719 2296 1843 2335 gratiae
1859 2299 2066 2334 opponentes,
2091 2298 2215 2334 partem
2231 2293 2295 2323 ius-

1328 2337 1417 2368 titiae
1445 2344 1475 2368 et
1505 2338 1618 2368 salutis
1646 2338 1787 2369 locantes
1818 2339 1849 2368 in
1879 2347 2012 2377 operum
2036 2337 2169 2373 meritis,
2198 2336 2295 2366 innu-

1328 2389 1434 2411 meros
1468 2381 1528 2411 sibi
1559 2386 1709 2420 patronos
1739 2381 1965 2421 imaginantes,
2000 2389 2057 2419 per
2085 2389 2163 2418 quos
2189 2379 2294 2409 Deum

1327 2424 1503 2463 propitium
1528 2423 1677 2459 habeant,
1702 2424 1860 2454 factitium
1881 2424 1987 2453 nescio
2009 2432 2105 2461 quem
2126 2421 2295 2453 Christum

1328 2466 1465 2497 habent:
1489 2472 1521 2497 at
1544 2467 1650 2497 vivam
1675 2466 1911 2506 genuinamque
1930 2464 1990 2496 Dei
2006 2465 2191 2505 imaginem,
2214 2472 2296 2503 quae

1328 2509 1434 2540 lucere
1464 2510 1498 2539 in
1526 2508 1658 2540 Christo
1688 2509 1833 2548 debebat,
1867 2508 1975 2547 pravis
2007 2509 2074 2539 suis
2108 2506 2296 2538 commentis

1328 2551 1518 2588 deformant,
1549 2552 1703 2583 virtutem
1735 2556 1900 2587 enervant,
1932 2550 2072 2582 officium
2099 2549 2240 2582 obruunt
2263 2553 2296 2579 et

1414 2646 1434 2679 ¹)
1453 2644 1563 2678 Sequuti
