2513 3126
137 201 197 231 125

136 297 167 326 in
188 306 307 327 morem
323 296 461 337 cylindri
481 297 578 328 fuisse
597 296 810 336 complicatos.
844 297 943 328 Porro
961 295 1032 326 libri
1054 307 1108 326 110-

136 340 223 370 mine
237 340 340 380 legem
356 339 504 380 intelligi,
523 349 605 379 quae
618 339 763 379 regulam
778 344 887 371 sancte
900 337 1029 370 vivendi
1042 348 1108 368 om-

1029 199 1178 231 CAPUT
1205 199 1247 230 X.

2076 204 2135 234 126

1163 295 1311 327 sacerdos
1327 305 1443 336 corpus
1462 295 1628 328 habuisset
1641 301 1797 338 aptatum,
1817 308 2036 339 supervacuae
2060 300 2135 330 fuis-

1163 342 1235 369 sent
1259 338 1417 378 pecudum
1448 339 1606 370 victimae.
1652 339 1804 371 Christus
1828 346 1934 372 autem
1958 341 2046 373 solus
2070 344 2134 373 suf-

136 382 231 413 nibus
245 382 306 413 Dei
319 382 395 413 filiis
409 383 608 422 praescribit,
627 382 802 413 absurdum
821 386 956 413 nonest.
986 380 1106 419 Quam·
1135 378 1136 394 ¹
1162 381 1236 420 ficit,
1268 391 1304 412 ac
1335 391 1391 420 per
1419 391 1454 412 so
1485 381 1618 413 idoneus
1649 386 1697 413 est
1729 383 1766 413 ad
1792 383 2020 423 praestandum
2044 385 2134 425 quid-

136 434 229 464 quam
265 425 345 455 mihi
379 426 520 465 genuina
548 425 650 465 magis
679 424 809 455 videtur
840 424 918 455 haec
941 422 1107 462 expositio,

135 472 171 498 ut
202 467 290 499 dicat
317 477 351 499 se
381 469 414 499 in
445 478 555 499 eorum
586 467 730 507 catalogo
753 467 877 498 censeri
902 466 957 506 qui
981 476 1014 496 se
1038 465 1107 496 Deo

135 510 290 550 praebent
320 510 539 550 obsequentes,
585 509 658 541 Lex
689 509 819 550 quidem
850 508 938 539 iubet
961 518 1019 539 nos
1042 517 1107 538 om—

136 562 192 583 nes
216 552 285 584 Deo
308 552 444 584 obedire.
484 552 548 585 Sed
572 552 726 592 intelligit
749 550 866 589 David,
889 561 923 581 se
945 550 1031 580 inter
1054 558 1107 580 eos

135 595 301 626 numerari
325 595 378 636 qui
404 596 508 627 vocati
531 597 607 626 suut
630 599 665 625 ut
688 593 759 624 Deo
781 592 942 624 obediant.
982 591 1107 623 Deinde

134 639 273 669 testatur
309 648 344 669 se
382 637 541 669 vocationi
578 637 818 676 obtemperare,
863 644 963 674 quum
1002 634 1106 665 addit:

135 680 243 711 Volui.
300 680 395 720 Quod
431 681 463 711 in
498 679 667 710 Christum
703 677 909 718 peculiariter
942 677 1106 716 competit.

135 722 217 754 Nam
241 728 403 763 utcunque
423 722 461 753 ad
478 721 540 752 Dei
564 721 718 752 iustitiam
741 719 846 751 sancti
869 729 981 750 omnes
1004 718 1107 758 adspi-

134 770 222 796 rent:
251 775 335 796 unus
367 769 475 795 tamen
506 768 538 794 et
561 763 713 795 Christus
736 762 789 803 qui
814 761 908 802 plane
931 761 973 792 sit
998 761 1037 792 ad
1061 762 1107 793 fa-

133 807 278 839 ciendam
310 807 371 837 Dei
405 806 606 837 voluntatem
641 805 847 845 compositus.
900 803 964 836 Hic
997 809 1105 836 tamen

134 851 221 882 locus
238 859 296 880 nos
312 859 424 879 omnes
443 847 483 879 ad
507 848 653 888 obsequii
676 846 968 887 promptitudinem
993 847 1106 878 stimu-

131 893 197 924 lare
213 891 315 923 debet.
353 891 434 922 Nam
454 890 526 922 ideo
542 890 693 922 Christus
718 891 878 930 perfectae
902 889 1105 921 obedientiae

131 934 295 975 exemplar
317 938 375 970 est,
410 938 446 964 ut
469 933 653 973 quicunque
676 933 745 964 eius
768 937 856 971 sunt,
890 932 1039 964 certatim
1064 932 1104 963 ad

130 978 197 1008 eius
219 977 432 1007 imitationem
455 976 668 1008 contendant:
700 980 737 1007 ut
768 975 863 1007 simul
888 974 1104 1016 respondeant

128 1019 192 1050 Dei
209 1019 380 1057 vocationi,
406 1023 538 1059 totaque
554 1028 665 1050 eorum
686 1019 753 1050 vita
777 1019 860 1050 hanc
882 1028 995 1050 vocem
1019 1028 1104 1050 com-

128 1062 250 1102 probet,
282 1062 386 1093 Ecce
416 1061 566 1094 adsum.
612 1061 735 1093 Eodem
767 1062 909 1102 pertinet
939 1060 1024 1101 quod
1054 1071 1102 1092 se-

128 1105 255 1145 quitur,
298 1106 454 1146 scriptum
490 1114 560 1136 esse
593 1104 627 1136 in
663 1104 744 1136 libro
779 1108 813 1135 ut
848 1104 911 1136 Dei
945 1104 1104 1136 faciamus

129 1147 340 1179 voluntatem.
400 1146 682 1187 Quemadmodum
721 1147 799 1179 alibi
837 1146 972 1186 dicitur,
1015 1146 1103 1178 hunc

129 1190 296 1222 electionis
328 1192 459 1222 nostrae
488 1200 558 1222 esse
584 1191 692 1228 finem,
724 1194 761 1222 ut
783 1190 886 1221 sancti
910 1191 942 1221 et
965 1190 1102 1230 irrepre-

128 1233 303 1265 hensibiles
333 1233 434 1265 simus
464 1233 497 1264 in
529 1234 598 1265 eius
624 1237 798 1274 conspectu
821 1231 958 1274 (Coloss.
979 1232 1007 1269 1,
1037 1232 1102 1274 22).

213 1276 242 1308 9.
269 1275 362 1308 Tollit
378 1276 486 1316 prius.
523 1276 574 1307 En
598 1287 656 1308 cur
678 1282 711 1307 et
734 1285 887 1316 quorsum
911 1276 1028 1307 citetur
1051 1275 1103 1307 hic

129 1319 230 1350 locus:
260 1329 376 1359 nempe
406 1324 442 1350 ut
472 1319 612 1351 sciamus
635 1319 765 1360 plenam
790 1318 990 1358 solidamque
1013 1318 1102 1350 iusti-

128 1362 206 1393 tiam
244 1362 303 1393 sub
341 1372 441 1403 regno
476 1361 601 1394 Christi
639 1362 802 1394 sacrificiis
839 1361 999 1402 legalibus
1037 1371 1101 1392 non

127 1404 283 1446 indigere.
336 1404 418 1436 Nam
462 1404 523 1436 Dei
559 1405 707 1437 voluntas
751 1403 854 1445 quoad
895 1403 1102 1444 perfectionis

127 1447 272 1488 regulam
303 1447 368 1479 illis
397 1447 534 1479 sublatis
564 1448 728 1479 statuitur.
792 1447 948 1487 Sequitur
981 1447 1101 1487 itaque,

128 1498 146 1521 a
169 1489 294 1521 Christi
320 1490 498 1522 sacerdotio
520 1490 734 1522 removendas
757 1500 827 1522 esse
850 1490 1012 1531 pecudum
1036 1490 1100 1522 vic-

128 1533 239 1564 timas:
268 1533 343 1574 quia
371 1543 542 1565 commune
570 1533 651 1564 nihil
681 1543 756 1566 cum
784 1543 821 1565 eo
851 1533 983 1565 habent.
1028 1532 1100 1564 Non

127 1576 225 1616 enim,
248 1581 285 1607 ut
307 1575 457 1613 diximus,
480 1586 575 1608 causa
602 1582 672 1608 erat
695 1587 752 1608 cur
773 1576 930 1608 sacrificia
954 1576 1102 1608 rejiceret

127 1623 259 1659 propter
283 1618 478 1650 accidentale
502 1620 635 1650 vitium:
666 1619 741 1660 quia
769 1629 833 1650 non
856 1619 923 1660 agit
946 1629 1019 1650 cum
1043 1619 1102 1659 hy-

126 1662 270 1703 pocritis,
294 1672 354 1693 nec
370 1662 634 1702 superstitionem
654 1662 863 1702 reprehendit
886 1661 991 1693 cultus
1010 1672 1099 1703 prae·

126 1705 257 1745 posteri,
284 1705 341 1736 sed
365 1703 405 1735 ab
435 1704 564 1736 homine
594 1705 646 1745 pio
669 1706 794 1745 riteque
817 1705 967 1736 instituto
988 1709 1100 1745 postu-

126 1748 187 1778 lari
222 1752 320 1788 negat
360 1747 478 1778 usitata
519 1747 690 1787 sacrificia,
735 1748 938 1788 perfecteque
978 1747 1101 1779 obediri

126 1789 197 1821 Deo
220 1795 359 1821 testatur
381 1789 446 1821 illis
470 1790 662 1830 praeteritis.

214 1833 263 1866 10.
299 1832 340 1863 Iu
361 1842 424 1873 qua
445 1833 606 1865 voluntate.
650 1834 827 1873 Postquam
851 1832 990 1865 Davidis
1014 1834 1102 1864 testi-

127 1877 273 1908 monium
296 1885 412 1907 causae
434 1885 512 1907 suae
536 1876 800 1915 accommodavit,
822 1886 910 1908 nunc
932 1886 990 1917 per
1012 1886 1100 1908 occa-

128 1920 248 1951 sionem
266 1918 364 1951 verba
379 1918 537 1959 quaedam
554 1920 689 1950 inflectit
705 1919 744 1950 ad
761 1929 856 1950 suum
880 1919 1099 1951 commodum:

128 1962 225 2002 idque
263 1961 440 1993 exornandi
485 1962 590 2003 magis
630 1972 726 2003 quam
767 1961 951 2003 explicandi
992 1971 1099 1993 causa.

127 2005 304 2036 Profitetur
337 2003 445 2035 David
486 2015 552 2036 non
586 2008 652 2036 tam
687 2006 718 2036 in
753 2016 812 2037 sua
844 2015 940 2046 quam
976 2004 1099 2037 Christi

126 2057 275 2088 persona,
305 2058 339 2079 se
369 2047 408 2077 ad
432 2047 612 2079 faciendum
637 2047 699 2079 Dei
723 2048 925 2079 voluntatem
949 2053 1098 2088 paratum

127 2100 204 2121 esse.
262 2089 299 2121 Id
341 2088 382 2120 ad
416 2091 523 2121 omnia
558 2090 682 2122 Christi
717 2090 862 2122 membra
896 2090 1097 2122 extenditur:

127 2133 288 2173 generalis
326 2132 412 2164 enim
451 2137 500 2164 est
538 2133 684 2165 doctrina
723 2133 834 2172 Pauli,
872 2143 972 2174 quum
1012 2133 1097 2171 dicit,

126 2176 169 2217 (1.
189 2175 302 2207 Thess.
322 2176 350 2213 4,
375 2175 417 2217 3),
451 2174 543 2206 Haec
566 2176 718 2207 voluntas
741 2182 790 2208 est
813 2176 947 2216 Christi,
978 2176 1098 2209 sancti-

125 2219 233 2251 ficatio
262 2225 380 2257 vestra,
411 2221 447 2249 ut
470 2218 605 2259 quisque
627 2219 667 2250 ab
691 2219 897 2250 immunditia
927 2220 1098 2251 abstineat.

128 2261 192 2293 Sed
217 2262 290 2302 quia
314 2263 347 2293 in
367 2261 500 2293 Christo
525 2261 585 2293 1100
609 2261 735 2293 illustre
758 2272 835 2302 prae
856 2262 926 2293 aliis
949 2262 1097 2294 obedien-

127 2305 189 2336 tiae
213 2305 374 2345 specimen
399 2304 470 2341 fuit,
502 2304 618 2335 offerre
642 2315 675 2335 se
698 2304 737 2335 ad
762 2307 898 2336 mortem
923 2305 1035 2343 crucis,
1067 2310 1098 2336 et

128 2346 187 2379 hac
221 2347 423 2388 potissimum
460 2346 498 2378 de
531 2357 628 2379 causa
659 2347 763 2378 induit
793 2348 879 2379 servi
911 2358 1097 2388 personam:

128 2390 205 2421 dicit
227 2390 399 2430 apostolus,
431 2389 602 2421 Christum
625 2401 659 2421 se
682 2389 855 2429 offerendo,
885 2391 986 2431 patris
1009 2400 1097 2421 man-

128 2432 202 2464 data
232 2433 435 2471 satisfecisse,
467 2437 563 2473 atque
593 2433 638 2463 ita
668 2443 724 2464 nos
751 2433 848 2464 fuisse
871 2433 1096 2465 sanctificatos.

128 2474 237 2514 Quum
261 2475 359 2514 addit,
390 2486 458 2516 per
479 2476 729 2507 oblationem
753 2476 950 2516 corporis,
982 2476 1098 2507 alludit

128 2519 166 2548 ad
184 2517 270 2549 illam
288 2518 410 2550 Psalmi
427 2522 562 2559 partem,
581 2518 708 2559 Corpus
724 2519 841 2559 aptasti
861 2519 956 2549 mihi:
982 2518 1096 2550 saltem

128 2566 164 2591 ut
193 2570 305 2601 graece
336 2561 483 2592 habetur.
529 2561 581 2593 Ita
610 2562 771 2603 significat
799 2561 966 2593 Christum
997 2562 1032 2592 in
1063 2573 1096 2593 se

128 2604 196 2643 ipso
220 2603 378 2644 reperisse
401 2603 483 2644 quod
508 2603 612 2636 Deum
638 2605 788 2645 placaret,
816 2609 854 2635 ut
876 2605 1019 2636 externis
1043 2605 1095 2636 ad-

128 2646 288 2677 miniculis
318 2647 450 2678 minime
480 2656 559 2686 opus
586 2647 745 2678 habuerit.
791 2647 872 2678 Nam
897 2648 923 2678 si
949 2647 1096 2679 leviticus
1122 2669 1124 2676 .

1163 424 1237 462 quid
1263 423 1352 455 Deus
1381 424 1525 463 requirit.

1250 508 1297 539 11.
1323 507 1365 539 Et
1386 509 1486 540 omnis
1512 510 1635 548 quidem
1655 510 1798 542 sacerdos
1820 511 1953 549 quotidie
1976 513 2018 544 ad
2039 514 2133 545 mini-

1160 550 1322 581 strandum
1353 551 1464 591 adstat,
1497 554 1524 583 et
1546 552 1667 584 easdem
1690 553 1820 591 saepius
1842 554 2027 592 offerendum
2049 557 2134 588 victi-

1160 601 1237 631 mas,
1263 602 1341 631 quae
1363 604 1523 633 nunquam
1540 598 1673 633 possunt
1690 594 1793 626 tollere
1810 599 1946 635 peccata.
1986 599 2034 629 12.
2059 599 2134 639 Ipse

1161 636 1262 681 autem
1285 645 1349 666 uua
1367 646 1427 675 pro
1444 638 1580 675 peccatis
1606 637 1707 670 oblata
1729 637 1863 677 victima,
1881 642 2028 679 perpetuo
2052 642 2133 673 sedet

1160 686 1194 707 in
1222 677 1346 708 dextera
1376 678 1448 718 Dei,
1500 679 1548 711 13.
1579 681 1662 719 quod
1689 679 1843 719 reliquum
1872 684 1915 713 est
1945 686 2132 723 aspectans,

1160 718 1256 749 donec
1272 722 1432 758 ponantur
1460 722 1581 753 inimici
1602 723 1654 754 sui
1675 722 1839 755 scabellum
1856 724 1973 764 pedum
1995 735 2131 758 suorum.

1162 761 1215 809 14..
1242 760 1312 793 Una
1334 762 1415 809 euim
1437 763 1585 796 oblatione
1614 766 1801 798 consecravit
1826 766 1858 798 in
1876 770 2061 807 perpetuum
2084 780 2132 800 eos

1160 813 1228 851 qui⁸
1247 803 1490 843 sanctificantur.
1549 807 1595 838 15.
1633 808 1855 840 Testimonium
1896 812 1997 842 autem
2033 811 2133 844 reddit

1158 846 1245 878 nobis
1274 847 1367 878 etiam
1395 848 1528 886 spiritus
1556 853 1690 882 sauctus.
1738 851 1823 883 Nam
1847 855 2013 893 postquam
2037 864 2131 894 prae-

1158 889 1291 928 dioeerat,
1338 889 1388 920 16.
1411 889 1465 921 hoc
1493 894 1536 922 est
1566 894 1775 925 testamentum
1803 895 1883 935 quod
1905 898 2040 928 statuam
2062 907 2130 929 cum

1157 932 1247 972 ipsis,
1274 935 1346 971 post
1372 932 1439 963 dies
1460 933 1539 970 illos,
1570 934 1645 966 dicit
1667 935 1831 978 Dominus,
1862 940 1896 969 ut
1913 949 2030 978 ponam
2051 939 2130 981 leges

1157 984 1242 1006 meas
1257 975 1291 1006 iu
1306 975 1399 1007 corda
1413 975 1550 1014 illorum,
1573 978 1599 1007 et
1614 977 1648 1008 iu
1666 979 1814 1010 mentibus
1835 990 1940 1012 eorum
1963 982 2130 1014 inscribam

1157 1017 1242 1056 illas,
1298 1018 1346 1049 17.
1378 1020 1405 1049 et
1428 1021 1622 1057 peccatorum
1653 1022 1680 1051 et
1708 1020 1909 1060 iniquitatum
1938 1034 2042 1056 eorum
2072 1036 2131 1057 non

1157 1060 1339 1092 recordabor
1366 1061 1514 1100 amplius.
1562 1062 1611 1093 18.
1638 1061 1736 1094 Porro
1763 1064 1816 1095 ubi
1836 1065 1871 1104 fu
1894 1066 2003 1098 horum
2025 1069 2133 1100 remis-

1156 1103 1213 1144 sio,
1236 1113 1296 1134 uou
1319 1106 1362 1135 est
1384 1103 1524 1143 amplius
1546 1104 1656 1136 oblatio
1675 1115 1735 1145 pro
1751 1110 1883 1145 peccato.

1244 1189 1292 1220 11.
1321 1189 1431 1221 Omnis
1461 1189 1584 1229 quidem
1606 1191 1760 1223 sacerdos.
1805 1192 1869 1224 Hic
1893 1199 1942 1225 est
1964 1196 2128 1228 conclusio

1157 1232 1254 1263 totius
1285 1232 1526 1272 disputationis,
1556 1232 1798 1266 dissentaneum
1830 1246 1900 1267 esse
1928 1241 1960 1268 et
1987 1238 2127 1270 alienum

1157 1284 1287 1315 prorsus
1311 1285 1330 1305 a
1359 1274 1482 1307 Christi
1513 1276 1691 1308 sacerdotio
1723 1277 1944 1318 quotidianum
1974 1280 2128 1313 offerendi

1156 1327 1290 1348 morem.
1351 1317 1492 1358 Ideoque
1533 1323 1604 1359 post
1644 1320 1712 1351 eius
1752 1320 1928 1353 adventum
1968 1323 2129 1356 abdicatos

1157 1360 1260 1391 officio
1283 1370 1353 1392 esse
1377 1360 1523 1393 leviticos
1546 1362 1739 1402 sacerdotes,
1766 1374 1900 1403 quorum
1926 1365 2007 1397 ratio
2030 1372 2060 1398 et
2084 1368 2129 1398 in-

1156 1403 1306 1434 stitutum
1330 1407 1378 1435 est
1401 1404 1540 1444 quotidie
1563 1404 1690 1436 offerre.
1736 1405 1826 1439 Haec
1856 1408 1942 1439 enim
1966 1413 2014 1440 est
2038 1420 2128 1449 repu-

1155 1446 1325 1486 gnantium
1357 1451 1484 1488 natura,
1514 1452 1549 1479 ut
1578 1457 1642 1479 uno
1666 1449 1780 1489 posito,
1810 1449 1948 1482 alterum
1972 1453 2127 1484 concidat.

1156 1488 1324 1521 Hactenus
1365 1489 1442 1521 satis
1483 1500 1646 1530 superque
1686 1490 1845 1525 laboravit
1883 1493 1916 1524 in
1955 1496 2126 1527 asserendo

1156 1531 1280 1564 Christi
1303 1532 1496 1564 sacerdotio:
1531 1538 1630 1565 restat
1653 1533 1751 1574 igitur
1775 1540 1810 1566 ut
1833 1541 1935 1568 cesset
1958 1537 2126 1578 antiquum

1155 1574 1234 1605 illud
1269 1575 1351 1614 quod
1386 1585 1459 1607 cum
1495 1586 1530 1607 eo
1564 1586 1628 1608 11011
1660 1578 1820 1618 congruit.
1872 1579 2008 1611 Plenam
2040 1582 2126 1612 euim

1155 1619 1431 1649 consecrationem
1448 1618 1571 1650 habent
1587 1620 1689 1650 sancti
1706 1630 1819 1653 omnes
1835 1622 1869 1653 in
1891 1623 1985 1655 unica
2003 1623 2126 1655 Christi

1154 1660 1325 1692 oblatione.
1371 1660 1575 1701 Quamquam
1601 1662 1734 1694 verbum
1756 1664 1949 1703 τετελείωκε,
1981 1676 2037 1706 pro
2066 1677 2127 1707 quo

1154 1703 1298 1742 reddidi,
1341 1705 1621 1736 consecravit:
1664 1711 1772 1746 posset
1807 1709 1941 1748 exponi,
1985 1709 2125 1749 perfecit.

1155 1746 1237 1777 Mihi
1272 1746 1373 1778 altera
1407 1747 1602 1787 significatio
1637 1749 1739 1790 magis
1771 1750 1900 1789 placuit,
1936 1753 2010 1791 quia
2040 1762 2126 1783 nunc

1154 1789 1193 1820 de
1216 1789 1316 1820 sacris
1346 1790 1462 1829 agitur.
1508 1789 1619 1829 Quum
1650 1791 1735 1830 dicit,
1769 1793 1845 1824 Eos
1877 1795 1943 1834 qui
1974 1795 2124 1826 sancti·

1154 1832 1349 1871 ficantur,
1384 1833 1629 1873 comprehendit
1663 1834 1723 1867 hoc
1758 1837 1887 1868 nomine
1921 1847 2033 1869 omnes
2063 1838 2124 1869 Dei

1153 1875 1252 1907 filios:
1275 1878 1308 1906 et
1324 1875 1477 1906 admonet
1493 1875 1614 1908 frustra
1628 1876 1759 1909 aliunde
1776 1879 1839 1919 peti
1863 1880 2125 1912 sanctificationis

1153 1918 1302 1959 gratiam.
1348 1916 1414 1949 Sed
1444 1928 1485 1950 ne
1515 1918 1653 1951 otiosum
1682 1921 1822 1953 nuncin
1845 1922 1932 1954 coelo
1955 1922 2124 1954 Christum

1153 1961 1257 1992 iacere
1291 1960 1351 1992 sibi
1385 1961 1510 2002 fingant
1543 1961 1709 2001 homines,
1744 1964 1863 1996 iterum
1898 1965 2016 2006 repetit
2050 1976 2123 1997 eum

1153 2004 1301 2036 sedere
1336 2003 1380 2034 ad
1415 2004 1551 2044 patris
1585 2004 1805 2039 dexteram.
1859 2007 1933 2047 Qua
1962 2007 2124 2040 locutione

1152 2047 1200 2088 (ut
1218 2046 1293 2078 alibi
1311 2046 1414 2078 visum
1431 2046 1493 2088 est)
1509 2047 1697 2089 designatur
1720 2049 1893 2090 imperium
1918 2056 1951 2082 et
1974 2057 2123 2092 potestas.

1153 2090 1262 2129 Quare
1294 2089 1472 2121 timendum
1504 2099 1570 2121 non
1599 2096 1648 2122 est
1677 2102 1718 2123 ne
1745 2093 1811 2124 vim
1836 2095 1948 2125 mortis
1971 2104 2048 2126 suae
2070 2106 2124 2126 ex-

1152 2133 1272 2172 stingui
1297 2132 1437 2172 patiatur
1460 2132 1513 2164 vel
1536 2133 1695 2174 sepultam
1720 2135 1824 2167 iacere
1847 2136 1941 2174 sinat,
1973 2137 2029 2177 qui
2052 2137 2123 2168 ideo

1153 2176 1233 2207 vivit
1249 2180 1283 2206 ut
1300 2176 1419 2206 virtute
1435 2185 1493 2207 sua
1509 2176 1642 2217 impleat
1657 2178 1781 2209 coelum
1794 2183 1826 2210 et
1840 2184 1970 2210 terram.
1993 2179 2121 2211 Deinde

1152 2219 1304 2250 admouet
1338 2228 1378 2249 ex
1414 2218 1521 2250 verbis
1557 2219 1688 2260 psalmi,
1724 2231 1890 2262 quousque
1924 2222 2039 2253 durare
2070 2222 2121 2253 hic

1151 2266 1256 2293 status
1290 2260 1419 2292 debeat:
1455 2271 1571 2302 nempe
1600 2262 1700 2295 donec
1728 2264 1875 2296 inimicos
1905 2275 2016 2296 omnes
2046 2275 2121 2296 suos

1151 2304 1303 2336 Christus
1334 2304 1556 2344 prostraverit.
1602 2305 1692 2346 Ergo
1722 2306 1749 2337 si
1773 2307 1852 2339 fides
1875 2311 1987 2338 nostra
2009 2306 2122 2339 Chris-

1151 2351 1219 2378 tum
1253 2347 1287 2377 in
1318 2347 1450 2378 dextera
1481 2347 1542 2378 Dei
1572 2347 1739 2380 sedentem
1771 2354 1918 2389 quaerat,
1952 2354 1984 2380 et
2014 2351 2122 2390 quieta

1150 2390 1317 2422 recumbat
1357 2391 1390 2420 in
1431 2389 1515 2421 hanc
1555 2391 1747 2423 sessionem:
1789 2392 1919 2423 tandem
1961 2393 2122 2433 potiemur

1150 2434 1256 2464 fructu
1294 2433 1389 2463 huius
1428 2432 1596 2465 victoriae:
1635 2444 1701 2465 una
1738 2435 1868 2474 inquam
1907 2445 1978 2467 cum
2016 2436 2121 2476 capite

1149 2481 1267 2514 nostro,
1291 2475 1469 2516 profligatis
1485 2474 1641 2516 hostibus,
1660 2476 1790 2515 Satana,
1815 2482 1943 2517 peccato
1960 2482 1992 2509 et
2007 2483 2120 2516 morte,

1149 2521 1182 2550 et
1220 2523 1286 2549 toto
1324 2518 1459 2554 mundo,
1499 2520 1605 2550 carnis
1644 2521 1749 2550 cornis
1788 2521 1992 2561 corruptione
2031 2522 2119 2552 exuti

1149 2562 1430 2601 triumphabimus.

1237 2604 1284 2636 15.
1311 2604 1532 2635 Testimonium
1555 2605 1656 2635 reddit
1678 2605 1818 2644 spiritus.
1859 2605 1953 2645 Quod
1978 2608 2119 2639 secundo

1150 2647 1277 2679 adducit
1295 2647 1514 2678 testimonium
1532 2646 1698 2684 Ieremiae,
1717 2658 1781 2679 non
1798 2649 1854 2680 abs
1871 2659 1915 2689 re,
1933 2660 1991 2681 nec
2007 2660 2119 2689 super-
