2513 3126
331 203 390 234 211

334 300 522 341 periculum.
569 298 638 330 Nisi
662 297 747 328 enim
778 297 811 328 in
835 306 932 328 manu
956 296 1020 328 Dei
1043 303 1136 334 esset,
1167 298 1302 330 infinitis

334 343 484 383 perieulis
518 347 600 372 esset
637 339 792 371 obnoxia:
830 340 856 370 si
890 343 975 370 esset
1009 340 1042 370 in
1078 340 1137 371 hoc
1172 340 1301 378 mundo,

335 384 493 425 quomodo
517 383 620 413 securi
643 393 713 414 esse
737 393 902 422 possemus
925 383 1010 413 inter
1034 389 1098 413 tam
1124 384 1231 414 varias
1254 384 1303 414 in·
1328 382 1331 399 ¹

335 428 550 459 olinutiones'?
587 426 673 466 Ergo
697 431 731 456 ut
756 436 813 456 nos
836 425 923 456 omni
943 426 1156 465 trepidatione
1180 425 1302 463 liberet,

334 470 471 501 salutem
511 475 654 500 nostrum
694 475 785 499 extra
819 467 961 499 Satanae
998 468 1132 500 iniurias
1166 469 1198 499 in
1234 475 1302 500 tuto

335 512 472 552 positam
504 522 575 542 esse
605 512 755 542 affirmat.
808 510 872 542 Sed
904 510 978 550 quia
1005 510 1122 542 salutis
1145 511 1302 542 certitudo

333 564 448 594 parum
480 554 572 585 nobis
603 555 734 585 atl'errct
756 553 993 593 consolationis,
1026 554 1088 584 nisi
1112 564 1181 585 eam
1207 565 1301 585 unus-

332 597 469 637 quisque
492 602 638 628 nostrum
657 597 695 627 ud
712 606 746 627 se
764 598 923 635 pertinere
939 597 1045 634 sciret,
1070 596 1158 627 addit
1175 596 1300 633 Petrus,

333 650 430 680 erga
468 649 549 671 vos.
604 639 679 670 Huc
716 639 802 669 enim
841 638 964 679 placide
1001 639 1195 670 recumbunt
1227 650 1302 670 con-

333 682 498 721 scientiae,
522 692 618 722 quum
637 682 797 713 Dominus
821 692 837 712 e
860 682 948 712 coelo
971 681 1098 717 clamat,
1119 682 1169 713 En
1195 689 1301 713 vestra

334 725 421 757 salus
444 725 475 756 in
500 735 598 756 manu
623 735 693 756 mea
721 729 780 762 est,
813 724 964 764 vobisque
987 730 1145 756 sei-vatur.
1189 726 1302 756 Caete-

333 779 405 799 rum
441 768 514 807 quia
548 779 610 798 non
644 767 788 798 omnium
828 768 1006 807 promiscue
1039 773 1087 798 est
1123 767 1225 806 salus,
1263 767 1301 798 ad

334 811 432 842 fidem
458 821 515 842 nos
539 814 684 841 revocat:
711 816 746 841 ut
769 811 953 850 quicunque
977 811 1038 841 fide
1057 811 1192 850 praediti
1217 817 1302 848 sunt,

334 864 353 884 a
377 854 508 893 reliquis
531 864 565 884 se
589 853 788 884 discernant:
819 863 878 884 nec
907 853 1053 884 dubitent
1075 854 1151 893 quin
1177 854 1242 884 veri
1267 863 1303 884 ac

335 896 471 937 legitimi
494 896 559 927 sint
583 897 675 936 regni
700 895 763 926 Dei
789 895 952 927 haeredes.
999 895 1081 926 Nam
1108 899 1144 926 ut
1167 896 1246 926 fides
1270 896 1302 926 in

335 939 438 970 coelos
471 949 573 978 usque
606 945 768 979 penetrat:
804 939 849 970 ita
877 945 909 970 et
939 948 1020 979 quae
1047 939 1080 969 in
1111 938 1197 969 coelo
1228 943 1304 969 sunt

334 981 425 1018 bona,
449 982 541 1012 nobis
564 981 713 1022 applicat.

420 1024 448 1056 5.
470 1024 530 1063 Qui
542 1025 654 1056 virtute
664 1023 726 1056 Dei
733 1024 938 1055 czaetodimini.
957 1023 1106 1055 Notanda
1119 1027 1166 1054 est
1180 1022 1302 1059 relatio,

334 1077 434 1107 quum
466 1068 552 1106 dicit,
584 1079 642 1099 nos
673 1069 705 1098 in
738 1067 859 1098 mundo
881 1067 1043 1103 custodiri,
1072 1066 1167 1096 sicuti
1192 1065 1301 1096 haere-

335 1111 418 1141 ditas
448 1116 559 1141 nostra
589 1111 621 1141 in
651 1109 738 1142 coelo
768 1116 934 1141 servatur:
965 1109 1081 1148 alioqui
1109 1109 1218 1139 statim
1249 1108 1302 1139 ob-

335 1159 463 1193 reperet
497 1152 575 1184 haec
604 1153 771 1193 cogitatio,
806 1152 892 1191 Quid
923 1152 1013 1182 iuvat
1044 1151 1181 1181 salutem
1213 1151 1304 1183 nobis

334 1207 405 1227 esse
436 1195 470 1226 in
501 1195 588 1227 coelo
619 1196 803 1236 repositam,
835 1205 930 1235 quum
957 1204 1014 1224 nos
1038 1194 1070 1224 in
1094 1193 1212 1224 mundo
1235 1201 1305 1226 tan-

335 1249 432 1279 quam
467 1238 500 1269 in
535 1238 721 1270 turbulento
755 1238 836 1268 mari
866 1236 1046 1268 iactemur?
1098 1236 1185 1275 Quid
1216 1239 1304 1269 iuvat

335 1281 474 1313 salutem
506 1288 647 1312 nostram
679 1281 779 1312 statui
808 1282 841 1311 in
871 1279 1047 1319 tranquillo
1070 1286 1175 1319 portu,
1205 1291 1303 1321 quum

337 1324 422 1355 inter
446 1323 535 1354 mille
558 1324 727 1364 nauli-agia
750 1324 968 1354 fluctuemur?
1008 1322 1185 1352 Praevenit
1204 1325 1305 1365 igitur

336 1367 501 1407 apostolus
539 1367 697 1397 eiusmodi
735 1366 942 1403 abiectiones,
982 1375 1081 1404 quum
1120 1365 1211 1398 docet,
1248 1377 1305 1398 nos

336 1411 433 1441 etiam
465 1410 498 1440 in
522 1409 642 1440 mundo
665 1409 751 1440 inter
774 1408 879 1439 media
901 1407 1089 1439 discrimina
1111 1408 1174 1438 fide
1197 1416 1304 1441 tamen

335 1452 508 1484 custodiri:
532 1458 628 1491 atque
652 1452 697 1483 ita
718 1452 813 1482 morti
835 1462 905 1482 esse
928 1451 1125 1491 propinquos
1144 1458 1180 1484 ut
1196 1459 1304 1484 tamen

336 1495 396 1526 sub
430 1495 504 1526 fidei
533 1494 678 1526 custodia
709 1495 770 1525 tuti
799 1494 909 1526 simus.
962 1495 1135 1526 Caeterum
1166 1496 1241 1536 quia
1270 1496 1304 1526 in

336 1538 396 1569 hac
436 1537 542 1569 carnis
581 1537 771 1568 infirmitate
807 1548 902 1578 saepe
939 1537 1071 1569 labascit
1108 1537 1179 1579 ipsa
1215 1539 1303 1575 fides,

336 1590 504 1621 possemus
534 1590 661 1619 semper
691 1590 761 1611 esse
792 1581 831 1612 de
861 1582 1001 1612 crastino
1031 1580 1137 1611 anxii:
1169 1582 1230 1613 nisi
1254 1582 1305 1612 hic

335 1623 430 1655 nobis
453 1633 576 1663 quoque
596 1623 756 1655 Dominus
778 1630 990 1655 succurreret.
1027 1624 1076 1656 Ac
1100 1624 1246 1656 videmus
1269 1631 1304 1655 ut

335 1667 370 1697 iu
393 1672 512 1707 papatu
536 1666 710 1696 obtinuerit
733 1666 889 1698 diabolica
912 1667 1031 1707 opinio,
1055 1667 1105 1698 De
1128 1667 1216 1698 finali
1232 1678 1304 1708 per-

336 1710 519 1740 severantia
547 1708 763 1740 dubitandum
786 1720 865 1746 esse,
893 1710 966 1749 quia
989 1710 1105 1742 incerti
1128 1721 1239 1741 sumus
1263 1721 1303 1741 an

334 1751 452 1784 staturi
480 1752 651 1782 crassimus
682 1752 716 1782 in
747 1752 858 1783 eadem
889 1752 1003 1792 gratia.
1048 1754 1149 1793 Atqui
1173 1753 1305 1784 nonita

335 1805 396 1826 nos
425 1794 542 1826 Petrus
572 1805 744 1834 suspensos
773 1795 944 1835 relinquit:
973 1806 1049 1826 nam
1081 1796 1153 1827 ideo
1184 1797 1305 1827 virtute

334 1837 399 1868 Dei
422 1843 508 1868 stare
532 1848 590 1868 nos
613 1838 763 1877 affirmat,
795 1849 835 1869 ne
853 1848 914 1878 qua
937 1849 977 1869 ex
1000 1840 1147 1879 propriae
1169 1839 1304 1870 infirmi-

335 1881 411 1911 tatis
444 1880 641 1912 conscientia
676 1879 846 1912 haesitatio
878 1891 936 1912 nos
970 1882 1129 1914 sollicitet.
1182 1881 1304 1920 Quam-

335 1922 414 1954 libet
442 1923 544 1963 igitur
574 1923 694 1953 infirmi
719 1923 830 1960 simus,
863 1923 949 1955 salus
973 1927 1083 1955 tamen
1108 1928 1217 1956 nostra
1241 1935 1302 1955 non

336 1973 384 1996 est
407 1965 577 2001 instabilis,
601 1966 677 2005 quia
694 1964 757 1996 Dei
776 1966 896 1997 virtute
920 1967 1058 1998 fulcitur.
1099 1967 1187 2008 Ergo
1210 1967 1303 1998 sicuti

337 2008 399 2038 fide
424 2008 631 2048 protegimur,
662 2009 708 2039 ita
731 2008 812 2040 fides
834 2009 903 2049 ipsa
926 2019 1016 2040 suam
1039 2010 1071 2040 in
1095 2009 1158 2041 Dei
1182 2011 1305 2041 virtute

337 2050 549 2082 stabilitatem
580 2050 686 2082 habet.
738 2051 834 2082 Unde
864 2062 928 2082 non
956 2052 989 2083 in
1019 2063 1170 2092 praesens
1201 2053 1304 2090 modo,

338 2093 393 2124 sed
417 2093 511 2123 etiam
535 2094 567 2123 in
593 2094 738 2124 futurum
762 2094 927 2126 securitas.

424 2135 467 2166 In
498 2134 640 2166 salutem.
682 2135 769 2174 Quia
802 2143 919 2168 natura
948 2138 1154 2178 impatientes
1183 2147 1304 2175 sumus,

337 2188 448 2209 morae
471 2184 503 2208 et
526 2179 635 2209 statim
660 2179 765 2209 taedio
789 2180 1043 2211 succumbimus:
1077 2181 1148 2211 ideo
1166 2180 1303 2212 salutem

337 2221 490 2252 admonet
521 2231 584 2251 non
612 2221 734 2252 differri
758 2222 841 2262 quod
866 2223 1007 2254 nondum
1033 2231 1145 2264 parata
1167 2223 1219 2263 sit,
1249 2223 1305 2254 sed

337 2264 413 2303 quia
436 2263 581 2294 nondum
605 2264 774 2295 advenerit
796 2265 915 2296 iustum
940 2266 1146 2297 revelationis
1169 2272 1304 2306 tempus.

335 2306 429 2338 Haeo
459 2305 603 2337 doctrina
633 2306 673 2337 ad
700 2317 789 2346 spem
814 2315 956 2339 nostram
981 2309 1128 2340 alendam
1152 2319 1188 2340 ac
1211 2309 1306 2339 susti-

338 2348 477 2380 nendam
501 2349 653 2389 pertinet.
691 2349 794 2381 Porro
816 2351 1009 2382 ultimum
1034 2358 1197 2391 tempus
1221 2351 1305 2382 diem

337 2391 448 2422 iudicii
478 2398 584 2431 vocat,
618 2392 692 2432 quia
724 2403 788 2423 non
822 2399 896 2424 ante
929 2395 1088 2434 speranda
1121 2395 1163 2425 sit
1196 2404 1306 2425 rerum

338 2435 483 2465 omnium
505 2435 712 2467 instauratio,
749 2435 895 2466 Medium
920 2438 1005 2467 enim
1031 2444 1157 2477 tempus
1180 2442 1229 2468 est
1252 2436 1306 2467 ad-

338 2477 402 2508 huc
427 2477 462 2508 in
485 2488 670 2518 progressu.
716 2477 811 2517 Quod
836 2479 911 2509 alibi
935 2485 1038 2510 totum
1062 2490 1081 2510 a
1103 2479 1228 2511 Christi
1251 2478 1306 2509 ad-

339 2526 440 2551 ventu
471 2524 600 2560 tempus
632 2521 783 2552 ultimum
816 2520 942 2561 dicitur,
977 2522 1008 2553 id
1040 2523 1077 2553 fit
1106 2523 1306 2562 superiorum

338 2568 482 2593 aetatum
510 2565 767 2604 comparatione:
795 2563 915 2596 Petrus
938 2571 1046 2596 autem
1070 2570 1173 2597 totum
1196 2565 1306 2596 mundi

336 2605 535 2636 curriculum
558 2606 716 2647 adspexit.

1164 201 1304 233 EPIST.
1329 201 1463 233 PETRI
1490 202 1503 232 l

2259 205 2321 237 212

1441 300 1470 329 6.
1495 298 1535 329 In
1559 309 1618 338 quo
1639 300 1803 332 exsultatis
1822 300 1986 340 paulisper
2008 312 2100 341 mmo,
2121 303 2151 333 si
2173 312 2251 342 opus
2268 307 2321 342 est,

1354 341 1524 373 contristati
1548 341 1581 371 in
1603 342 1705 373 variis
1726 343 1958 375 tentationibus:
1981 344 2010 375 7.
2033 347 2066 375 ut
2085 345 2228 384 probatio
2247 346 2322 384 fidei

1354 387 1471 416 vestrae
1503 383 1599 415 multo
1624 385 1793 424 pretiosior
1822 396 1900 417 auro
1929 387 2010 425 quod
2034 388 2135 426 perit.
2166 391 2192 419 et
2221 391 2323 420 tamen

1351 438 1409 466 per
1434 428 1531 466 iynem
1550 426 1712 465 probatur,
1736 429 1911 467 reperiatur
1931 429 1966 459 ‘in
1988 429 2109 461 laudem
2131 432 2158 461 et
2179 430 2322 463 honorem

1354 472 1380 500 et
1401 469 1543 509 ylariani,
1566 479 1661 508 quum
1682 471 1868 502 revelabitur
1885 471 1977 502 Iesus
1993 471 2145 503 Christus.
2179 473 2207 505 8.
2228 475 2323 513 Quem

1354 522 1449 551 quum
1472 522 1531 542 von
1555 512 1708 552 videritis,
1730 514 1880 554 cliliyi'tis:
1903 515 1935 545 in
1958 525 2045 554 quem
2063 525 2145 547 nunc
2159 517 2322 554 credentes,

1354 565 1447 593 quum
1469 564 1537 584 eum
1560 565 1621 586 non
1643 555 1813 595 adspicias,
1837 557 2001 588 exsultatis
2021 558 2138 598 yazcdio
2159 559 2321 590 inenarra-

1354 597 1408 627 bili
1435 599 1461 627 et
1488 596 1671 637 ylorificato:
1700 598 1731 629 9.
1755 599 1958 639 Reportantes
1986 600 2080 639 finem
2099 601 2174 640 fidei
2195 604 2322 642 vestrae,

1353 640 1482 671 salutem
1505 640 1693 672 animarum.

1441 725 1469 756 6.
1509 725 1551 757 In
1587 736 1647 766 quo
1685 726 1857 758 eoesultatis.
1913 728 2055 758 Tametsi
2091 728 2242 769 ambigua
2273 734 2323 761 est

1356 769 1461 808 graeci
1491 768 1579 799 verbi
1612 771 1805 808 terminatio,
1835 781 1948 802 sensus
1980 778 2087 801 tamen
2120 772 2260 811 postulat
2289 778 2323 804 ut

1358 812 1501 851 legamus
1521 811 1690 842 exsultatis
1711 812 1816 851 potius
1834 823 1928 852 quam
1946 814 2117 845 exsultate.
2157 814 2323 847 Articulus

1358 855 1393 884 in
1425 864 1517 893 quo,
1548 854 1646 885 refert
1678 863 1780 885 totum
1805 855 1882 886 illud
1907 856 2107 896 complexum
2132 856 2170 888 de
2193 868 2249 897 spe
2271 868 2322 889 sa—

1357 897 1432 927 lutis
1466 897 1499 926 in
1534 897 1620 927 coelo
1655 898 1820 936 repositae.
1874 898 2046 929 Caeterum
2078 909 2141 930 non
2173 903 2239 930 tam
2269 910 2324 932 eos

1358 940 1480 976 laudat,
1513 950 1607 979 quam
1639 939 1796 971 hortatur.
1850 941 2030 972 Consilium
2062 943 2146 972 enim
2177 943 2245 974 eius
2274 945 2324 974 est

1358 983 1469 1012 docere
1500 983 1646 1022 quisnam
1678 994 1718 1014 ex
1749 994 1806 1022 spe
1835 984 1949 1014 salutis
1978 985 2098 1015 fructus
2129 986 2220 1016 nobis
2251 996 2323 1025 pro-

1360 1027 1481 1056 veniat:
1510 1036 1623 1065 nempe
1645 1026 1811 1065 spirituale
1834 1027 1998 1065 gaudium,
2022 1037 2085 1066 quo
2109 1038 2170 1057 non
2195 1033 2324 1059 tantum

1357 1069 1524 1107 mitigatur
1558 1068 1717 1099 malorum
1752 1070 1896 1100 omnium
1928 1069 2099 1106 acerbitas,
2133 1070 2187 1101 sed
2218 1072 2324 1102 omnis

1357 1113 1452 1141 eiiam
1477 1111 1609 1142 tristitia
1634 1111 1780 1143 vincitur.
1821 1112 2026 1151 Quamquam
2051 1112 2236 1143 exsultandi
2256 1124 2324 1144 ver-

1357 1153 1431 1183 bum
1465 1153 1536 1193 plns
1567 1154 1728 1193 exprimit,
1760 1164 1854 1194 qnam
1880 1156 2029 1194 gaudere.
2075 1155 2139 1186 Sed
2165 1155 2223 1187 hoc
2246 1165 2325 1187 non-

1359 1196 1477 1227 nullam
1496 1196 1591 1227 habet
1611 1198 1844 1236 repugnantiae
1862 1198 2011 1236 speciem,
2037 1197 2109 1228 duni
2132 1197 2251 1238 fideles,
2270 1199 2324 1238 qui

1358 1239 1474 1279 gaudio
1508 1238 1690 1275 exsultant,
1725 1240 1820 1270 simul
1853 1241 1962 1270 tristes
1997 1251 2066 1271 esse
2101 1240 2186 1272 dicit.
2239 1241 2325 1273 Sunt

1358 1282 1442 1312 enim
1468 1283 1623 1313 contrarii
1647 1282 1790 1314 affectus.
1829 1282 1951 1313 Verum
1970 1282 2085 1313 melius
2101 1284 2324 1322 experimento

1359 1332 1477 1355 norunt
1507 1325 1628 1364 fideles,
1658 1325 1730 1356 illos
1760 1326 1855 1356 simul
1884 1325 2068 1361 consistere,
2096 1335 2191 1365 quam
2218 1327 2324 1358 verbis

1358 1368 1495 1407 exprimi
1520 1375 1623 1407 queat.
1661 1367 1704 1398 Et
1726 1375 1832 1398 tamen
1858 1374 1893 1399 ut
1910 1369 2020 1407 paucis
2036 1369 2228 1408 expediatur
2245 1370 2324 1400 haec

1358 1411 1510 1450 quaestio,
1541 1411 1586 1441 sic
1615 1411 1797 1441 habendum
1828 1417 1886 1450 est,
1915 1411 2025 1441 fideles
2052 1421 2116 1441 non
2140 1421 2210 1442 esse
2233 1418 2322 1443 trun-

1358 1464 1420 1490 cos,
1454 1464 1512 1484 nec
1543 1453 1719 1484 humanum
1743 1464 1872 1485 sensum
1897 1453 1940 1484 ita
1964 1454 2090 1484 exuisse
2114 1454 2191 1493 quin
2215 1454 2324 1486 dolore

1359 1503 1544 1536 tangantur,
1567 1497 1643 1535 quin
1668 1496 1810 1537 pericula
1834 1503 1989 1536 metuant,
2021 1497 2099 1536 quin
2124 1496 2258 1528 molesta
2281 1498 2324 1528 sit

1359 1546 1540 1578 paupertas,
1571 1539 1650 1578 quin
1682 1538 1830 1570 difficiles
1861 1550 1897 1570 ac
1927 1540 2025 1569 durae
2048 1540 2323 1578 persequutiones.

1358 1582 1535 1612 Tristitiam
1570 1592 1646 1621 ergo
1680 1592 1721 1612 ex
1755 1581 1849 1613 malis
1882 1582 2045 1613 sentiunt:
2079 1581 2134 1612 sed
2169 1592 2248 1621 quae
2277 1583 2324 1614 ita.

1357 1624 1476 1655 lenitur
1499 1624 1574 1665 fide,
1598 1631 1634 1655 ut
1653 1625 1793 1665 gaudere
1810 1630 1979 1664 propterea
1996 1635 2058 1654 non
2076 1624 2234 1656 desinant.
2272 1625 2324 1657 Ita

1357 1678 1418 1698 non
1447 1668 1581 1707 impedit
1612 1668 1742 1698 tristitia
1770 1669 1911 1708 ipsorum
1941 1667 2104 1707 gaudium,
2135 1667 2189 1698 sed
2217 1669 2323 1707 potius

1357 1710 1460 1741 locum
1484 1710 1532 1741 illi
1556 1709 1649 1741 cedit.
1688 1711 1816 1741 Rursus
1838 1710 1994 1751 gaudium
2014 1710 2141 1740 tametsi
2158 1710 2322 1741 tristitiam

1357 1758 1496 1794 superat,
1527 1763 1596 1784 eam
1622 1759 1729 1783 tamen
1755 1764 1817 1784 non
1842 1753 1961 1784 abolet:
1992 1753 2067 1792 quia
2090 1763 2148 1783 nos
2172 1753 2322 1784 humani-

1357 1803 1420 1827 tate
1453 1806 1517 1827 non
1546 1796 1670 1835 spoliat.
1715 1796 1821 1836 Atque
1851 1795 1927 1827 hinc
1956 1802 2044 1835 patet
2074 1805 2156 1835 quae
2179 1797 2222 1826 sit
2246 1807 2323 1828 vera

1355 1839 1520 1879 patientia.
1565 1839 1699 1869 Initium
1730 1839 1799 1870 eius
1828 1846 1859 1869 et
1889 1838 1981 1878 quasi
2011 1838 2102 1868 radix
2132 1844 2180 1869 est
2205 1839 2322 1869 benefi-

1355 1884 1477 1912 ciorum
1502 1881 1560 1912 Dei
1584 1882 1716 1921 agnitio,
1739 1882 1928 1922 praesertim
1953 1881 2029 1912 dum
2053 1883 2239 1922 gratuitam,
2262 1892 2324 1921 qua

1357 1936 1414 1955 nos
1439 1925 1592 1964 dignatus
1615 1931 1673 1961 est,
1696 1925 1900 1964 adoptionem
1920 1930 2118 1964 reputamus.
2157 1923 2240 1954 Nam
2258 1925 2324 1964 qui-

1356 1978 1482 2007 cunque
1506 1975 1646 1998 mentem
1672 1967 1735 1998 huc
1759 1967 1923 2007 attollunt,
1954 1968 1993 1997 iis
2017 1966 2107 1997 facile
2130 1973 2180 1997 est,
2202 1966 2324 2006 placide

1357 2011 1442 2040 mala
1469 2011 1577 2041 omnia
1606 2010 1769 2041 devorare.
1815 2010 1910 2042 Unde
1937 2010 2023 2040 enim
2052 2009 2088 2039 fit
2119 2015 2154 2039 ut
2181 2019 2325 2040 moerore

1357 2054 1456 2083 animi
1487 2053 1725 2092 opprimantur,
1757 2054 1817 2083 nisi
1848 2053 1922 2092 quia
1954 2052 2078 2083 nullum
2110 2051 2327 2091 spiritualium

1358 2096 1512 2127 bonorum
1531 2101 1662 2136 gustum
1681 2094 1824 2126 habent?
1862 2095 1981 2126 Verum
2002 2096 2054 2134 qui
2074 2105 2185 2125 omnes
2201 2105 2326 2125 aerum-

1358 2149 1415 2169 nas
1444 2145 1592 2169 statuunt
1622 2140 1776 2169 exercitia
1807 2148 1877 2169 esse
1905 2138 1965 2169 sibi
1996 2137 2087 2168 utilia
2118 2138 2149 2167 in
2180 2137 2325 2174 salutem,

1358 2192 1423 2212 non
1453 2187 1578 2212 tantum
1608 2192 1707 2220 supra
1735 2181 1808 2212 illas
1831 2191 1865 2211 se
1888 2181 2026 2221 erigunt,
2055 2179 2111 2211 sed
2134 2180 2229 2210 etiam
2255 2190 2326 2210 ver-

1359 2230 1433 2255 tunt
1456 2225 1487 2254 in
1511 2224 1708 2255 occasionem
1733 2224 1852 2264 gaudii.

1446 2265 1638 2299 contristati.
1688 2268 1806 2297 Annon
1842 2266 1938 2296 etiam
1973 2265 2118 2305 reprobis
2145 2265 2327 2296 communis

1359 2317 1407 2340 est
1439 2309 1591 2340 tristitia?
1628 2320 1732 2348 neque
1762 2310 1847 2339 enim
1878 2319 1897 2339 a
1927 2307 2020 2338 malis
2047 2312 2124 2338 sunt
2154 2307 2325 2339 immunes.

1360 2351 1483 2383 Verum
1508 2352 1625 2383 Petrus
1653 2352 1766 2382 fideles
1795 2359 2005 2391 spontaneam
2037 2350 2202 2380 tristitiam
2225 2350 2326 2380 susci-

1360 2405 1434 2435 pere
1457 2394 1625 2434 intelligit:
1648 2405 1747 2434 quum
1768 2393 1907 2424 fremant
1922 2393 2023 2432 impii,
2047 2399 2080 2423 et
2095 2393 2327 2423 contumaciter

1359 2438 1562 2469 obluctentur
1580 2437 1658 2467 Deo.
1693 2437 1879 2467 Tristantur
1895 2446 1970 2475 ergo
1987 2436 2040 2474 pii,
2056 2435 2326 2475 quemadmodum

1360 2479 1415 2511 bos
1435 2480 1574 2510 domitus
1593 2480 1704 2520 iugum
1722 2480 1864 2518 suscipit,
1886 2479 1938 2509 vel
1955 2489 2055 2518 equus
2071 2478 2222 2509 subactus
2245 2479 2326 2508 srae-

1360 2524 1431 2554 nari
1462 2533 1496 2554 se
1519 2524 1615 2553 etiam
1640 2533 1658 2552 a
1680 2532 1779 2561 puero
1801 2521 1950 2558 sustinet,
1994 2521 2142 2552 Tristitia
2168 2521 2254 2551 Deus
2277 2530 2327 2550 re-

1361 2566 1474 2605 probos
1512 2564 1622 2603 afficit,
1660 2564 1927 2604 quemadmodum
1962 2574 2044 2603 equo
2078 2564 2174 2594 feroci
2208 2573 2246 2594 ac
2278 2572 2327 2593 re-

1361 2609 1509 2639 fractario
1534 2608 1675 2638 violenta
1698 2618 1796 2637 manu
1820 2608 1968 2637 fraenum
1992 2607 2178 2646 imponitur.
2224 2605 2327 2636 Calci-

1334 2675 1335 2679 ,
1362 2656 1450 2681 trant
1471 2651 1556 2682 enim
1580 2657 1612 2681 et
1634 2658 1746 2682 contra
1767 2651 1934 2680 nituntur:
1959 2650 2014 2680 sed
2031 2652 2159 2681 trustra.
2197 2648 2326 2679 Laudat
