2513 3126
318 224 380 255 303
1115 223 1256 255 ΕΡΙδΤ.
1281 221 1504 254 IOHANNIS
2247 224 2310 256 304

320 321 365 352 ita
394 331 505 352 omues
535 320 567 350 iu
598 320 666 359 ipso
690 330 792 351 unum
815 326 932 351 essent.
978 320 1061 352 Nam
1087 320 1207 351 habent
1230 320 1288 351 im·
1341 321 1492 361 patiatur.
1546 318 1687 349 Proinde
1722 318 1800 351 haec
1832 329 1958 351 summa
1987 325 2051 352 est:
2086 330 2186 361 quum
2220 322 2310 354 nulla

320 364 409 403 probi
441 372 565 402 quoque
595 368 740 393 mutuam
765 363 848 394 inter
870 373 904 394 se
927 363 1198 402 coniunctionem,
1232 362 1288 394 sed
1314 362 1317 375 '
1341 363 1382 394 sit
1405 362 1572 394 consensio
1605 361 1690 392 inter
1719 361 1822 393 lucem
1853 367 1885 393 et
1908 363 2068 401 tenebras,
2098 364 2252 404 quamdiu
2276 364 2309 396 in

322 412 413 437 extra
444 406 564 436 Deum:
599 405 664 435 imo
698 409 733 436 ut
761 416 796 437 se
825 416 844 437 a
875 406 944 436 Deo
979 406 1083 447 magis
1115 416 1151 438 ac
1185 406 1289 446 magis
1341 405 1484 436 tenebris
1508 403 1721 444 ambulamus,
1746 404 1837 436 nobis
1860 415 1933 436 cum
1950 405 2021 437 Deo
2041 416 2110 438 esse
2127 406 2309 439 dissidium:

322 449 480 479 alienent:
522 446 605 486 quod
643 447 803 479 malorum
837 448 982 480 omnium
1016 453 1198 480 extremum
1231 452 1287 480 est.
1341 448 1430 479 illam
1461 456 1553 487 erge,
1585 447 1678 478 cuius
1710 447 1871 486 meminit,
1905 449 2089 480 societatem
2118 449 2213 480 aliter
2243 461 2309 481 non

320 491 411 522 Haec
435 500 510 521 vero
534 490 642 529 (sicuti
666 490 730 521 iam
754 490 877 522 dictum
901 491 964 532 est)
988 492 1084 523 unica
1107 496 1217 523 nostra
1239 494 1289 523 est
1341 496 1499 526 constare,
1530 499 1625 530 quam
1649 490 1675 520 si
1700 499 1759 520 nos
1782 500 1906 530 quoque
1930 491 2001 529 puri
2025 496 2056 523 et
2079 491 2176 524 lucidi
2199 492 2310 525 simus.

319 532 494 572 beatitudo,
526 542 544 563 a
567 532 638 564 Deo
669 533 769 573 recipi
792 533 825 565 in
849 534 996 574 gratiam,
1027 537 1065 565 ut
1087 544 1162 566 vere
1185 534 1231 566 illi
1255 535 1288 565 in
1429 531 1584 563 Tenebrae
1608 532 1641 563 in
1660 542 1692 564 eo
1714 542 1777 564 non
1800 535 1880 564 sunt.
1915 533 2006 565 Haec
2029 533 2181 574 loquendi
2206 535 2311 567 forma

317 575 450 607 Christo
475 575 557 606 uniti
580 576 699 607 simus:
729 576 768 607 do
791 587 854 616 qua
876 576 991 608 Iohan.
1018 577 1066 609 17.
1090 577 1204 618 capite.
1250 577 1287 608 In
1342 574 1437 607 valde
1470 580 1519 606 est
1546 574 1685 606 Iohanni
1720 575 1902 616 familiaris,
1937 582 1973 607 ut
2006 578 2092 617 quod
2123 577 2310 615 affirmavit,

319 627 457 656 summa,
490 619 679 658 pronuntiat
702 618 875 657 Iohannes,
899 620 1169 660 quemadmodum
1193 619 1289 660 adop·
1341 618 1501 649 contraria
1535 618 1708 658 negatione
1741 618 1925 658 amplificet.
1982 619 2070 660 Ergo
2105 630 2219 652 sensus
2252 625 2310 660 est,

318 660 375 691 tati
406 664 484 692 sunt
513 671 532 692 a
555 661 686 692 Christo
717 661 852 702 apostoli
883 663 917 693 in
946 662 1072 701 fratres,
1104 667 1141 694 ut
1163 662 1288 694 collecti
1341 660 1448 692 Deum
1472 660 1628 692 eiusmodi
1656 660 1759 693 lucem
1784 671 1863 698 esse,
1894 666 1930 693 ut
1954 662 2059 694 nullas
2083 663 2232 694 tenebras
2254 663 2310 694 ad-

316 703 349 734 in
374 713 474 735 unum
498 713 613 743 corpus
636 704 707 735 Deo
729 704 824 736 simul
859 705 1072 737 adhaereant:
1102 706 1149 737 ita
1171 716 1205 737 se
1229 705 1287 736 hoc
1341 703 1460 734 mittat.
1495 703 1590 735 Unde
1613 704 1768 743 sequitur,
1791 714 1865 735 eum
1884 704 1989 736 odisse
2012 705 2131 736 malam
2148 706 2311 737 conscien-

316 755 389 777 cum
406 746 537 786 reliquis
553 747 686 787 collegis
702 757 808 788 agere,
832 753 869 779 ut
884 757 994 780 sacrae
1010 748 1106 780 huius
1122 759 1158 780 ac
1175 748 1286 780 beatae
1342 747 1429 783 tiam,
1453 746 1594 786 pollutos
1617 756 1654 778 ac
1678 756 1847 786 perversos
1867 757 1983 785 mores,
2006 754 2037 779 et
2053 748 2208 789 quidquid
2224 754 2311 780 tene-

317 789 452 820 unitatis
475 789 567 820 multi
591 789 657 820 sint
680 796 855 822 consortes.
1340 789 1414 820 bras
1437 790 1530 829 sapit.

401 832 430 863 4.
469 831 507 863 Ut
533 832 686 872 qaudium
716 835 859 865 vestrum.
904 833 1043 866 Nomine
1067 834 1153 874 pleni
1177 833 1286 874 gaudii
1425 832 1455 863 6.
1487 831 1525 864 δέ
1551 832 1735 864 diaeerimus.
1788 832 1849 864 Est
1879 833 2006 873 quidem
2035 838 2263 875 argumentum
2293 844 2312 865 a

316 874 434 906 melius
456 874 616 915 integram
634 880 666 906 et
683 876 857 916 perfectam
874 876 1105 909 beatitudinem
1123 876 1284 916 exprimit,
1341 874 1609 915 repugnantibus,
1633 874 1711 906 dum
1734 875 1858 906 alienos
1881 886 1900 907 a
1920 875 1991 907 Deo
2015 886 2087 908 esse
2109 876 2234 917 colligit
2256 876 2311 917 qui

316 926 412 957 quam
441 927 481 948 ex
512 917 682 958 evangelio
714 919 950 959 consequimur.
997 919 1101 951 Simul
1135 919 1286 950 admonet
1340 918 1374 949 in
1411 917 1553 949 tenebris
1587 918 1764 950 ambulant.
1821 918 1947 950 Pendet
1985 924 2094 951 tamen
2129 919 2208 951 haec
2243 919 2312 951 sola

316 959 426 991 fideles
456 960 591 992 ubinam
623 961 745 993 defixos
771 961 890 993 habere
913 962 1051 994 debeant
1074 971 1186 993 omnes
1210 971 1286 992 suos
1340 960 1488 992 doctrina
1521 971 1561 992 ex
1595 960 1708 992 altiore
1743 961 1917 1002 principio:
1952 972 2068 1003 nempe
2101 962 2186 1003 quod
2221 961 2312 994 Deus

317 1002 462 1034 affectus.
500 1001 625 1034 Verum
649 1007 699 1035 est
722 1005 929 1045 proverbium
953 1005 1040 1044 illud,
1065 1005 1120 1035 ubi
1144 1008 1192 1035 est
1215 1003 1286 1034 the·
1340 1013 1416 1034 suos
1439 1003 1629 1035 sanctificet.
1664 1003 1773 1044 Neque
1792 1004 1878 1035 enim
1898 1003 2022 1036 nudum
2039 1008 2089 1036 est
2104 1009 2312 1046 praeceptum

316 1055 431 1076 saurus
454 1050 573 1083 noster,
610 1046 654 1078 ibi
677 1057 748 1078 esse
771 1056 826 1078 cor
849 1052 994 1079 nostrum
1018 1047 1151 1088 (Matth.
1168 1047 1197 1087 6,
1222 1045 1286 1087 21).
1340 1055 1404 1086 quo
1427 1051 1573 1078 sanctam
1596 1057 1615 1077 a
1638 1046 1729 1078 nobis
1746 1047 1846 1078 vitam
1864 1047 1988 1087 exigat:
2013 1047 2068 1079 sed
2085 1048 2191 1089 potius
2207 1052 2313 1079 osten-

316 1087 473 1128 Quisquis
507 1099 584 1130 ergo
617 1100 692 1121 vere
725 1090 863 1130 percipit
892 1090 968 1130 quid
991 1090 1098 1121 valeat
1128 1089 1184 1120 illa
1213 1099 1287 1121 cum
1341 1089 1396 1127 dit,
1426 1088 1466 1120 ad
1489 1088 1549 1121 hoc
1572 1099 1698 1130 quoque
1721 1089 1829 1121 valere
1852 1089 1978 1122 Christi
2007 1091 2157 1131 gratiam,
2189 1094 2225 1122 ut
2247 1090 2312 1122 dis-

316 1130 387 1162 Deo
416 1131 567 1169 societas,
598 1131 659 1164 hac
689 1142 754 1164 una
785 1132 910 1164 abunde
937 1138 1105 1164 contentus
1135 1136 1198 1173 est,
1228 1142 1288 1164 nec
1341 1131 1444 1163 cussis
1474 1132 1616 1164 tenebris
1646 1132 1749 1163 lucem
1783 1131 1846 1164 Dei
1877 1133 1909 1164 in
1941 1132 2032 1165 nobis
2055 1133 2218 1166 accendat.
2263 1134 2313 1165 Ac

317 1174 456 1214 amplius
487 1174 587 1205 variis
622 1174 790 1206 desideriis
823 1179 958 1206 aestuat.
1009 1174 1170 1206 Dominus
1203 1174 1287 1207 calix
1341 1175 1369 1206 si
1399 1174 1536 1212 diceret,
1570 1174 1653 1215 quod
1676 1174 1768 1207 Deus
1797 1185 1832 1207 se
1861 1175 1955 1207 nobis
1984 1176 2216 1214 communicat,
2247 1185 2314 1207 non

316 1226 407 1248 meus
429 1216 548 1258 (inquit
564 1216 674 1249 David
691 1217 789 1256 [Psal.
809 1219 857 1257 16,
874 1218 922 1257 51)
944 1221 975 1249 et
998 1217 1184 1249 haereditas
1205 1228 1286 1249 mea.
1341 1223 1391 1248 est
1423 1217 1521 1249 inane
1554 1217 1764 1258 figmentum:
1799 1218 1855 1250 sed
1889 1229 2020 1251 necesse
2052 1223 2102 1251 est
2135 1224 2172 1250 ut
2201 1218 2251 1251 vis
2281 1222 2314 1250 et

316 1259 427 1291 Funes
443 1260 524 1291 mihi
541 1260 729 1291 ceciderunt
744 1261 776 1291 in
794 1261 992 1301 praeclaram
1009 1265 1138 1292 sortem.
1163 1261 1287 1292 Eodem
1342 1260 1477 1292 effectus
1511 1260 1608 1292 huius
1642 1261 1803 1292 societatis
1836 1261 1871 1292 in
1903 1261 1971 1293 vita
2002 1261 2160 1293 reluceat:
2193 1261 2314 1301 alioqui

316 1302 412 1333 modo
429 1302 551 1333 Paulus
567 1302 700 1343 (Philip.
716 1303 745 1338 3.
766 1303 799 1344 8)
815 1304 874 1335 sibi
893 1303 1001 1334 omnia
1018 1313 1076 1343 pro
1092 1304 1288 1335 stercoribus
1343 1303 1484 1334 mendax
1508 1303 1569 1334 erit
1591 1303 1751 1345 evangelii
1775 1303 1938 1345 professio.
1984 1303 2080 1344 Quod
2104 1304 2203 1345 addit,
2233 1314 2314 1335 non

317 1354 388 1376 esse
410 1344 587 1386 praedicat,
611 1350 648 1377 ut
665 1345 825 1386 possideat
842 1356 944 1377 unum
961 1346 1142 1378 Christum.
1176 1345 1287 1386 Quare
1341 1346 1517 1378 facimus
1541 1346 1778 1384 veritatem,
1802 1347 1936 1387 perinde
1952 1347 2039 1379 valet
2057 1358 2094 1379 ac
2116 1347 2143 1379 si
2167 1347 2314 1385 dixisset,

316 1387 344 1419 is
373 1387 504 1419 demum
534 1387 568 1419 in
598 1388 765 1429 evangelio
795 1388 940 1430 profecit,
970 1389 1024 1429 qui
1054 1399 1088 1420 se
1113 1390 1173 1421 Dei
1200 1399 1286 1421 com·
1341 1399 1406 1420 non
1435 1389 1562 1430 agimus
1592 1389 1766 1421 veraciter:
1799 1389 1861 1429 vel,
1892 1400 1957 1421 non
1983 1390 2120 1422 colimus
2143 1400 2257 1422 verum
2281 1397 2314 1421 et

316 1430 537 1462 municatione
554 1431 683 1463 beatum
700 1431 895 1470 existimans,
913 1432 946 1463 in
963 1442 1000 1463 ea
1015 1432 1082 1464 sola
1099 1432 1286 1473 acquiescit:
1340 1436 1474 1464 rectum.
1510 1432 1570 1463 Est
1601 1437 1709 1463 autem
1737 1432 1866 1472 phrasis
1889 1433 1954 1471 illa,
1978 1443 2075 1473 quam
2099 1433 2189 1473 prius
2212 1442 2313 1464 anno-

316 1473 427 1513 sicque
449 1483 521 1504 eam
538 1474 678 1515 praefert
695 1475 752 1506 toti
770 1474 901 1515 mundo,
923 1479 960 1506 ut
982 1475 1052 1507 eius
1068 1485 1165 1507 causa
1180 1475 1287 1506 omnia
1341 1475 1406 1507 tavi
1429 1485 1499 1507 esse
1522 1475 1570 1506 illi
1593 1475 1627 1506 in
1651 1475 1814 1516 frequenti
1839 1486 1908 1507 usu.

315 1516 499 1556 relinquere
523 1517 565 1548 sit
587 1521 728 1556 paratus.
1427 1517 1455 1550 7.
1492 1517 1529 1549 Si
1562 1519 1664 1549 autem
1694 1518 1729 1549 in
1757 1518 1823 1550 luce
1854 1519 2058 1551 ambulamus.
2112 1518 2209 1549 Nunc
2238 1517 2315 1550 dicit

401 1559 431 1590 5.
465 1558 509 1590 Et
540 1559 613 1591 haec
641 1563 684 1591 est
713 1560 892 1600 promissio.
944 1560 1018 1592 Non
1047 1560 1156 1592 minus
1186 1561 1285 1601 probo
1339 1564 1465 1592 certum
1497 1560 1556 1592 hoc
1583 1571 1653 1592 esse
1683 1561 1868 1602 symbolum
1896 1568 2026 1593 nostrae
2049 1570 2122 1592 cum
2145 1560 2216 1592 Deo
2238 1570 2314 1593 con-

315 1601 402 1642 quod
425 1601 566 1633 reddidit
581 1604 673 1634 vetus
696 1603 874 1643 interpres:
899 1603 978 1635 haec
1001 1607 1050 1635 est
1069 1603 1284 1635 annuntiatio.
1342 1603 1525 1642 iunctionis,
1549 1604 1575 1635 si
1599 1603 1646 1635 illi
1670 1604 1773 1635 simus
1795 1603 1985 1636 conformes.
2023 1603 2096 1635 Non
2119 1602 2205 1644 quod
2228 1603 2315 1635 vitae

316 1644 476 1683 Quamvis
517 1645 602 1676 enim
643 1645 819 1688 ἐπαγγελία
859 1645 994 1678 Graecis
1039 1646 1286 1686 promissionem
1338 1648 1464 1687 puritas
1488 1646 1597 1678 Deum
1621 1647 1712 1678 nobis
1735 1647 1883 1679 conciliet
1911 1651 2065 1687 tanquam
2089 1647 2176 1687 prior
2199 1656 2314 1678 cansa:

315 1688 442 1728 saepius
476 1687 651 1729 significet:
687 1690 763 1729 quia
793 1694 904 1720 tamen
933 1689 1128 1730 generaliter
1158 1689 1210 1721 hic
1240 1689 1285 1721 lo·
1339 1689 1397 1721 sed
1420 1689 1575 1731 intelligit
1598 1689 1772 1730 apostolus,
1797 1690 1837 1722 ab
1860 1690 1978 1722 effectu
2000 1694 2149 1722 constare
2167 1699 2226 1721 nos
2241 1688 2314 1720 Deo

315 1731 428 1770 quitur
461 1731 623 1762 Iohannes
656 1731 695 1763 de
728 1732 915 1763 testimonio
952 1732 1044 1764 cuius
1080 1732 1176 1773 paulo
1210 1736 1287 1764 ante
1340 1742 1410 1764 esse
1444 1733 1568 1771 unitos,
1602 1733 1630 1764 si
1665 1733 1734 1764 eius
1763 1733 1889 1774 puritas
1917 1733 1952 1764 in
1984 1732 2075 1764 nobis
2104 1732 2219 1764 luceat.
2269 1731 2314 1763 Et

314 1773 472 1810 meminit,
503 1773 634 1805 videtur
662 1778 834 1806 contextus
865 1775 971 1815 potius
994 1775 1125 1816 exigere
1149 1775 1286 1807 alterum
1339 1785 1418 1807 sane
1447 1776 1492 1806 ita
1522 1786 1573 1807 res
1604 1775 1714 1817 habet,
1748 1786 1942 1816 quocunque
1975 1775 2098 1808 accedit
2127 1774 2231 1812 Deus,
2266 1774 2312 1806 sic

314 1815 406 1847 illum
440 1826 589 1848 sensum:
626 1817 687 1848 nisi
721 1817 806 1849 forte
841 1818 887 1849 sic
910 1818 1070 1850 resolvas:
1105 1818 1285 1859 promissio,
1340 1818 1408 1850 eius
1442 1819 1616 1850 sanctitate
1650 1818 1759 1850 omnia
1792 1818 1958 1859 perfundi,
1992 1822 2029 1850 ut
2060 1818 2171 1850 sordes
2199 1827 2313 1849 omnes

316 1869 412 1899 quam
441 1858 532 1890 vobis
562 1859 737 1897 afferimus,
768 1860 828 1892 hoc
854 1871 964 1892 secum
987 1861 1098 1898 trahit,
1129 1861 1180 1893 vel
1203 1861 1288 1893 hanc
1340 1861 1520 1902 abstergat:
1538 1866 1631 1893 extra
1647 1872 1721 1893 eum
1738 1871 1815 1893 vero
1831 1861 1914 1893 nihil
1930 1865 2059 1902 praeter
2074 1860 2312 1892 immunditiem

316 1901 533 1933 conditionem
557 1901 655 1934 habet
678 1912 851 1934 annexam.
889 1903 962 1936 Hoc
985 1904 1081 1935 modo
1103 1904 1197 1936 nobis
1211 1914 1287 1936 con·
1341 1907 1374 1935 et
1397 1903 1545 1936 tenebras
1568 1914 1627 1936 nos
1649 1904 1779 1936 habere.
1813 1904 1901 1936 Hinc
1922 1908 2022 1945 patet,
2045 1904 2209 1936 neminem
2225 1906 2312 1935 recte

317 1944 415 1976 stabit
448 1955 540 1976 mens
569 1945 716 1986 apostoli.
761 1945 874 1986 Neque
904 1946 989 1978 enim
1021 1946 1074 1978 hic
1097 1946 1169 1978 vult
1199 1957 1287 1979 com·
1341 1947 1466 1984 vivere,
1505 1947 1583 1988 quin
1619 1947 1715 1979 simul
1749 1947 1821 1979 Deo
1856 1947 2040 1979 adhaereat.
2096 1945 2192 1986 Quod
2226 1945 2312 1983 dicit,

318 1986 414 2026 plecti
440 1991 540 2018 totam
571 1988 733 2029 evangelii
757 1988 953 2021 doctrinam:
985 1989 1040 2021 sed
1063 1989 1206 2021 ostendit
1227 1990 1288 2022 hoc
1341 1990 1585 2022 societatem
1615 2000 1706 2022 esse
1735 1990 1852 2022 nobis
1876 1996 2073 2029 mutuam,
2100 1999 2168 2021 non
2190 1988 2313 2029 simpli-

318 2029 448 2068 requiri,
478 2030 505 2061 si
531 2030 664 2062 Christo
695 2036 727 2062 et
756 2031 827 2063 eius
856 2032 949 2063 bonis
976 2033 1039 2064 frui
1064 2032 1221 2071 volumus,
1251 2038 1288 2064 ut
1341 2033 1421 2065 citer
1444 2032 1484 2064 ad
1506 2032 1656 2065 homines
1678 2033 1825 2072 refertur,
1851 2033 1906 2065 sed
1931 2033 2038 2065 Deum
2060 2033 2096 2064 in
2119 2042 2186 2064 una
2209 2036 2311 2073 parte,

318 2070 390 2102 Deo
405 2072 506 2104 simus
521 2073 556 2104 in
571 2073 695 2105 iustitia
710 2078 742 2105 et
758 2075 930 2106 sanctitate
945 2076 1137 2107 conformes.
1168 2075 1288 2115 Quem·
1342 2086 1400 2107 nos
1430 2080 1539 2107 autem
1570 2076 1605 2107 in
1635 2075 1737 2107 altera
1761 2076 1882 2107 statuit.
1929 2075 2052 2115 Quaeri
2074 2080 2184 2107 tamen
2206 2079 2312 2115 potest

320 2113 495 2145 admodum
517 2121 549 2146 et
567 2116 691 2148 Paulus
715 2117 790 2149 dicit
814 2118 954 2149 secundo
977 2118 1018 2149 ad
1034 2118 1145 2150 Titum
1169 2119 1287 2159 capite:
1342 2119 1492 2159 quisnam
1523 2118 1692 2150 hominum
1722 2118 1825 2150 lucem
1849 2118 1912 2150 Dei
1935 2119 1981 2150 sio
2004 2119 2188 2159 exprimere
2209 2116 2312 2157 possit

320 2157 471 2204 apparuit
492 2159 597 2198 gratia
619 2159 682 2191 Dei
705 2159 870 2191 salutifera
893 2161 1048 2200 omnibus,
1071 2165 1105 2192 ut
1128 2162 1288 2202 abnegata
1341 2162 1375 2192 in
1400 2172 1459 2193 sua
1478 2162 1556 2202 vita,
1584 2166 1620 2193 ut
1641 2164 1749 2193 exstet
1771 2162 1832 2193 ista
1854 2161 2031 2193 similitudo
2054 2170 2152 2201 quam
2174 2159 2311 2200 requirit

319 2203 496 2239 1mp1etate,
519 2205 552 2231 et
574 2202 745 2234 mundanis
769 2203 946 2243 desideriis,
969 2204 1075 2235 sobrie
1098 2208 1130 2235 et
1153 2205 1236 2235 iuste
1257 2208 1288 2235 et
1342 2204 1515 2236 Iohannes.
1568 2204 1652 2236 Nam
1682 2204 1742 2236 hoc
1770 2203 1865 2236 modo
1894 2213 2025 2235 necesse
2055 2204 2137 2235 foret
2169 2201 2311 2234 tenebris

320 2243 432 2273 sancte
466 2243 614 2275 vivamus
650 2244 683 2275 in
720 2245 782 2277 hoc
818 2246 956 2277 saeculo.
1010 2246 1083 2278 Nisi
1117 2247 1202 2287 quod
1236 2247 1289 2278 hic
1341 2248 1472 2278 omnino
1497 2257 1612 2287 purum
1636 2257 1706 2279 esse
1730 2257 1766 2278 ac
1789 2257 1937 2279 vacuum.
1981 2245 2185 2287 Respondeo,
2213 2245 2311 2276 huius

320 2284 540 2324 metaphorice
569 2285 604 2316 in
633 2285 703 2318 luce
732 2288 962 2320 ambulandum
986 2299 1055 2321 esse
1079 2290 1181 2330 docet,
1214 2290 1289 2330 quia
1341 2290 1470 2331 generis
1498 2290 1701 2330 loquutiones
1729 2289 1769 2321 ad
1799 2292 1930 2330 captum
1958 2289 2129 2320 hominum
2152 2293 2309 2328 attempe-

320 2327 412 2358 Deus
449 2327 507 2359 lux
543 2333 601 2360 est.
657 2329 758 2360 Porro
795 2341 894 2371 quum
933 2332 1037 2363 Deum
1075 2343 1163 2364 nunc
1197 2336 1288 2364 vocet
1340 2332 1458 2364 randas
1488 2343 1567 2364 esse.
1612 2333 1727 2373 Itaque
1757 2333 1872 2365 similis
1901 2333 1972 2364 Deo
2002 2342 2071 2363 esse
2098 2331 2225 2371 dicitur,
2255 2329 2311 2371 qui

321 2369 468 2408 lucem,
493 2381 580 2403 nunc
603 2370 688 2403 dicat
711 2382 803 2404 esse
826 2374 865 2404 in
888 2374 992 2413 luce,
1015 2385 1078 2406 non
1095 2377 1174 2406 sunt
1190 2375 1287 2406 nimis
1341 2375 1381 2407 ad
1411 2376 1480 2407 eius
1509 2375 1756 2407 similitudinem
1779 2375 1933 2416 adspirat,
1964 2378 2128 2415 utcunque
2150 2374 2247 2414 longe
2269 2373 2310 2404 ab

321 2412 486 2453 urgendae
511 2424 614 2445 voces.
658 2413 725 2445 Gur
748 2414 849 2446 Satan
874 2422 1005 2449 vocetur
1028 2418 1177 2458 princeps
1201 2422 1288 2450 tene·
1341 2429 1378 2450 ea
1408 2418 1513 2450 adhuc
1544 2418 1636 2450 absit.
1681 2418 1754 2450 Non
1778 2418 1908 2450 aliunde
1931 2417 2105 2458 petendum
2129 2422 2177 2448 est
2200 2426 2310 2448 exem-

320 2454 463 2494 brarum,
494 2456 574 2487 satis
603 2461 712 2488 notum
743 2463 807 2488 est:
837 2469 911 2499 ergo
935 2470 1033 2500 quum
1057 2460 1147 2492 Deus
1169 2471 1209 2492 ex
1232 2460 1287 2491 ad·
1341 2461 1431 2502 plum
1455 2471 1551 2502 quam
1574 2471 1614 2492 ex
1637 2462 1801 2501 praesenti
1823 2461 1901 2492 loco,
1938 2460 1974 2491 In
1997 2460 2138 2491 tenebris
2165 2459 2310 2491 ambulat

321 2508 415 2530 verso
439 2503 529 2538 pater
552 2499 633 2531 lucis
657 2503 689 2531 et
711 2500 769 2531 lux
795 2506 932 2539 vocatur,
964 2504 1104 2542 primum
1127 2503 1288 2544 intelliga—
1341 2504 1485 2544 quisquis
1501 2514 1564 2535 non
1581 2505 1705 2544 regitur
1721 2505 1834 2535 timore
1849 2503 1922 2541 Dei,
1941 2514 2000 2535 nec
2017 2514 2098 2543 pura
2113 2502 2310 2535 conscientia

321 2550 409 2580 mus,
442 2541 523 2572 nihil
557 2541 591 2573 in
626 2552 664 2573 eo
696 2552 766 2574 esse
796 2543 859 2574 nisi
889 2544 1058 2584 liquidum,
1093 2556 1222 2586 purum,
1258 2550 1290 2577 et
1341 2546 1429 2578 hunc
1451 2547 1550 2578 finem
1573 2551 1706 2586 spectat,
1729 2549 1765 2578 ut
1785 2557 1819 2578 se
1846 2546 1917 2577 Deo
1940 2551 2043 2577 totum
2066 2545 2216 2577 addicens
2238 2545 2310 2576 eius

322 2583 500 2615 sincerum:
525 2584 640 2616 deinde
663 2586 717 2626 qui
740 2596 796 2618 suo
815 2586 940 2626 fulgore
956 2588 1000 2618 sic
1016 2590 1122 2620 omnia
1138 2589 1288 2626 illustrat,
1313 2587 1315 2624 Ι
1341 2589 1476 2630 gloriam
1500 2600 1690 2630 promovere
1717 2589 1853 2620 studeat.
1899 2590 1989 2630 Ergo
2012 2599 2053 2620 ex
2076 2588 2222 2626 adverso,
2254 2587 2309 2628 qui

323 2629 360 2656 ut
394 2626 473 2657 nihil
503 2627 654 2659 vitiosum
689 2632 746 2660 aut
779 2633 974 2668 contortum,
1007 2631 1112 2662 nullas
1145 2631 1289 2663 maculas
1312 2627 1315 2672 Ι
1341 2633 1467 2664 sincero
1497 2632 1602 2664 cordis
1633 2633 1749 2664 affectu
1781 2632 1882 2663 vitam
1912 2642 2003 2663 suam
2034 2641 2211 2672 omnesque
2240 2630 2308 2661 eius

323 2668 374 2700 vel
405 2669 524 2709 sordes,
557 2670 679 2702 nullam
710 2671 907 2712 hypocrisim
931 2671 984 2703 vel
1015 2674 1159 2705 fraudem
1189 2674 1289 2706 latere
1313 2673 1317 2703 l
1342 2680 1451 2715 partes
1475 2675 1608 2716 exigens
1631 2675 1670 2706 ad
1692 2674 1753 2706 Dei
1777 2675 1925 2706 timorem
1949 2680 1981 2706 et
2003 2674 2202 2715 obsequium,
2227 2682 2308 2713 pure
