2513 3126
320 221 378 250 1:55
1062 215 1201 247 151‘15'1‘.
1227 215 1288 245 At)
1313 213 1561 246 HEBRAEOS
2249 214 2306 245 1:36

320 320 412 350 vinae
447 319 511 349 irae
543 315 710 347 tormidine
741 319 899 353 aestuant,
932 314 976 344 itu
1009 313 1170 353 praesenti
1194 322 1289 344 seusu

321 359 675 399 tunt·*conflagrabant
719 357 786 388 Neu
810 368 859 387 iiie
883 356 972 394 latet,
996 356 1157 395 sophistas
1177 358 1312 396 arguto)

321 405 358 435 tle
396 404 452 433 hoc
488 402 558 441 igue
593 400 832 440 philosophari:
874 399 928 430 sod
964 409 1073 430 corum
1109 399 1312 429 commenta*

322 446 400 477 nihil
426 455 549 475 moror:
574 454 671 482 quum
698 443 802 483 palatui
828 442 877 475 sit.
902 441 978 472 dum
1004 441 1164 480 scriptura
1184 441 1290 482 iguem
1311 439 1313 453 ³

321 500 390 520 cum
418 497 525 518 verme
553 485 720 526 coniungit
745 484 822 523 (Sir.
848 485 876 522 7,
903 484 963 526 19),
997 484 1129 515 candem
1154 494 1222 515 esse
1247 483 1290 515 lo-

322 529 437 570 quendi
469 529 636 560 rationem.
684 528 782 567 Atqui
814 538 908 558 nemo
939 527 1067 558 dubitat
1091 527 1168 566 quin
1194 532 1292 557 meta-

322 572 450 612 phorice
483 582 623 603 vermem
658 570 798 610 appellet
830 571 935 601 dirum
968 569 1046 600 illud
1077 569 1314 612 conscientiae,

322 622 516 646 tormentum
540 625 601 654 quo
626 613 784 645 roduntur
809 613 907 653 impii.

410 658 470 698 Qui
501 656 657 689 devorabit
683 656 889 687 adversarios.
936 654 990 686 Sic
1013 654 1140 686 vorabit
1164 661 1199 685 ut
1222 664 1291 694 per-

324 701 388 739 dat,
409 711 471 732 uon
488 704 672 731 consumat:
694 699 769 738 quia
786 698 1064 738 inexstinguibilis
1080 698 1151 729 erit.
1186 698 1294 737 Atque

324 745 368 775 ita
396 743 558 779 admonet,
590 743 622 772 in
647 741 769 773 Christi
794 740 941 773 hostibus
964 741 1089 772 censeri
1112 740 1295 780 quicunque

325 788 434 818 datum
465 786 523 817 sibi
556 786 640 816 inter
671 784 780 815 fideles
803 784 907 815 locum
931 788 1042 815 tenere
1065 784 1295 815 recusaverint.

327 830 436 869 Neque
465 829 549 859 enim
579 827 685 858 media
716 832 765 857 est
788 826 939 858 conditio.
985 826 1074 865 Quin
1098 826 1239 857 Satanae
1262 835 1296 856 se

327 872 475 904 abdicant
499 871 551 911 qui
574 872 613 901 ab
637 869 772 902 ecclesia
795 869 973 901 discedunt.

411 956 462 988 28.
489 956 549 995 Qui
573 955 718 988 abiecerit
741 955 833 996 leyem
857 954 970 991 Mosts,
993 955 1060 986 sine
1082 952 1298 984 misericordia

326 1000 382 1031 snb
412 999 529 1031 duobus
555 1001 608 1030 aut
637 998 735 1030 tribus
765 997 891 1029 testibus
913 997 1053 1028 moritur.
1099 996 1150 1027 29.
1179 995 1298 1034 Quanto

318 1043 440 1083 putatis
460 1042 605 1083 graviore
620 1041 734 1081 diynus
749 1040 940 1073 iudicabitur
955 1039 1109 1079 supplicio
1125 1038 1181 1078 qui
1194 1037 1298 1076 filium

325 1085 387 1117 Dei
409 1084 639 1124 commeaverit,
671 1086 697 1115 et
719 1084 901 1124 sanquinem
924 1082 1101 1118 testamenti,
1129 1090 1189 1120 per
1211 1089 1300 1119 quem

323 1129 428 1167 fuerat
460 1127 684 1167 sanctificatus,
713 1126 888 1166 profanum
921 1125 1061 1161 duxerit,
1096 1126 1122 1154 ct
1151 1123 1300 1163 spiritum

323 1171 445 1211 yratiae
467 1170 650 1202 cmztumelia
673 1169 835 1209 affecerit?
874 1168 924 1199 30.
947 1167 1100 1199 Novimus
1123 1166 1206 1197 enim
1229 1165 1301 1205 quis

325 1214 418 1254 (licat,
452 1213 531 1245 mihi
564 1213 741 1252 vindictam,
775 1215 802 1243 et
835 1221 886 1252 eqo
919 1210 1094 1250 rependam,
1128 1208 1203 1240 dicit
1235 1207 1301 1239 Do-

326 1257 442 1288 minus.
481 1255 525 1287 Et
546 1265 684 1292 mersum,
707 1254 864 1287 Dominus
880 1252 1030 1285 iudicabit
1039 1251 1194 1292 populum
1209 1260 1302 1282 suum

327 1300 379 1331 31.
402 1298 562 1331 Horribile
585 1301 638 1338 est,
661 1297 796 1329 ‘incidere
818 1298 851 1328 in
874 1306 986 1327 manus
1008 1295 1073 1327 Dei
1095 1293 1235 1326 viventis.

414 1385 465 1416 28.
499 1384 560 1424 Qui
587 1383 739 1416 abiecerit.
783 1383 1025 1423 Argumentum
1058 1391 1077 1412 a
1106 1379 1226 1411 minori
1256 1378 1295 1410 ad

329 1428 442 1460 maius.
488 1426 567 1458 Nam
594 1427 621 1457 si
649 1425 784 1465 capitale
815 1425 876 1456 fuit
906 1424 1010 1465 legem
1034 1423 1135 1455 Mosis
1167 1421 1296 1459 violare,

328 1476 450 1512 quanto
484 1470 665 1511 graviorem
700 1471 841 1499 meretur
874 1478 1009 1508 poenam
1044 1465 1218 1506 Evangelii
1250 1475 1295 1496 re-

328 1514 431 1552 iectio,
460 1523 540 1554 quae
569 1517 614 1544 tot
638 1523 673 1543 ac
696 1515 762 1542 tam
787 1510 946 1542 atrocibus
969 1509 1147 1550 sacrilegiis
1170 1512 1218 1539 est
1240 1508 1296 1538 im-

329 1556 460 1597 plicita?
504 1555 682 1596 Aptissima
713 1564 809 1594 porro
840 1553 880 1584 ad
903 1553 1039 1584 Iudaeos
1062 1549 1297 1592 permovendos

329 1600 409 1631 haec
445 1598 647 1630 ratiocinatio
680 1598 750 1628 fuit..
807 1596 869 1628 Illa
904 1602 968 1626 tam
1003 1605 1117 1627 severa
1151 1595 1185 1625 in
1216 1593 1297 1633 legis

329 1646 492 1683 apostatas
532 1640 769 1672 animadversio
811 1649 915 1680 neque
957 1649 1040 1670 nova
1071 1637 1150 1674 illis,
1193 1646 1296 1676 neque
1323 1676 1325 1685 x

330 1696 430 1725 aequo
453 1684 564 1716 durior
580 1684 682 1715 videri
706 1688 840 1723 poterat.
879 1682 967 1722 Ergo
986 1682 1106 1713 iustam
1123 1688 1297 1720 agnoscere

331 1728 447 1760 debent
480 1726 688 1767 quantumvis
722 1736 870 1757 severam
902 1725 1075 1760 ultionem,
1109 1733 1174 1763 qua
1203 1721 1297 1753 hodie

330 1770 493 1811 evangelii
526 1770 576 1801 sui
611 1770 810 1801 maiestatem
840 1767 930 1800 Deus
959 1767 1072 1800 sancit.
1125 1765 1297 1797 Caeterum

330 1813 406 1846 binc
429 1813 639 1845 confirmatur
662 1812 746 1853 quod
767 1812 830 1843 iam
856 1810 945 1851 prius
963 1810 1041 1848 dixi,
1065 1819 1127 1840 non
1144 1808 1183 1839 de
1199 1807 1298 1855 parti·
1325 1829 1327 1842 ,

330 1856 493 1889 cularibus
517 1855 655 1896 peccatis
677 1854 860 1895 apostolum
884 1853 1058 1894 disputare,
1085 1851 1142 1883 sed
1167 1851 1204 1882 de
1229 1860 1298 1897 uni-

332 1899 450 1931 versali
469 1898 679 1938 abnegatione
695 1897 828 1929 Christi.
867 1896 980 1937 Neque
996 1896 1083 1927 enim
1100 1895 1153 1925 lex
1169 1903 1300 1940 quasvis

332 1942 604 1982 transgressiones
636 1948 736 1971 morte
767 1940 929 1980 puniebat,
959 1939 1014 1971 sed
1038 1937 1299 1983 apostasiam-si

333 1985 402 2023 quis
426 1994 558 2024 prorsus
582 1994 599 2014 a
622 1983 778 2024 religione
802 1983 1000 2014 descisceret.
1039 1979 1196 2020 Respexit
1213 1988 1299 2010 enim

334 2026 496 2066 apostolus
527 2025 566 2056 ad
597 2026 792 2057 seutentiam
820 2025 909 2056 illam
933 2035 1016 2065 quae
1040 2023 1180 2055 habetur
1204 2022 1299 2053 Deut.

334 2078 402 2108 cap.
428 2068 476 2106 17,
505 2068 534 2104 2,
565 2069 591 2099 si
622 2069 693 2108 quis
718 2068 815 2099 violet
845 2073 974 2108 pactum
997 2067 1060 2098 Dei
1089 2066 1146 2102 tui,
1176 2071 1212 2097 ut
1234 2074 1300 2095 ser-

336 2112 402 2142 viat
425 2111 484 2141 diis
507 2111 628 2147 alienis,
657 2110 772 2142 educes
796 2121 867 2141 eum
891 2116 985 2141 extra
1008 2114 1141 2150 portam,
1165 2114 1197 2139 et
1220 2106 1300 2146 lapi-

335 2154 428 2185 dibus
459 2153 584 2184 obrues.
630 2152 834 2192 Quamquam
867 2159 977 2184 autem
1009 2153 1062 2183 lex
1093 2162 1111 2182 a
1134 2151 1205 2182 Deo
1229 2159 1301 2190 pro—

336 2197 419 2228 fecta
448 2202 505 2233 est,
535 2205 593 2226 nec
624 2202 716 2226 autor
745 2197 812 2226 eius
843 2196 903 2226 fuit
927 2196 1044 2232 Moses,
1075 2194 1130 2225 sed
1154 2194 1302 2225 minister

337 2239 512 2270 duntaxat:
546 2238 711 2278 apostolus
746 2244 852 2268 tamen
884 2238 987 2278 legem
1018 2237 1120 2269 Mosis
1152 2235 1301 2276 appellat,

335 2282 411 2322 quia
433 2291 489 2322 per
512 2291 644 2312 manum
667 2281 736 2311 eius
759 2281 877 2311 tradita
901 2280 976 2311 fuit:
1002 2286 1037 2311 ut
1060 2280 1163 2320 magis
1187 2278 1301 2319 ampli-

336 2325 410 2356 ficet
443 2323 604 2364 evangelii
638 2323 826 2364 dignitatem
861 2323 945 2363 quod
980 2333 998 2354 a
1032 2324 1096 2354 filio
1131 2321 1193 2352 Dei
1231 2331 1302 2362 pro·

337 2367 439 2398 ditum
463 2371 521 2398 est.

424 2408 488 2440 Sub
516 2408 634 2441 duobus
662 2411 717 2440 aut
739 2408 847 2439 tribus.
892 2408 964 2439 Hoc
987 2408 1068 2439 nihil
1091 2407 1130 2439 ad
1154 2417 1302 2447 praesen-

339 2460 402 2484 tem
424 2452 531 2484 locum
548 2452 634 2490 facit,
658 2451 714 2483 sed
730 2462 804 2491 pars
820 2455 868 2482 est
884 2451 1012 2491 politiae
1028 2450 1196 2487 mosaicae,
1220 2450 1303 2489 quod

340 2496 401 2526 duo
418 2494 468 2526 vel
491 2501 556 2526 tres
579 2495 768 2535 flagitantur
787 2496 886 2525 testes
906 2493 945 2525 ad
964 2503 1056 2525 reum
1075 2492 1303 2534 peragendum.

340 2537 418 2569 Inde
448 2542 556 2568 tamen
579 2537 699 2569 certius
723 2536 903 2577 colligimus
927 2536 1022 2576 quale
1045 2537 1167 2567 crimen
1192 2541 1304 2566 notare

340 2579 502 2620 apostolus
524 2579 679 2611 voluerit:
710 2580 772 2610 nisi
803 2579 888 2610 enim
918 2578 978 2610 hoc
1009 2579 1123 2610 fuisset
1149 2577 1304 2619 additum,

340 2627 453 2662 aperta
486 2623 596 2654 fuisset
630 2623 771 2654 fenestra
804 2621 951 2663 pluribus
985 2622 1073 2653 falsis
1102 2621 1303 2653 coniecturis.

1310 343 1311 356 χ
1336 322 1516 344 sermonem
1555 312 1672 344 haberi.

339 2665 434 2697 Nunc
464 2670 571 2697 autem
603 2673 697 2697 extra
720 2665 970 2697 controversiam
996 2670 1053 2702 est,
1083 2664 1121 2696 de
1145 2665 1305 2704 apostasia

1728 312 1857 343 Interea
1889 316 1997 342 tamen
2030 311 2230 343 observanda
2260 320 2306 344 cst

1337 355 1391 387 illa
1414 356 1559 395 aequitas
1583 365 1677 395 quam
1703 353 1828 394 sequuti
1853 359 1929 385 sunt
1953 353 2071 394 politici
2096 354 2162 385 fere
2185 364 2306 395 omnes,

1338 409 1378 430 no
1402 399 1475 438 quis
1500 398 1560 429 nisi
1585 398 1721 429 duorum
1747 397 1928 428 testimonio
1944 396 2112 428 convictus
2128 396 2306 429 damnetur.

1423 441 1472 472 ⁴29.
1501 441 1561 480 Qut
1581 440 1683 479 filium
1707 440 1768 472 Dei
1787 439 2010 472 conculcaverit.
2051 439 2121 470 Hoc
2137 439 2243 471 simile
2260 447 2307 472 est

1338 484 1422 515 inter
1447 484 1526 524 legis
1550 488 1581 514 ot
1604 482 1763 523 evangelii
1788 486 1959 523 apostatas,
1984 481 2067 522 quod
2092 482 2220 522 utrique
2240 483 2308 515 sine

1339 525 1560 558 misericordia
1583 531 1728 566 pereunt.
1768 525 1832 557 Sed
1858 536 1958 565 genus
1975 525 2124 556 interitus
2140 529 2188 555 est
2204 524 2308 556 diver-

1340 579 1427 601 sum:
1454 579 1529 600 nam
1553 569 1829 608 contemptoribus
1846 568 1968 600 Christi
1992 578 2055 598 non
2079 567 2222 607 corporis
2242 572 2310 599 tau-

1341 616 1407 643 tum
1433 617 1567 642 mortem
1593 611 1762 642 denuntiat
1785 611 1956 651 apostolus,
1981 610 2035 642 sed
2060 614 2226 642 aeternum
2245 611 2309 642 exi-

1341 655 1432 686 tium.
1471 653 1585 693 Itaque
1609 653 1669 685 hos
1693 653 1832 685 deterius
1856 654 2049 694 supplicium
2073 662 2203 684 manere
2224 653 2309 685 dicit.

1341 698 1459 729 Tribus
1493 701 1600 728 autem
1632 695 1782 736 loquendi
1817 697 1962 728 formulis
1994 695 2226 727 christianismi
2257 696 2309 728 de-

1342 740 1516 772 sertionem
1535 738 1700 778 exprimit.
1738 738 1827 770 Dicit
1843 740 1927 770 enim
1945 739 2004 770 hoc
2021 738 2113 770 modo
2129 738 2310 771 conculcari

1342 783 1444 814 filium
1462 781 1534 821 Dei,
1559 781 1720 821 profanari
1743 782 1812 812 eius
1831 783 2032 823 sanguinem,
2056 788 2087 813 et
2111 782 2311 822 spiritum

1343 825 1510 866 gratiae
1533 824 1787 856 contumelia
1811 824 1938 856 affici.
1977 824 2120 856 Gravius
2140 827 2247 856 autem
2264 831 2312 856 est

1343 866 1533 899 conculcare
1557 876 1654 907 quam
1679 866 1828 899 abiicere:
1858 874 1889 899 ct
1912 867 2007 908 longe
2031 867 2094 898 alia
2117 873 2166 899 est
2189 867 2312 899 Christi

1344 910 1484 950 dignitas
1513 919 1611 949 quam
1635 909 1745 941 Mosis.
1790 909 1883 941 Adde
1914 910 1996 950 quod
2029 921 2092 941 non
2125 910 2313 950 simpliciter

1343 952 1548 992 evangelium
1579 951 1652 992 legi,
1683 952 1737 984 sed
1762 951 1884 984 Christi
1908 959 1939 984 et
1962 953 2095 992 spiritus
2118 953 2220 985 sancti
2246 963 2314 993 per-

1345 1005 1456 1027 sonam
1481 995 1579 1026 uuius
1603 994 1704 1026 Mosis
1727 1005 1881 1035 personae
1904 996 2046 1035 opponit.

1432 1036 1621 1078 Sanquincm
1644 1038 1822 1070 testamenti.
1869 1038 2121 1077 Comparatioue
2147 1038 2313 1070 beneficio-

1346 1090 1419 1112 rum
1454 1080 1722 1121 ingratitudinem
1755 1085 1860 1121 auget.
1914 1080 2018 1112 Valde
2052 1081 2222 1121 indignum
2256 1088 2313 1118 est,

1347 1124 1538 1164 sanguinem
1561 1122 1693 1160 Christi,
1725 1124 1778 1164 qui
1809 1123 2073 1156 sanctificationis
2097 1127 2224 1155 nostrae
2248 1134 2315 1155 ma-

1347 1167 1429 1197 teria
1445 1170 1505 1206 est,
1528 1166 1709 1206 profanare.
1747 1166 1819 1198 Hoc
1835 1177 1913 1198 vero
1929 1166 2049 1198 faciunt
2067 1165 2120 1206 qui
2137 1165 2316 1198 desciscunt

1348 1219 1365 1240 a
1389 1209 1461 1240 fide.
1508 1209 1591 1240 Nam
1615 1208 1694 1240 fides
1718 1214 1826 1241 nostra
1848 1220 1912 1240 non
1937 1210 1969 1240 in
1993 1209 2113 1240 nudam
2138 1208 2316 1241 doctrinam

1349 1252 1487 1292 respicit,
1518 1252 1574 1283 sed
1604 1251 1639 1283 in
1670 1253 1857 1293 sanguinem
1885 1262 1948 1292 quo
1978 1251 2100 1283 sancita
2131 1256 2179 1283 est
2207 1256 2317 1283 nostra

1349 1294 1445 1326 salus.
1489 1294 1567 1326 Ideo
1592 1299 1682 1326 vocat
1705 1295 1896 1335 sanguinem
1921 1295 2115 1335 testamenti,
2140 1295 2215 1335 quia
2238 1299 2317 1326 tunc

1351 1337 1478 1369 demum
1503 1342 1591 1369 ratae
1614 1345 1690 1369 sunt
1713 1337 1805 1369 nobis
1829 1337 2054 1378 promissiones
2077 1347 2177 1377 quum
2197 1337 2318 1369 accedit

1350 1381 1468 1421 pignus
1506 1379 1594 1411 illud.
1654 1380 1721 1412 Sed
1759 1380 1890 1412 modum
1928 1381 2180 1412 confirmationis
2218 1385 2317 1417 notat,

1350 1433 1449 1463 quum
1482 1423 1558 1454 dicit
1586 1433 1644 1454 nos
1675 1424 1907 1455 sanctificatos:
1940 1424 2015 1463 quia
2042 1422 2124 1454 nihil
2152 1422 2318 1463 prodesset

1351 1466 1439 1497 fusus
1461 1466 1594 1506 sanguis
1618 1466 1678 1497 nisi
1702 1477 1760 1497 nos
1784 1477 1839 1506 per
1861 1467 2012 1507 spiritum
2031 1470 2179 1497 sanctum
2197 1476 2233 1497 eo
2249 1465 2319 1497 irri-

1350 1519 1511 1549 garemur.
1536 1507 1631 1540 Unde
1647 1515 1678 1540 et
1694 1509 1835 1549 expiatio
1850 1514 1883 1540 et
1899 1509 2063 1541 sanctitas.
2085 1508 2192 1540 Simul
2210 1513 2318 1539 tamen

1351 1551 1466 1583 alludit
1489 1551 1652 1592 apostolus
1675 1552 1715 1583 ad
1734 1557 1877 1584 veterem
1897 1551 2114 1592 adspersionis
2132 1551 2241 1590 ritum,
2263 1551 2319 1591 qui

1351 1595 1391 1625 ad
1427 1605 1536 1626 veram
1570 1595 1856 1626 sanctificationem
1891 1605 1954 1626 non
1986 1594 2126 1633 valebat,
2161 1594 2217 1626 sed
2251 1595 2318 1626 eius

1351 1640 1478 1669 tantum
1502 1637 1616 1669 umbra
1639 1641 1709 1669 erat
1732 1638 1783 1669 vel
1806 1638 1924 1679 imago.

1437 1679 1594 1720 Spiritum
1623 1681 1753 1721 qratiae.
1805 1680 1966 1721 Spiritum
2001 1680 2123 1721 gratiae
2154 1684 2247 1712 vocat
2280 1679 2319 1712 ab

1352 1723 1477 1761 effectu,
1501 1733 1558 1763 per
1576 1733 1669 1763 quem
1691 1729 1722 1755 et
1737 1724 1827 1755 cuius
1845 1725 1965 1756 virtute
1981 1723 2120 1755 oblatam
2137 1724 2171 1755 in
2188 1722 2319 1756 Christo

1351 1766 1490 1807 gratiam
1519 1766 1722 1807 percipimus.
1767 1767 1850 1798 Nam
1884 1768 1910 1798 is
1942 1772 1990 1798 est
2021 1767 2073 1807 qui
2104 1766 2166 1798 fide
2196 1771 2320 1798 mentes

1353 1814 1479 1840 nostras
1507 1808 1658 1847 illustrat,
1689 1810 1742 1850 qui
1765 1809 1827 1841 Dei
1851 1810 2055 1850 adoptionem
2079 1810 2229 1850 obsignat
2250 1819 2318 1841 cor-

1353 1851 1445 1883 dibus
1468 1852 1597 1890 nostris,
1621 1853 1674 1892 qui
1698 1863 1755 1884 nos
1778 1859 1948 1893 regenerat
1971 1853 2005 1884 in
2024 1852 2109 1884 vitae
2133 1853 2320 1891 novitatem,

1354 1895 1406 1934 qui
1431 1904 1488 1926 nos
1511 1895 1544 1925 in
1564 1894 1687 1926 Christi
1710 1906 1825 1936 corpus
1848 1896 1963 1927 inserit
1986 1899 2022 1926 ut
2046 1896 2138 1927 vivat
2161 1895 2194 1926 in
2218 1895 2319 1935 nobis,

1354 1941 1385 1967 et
1418 1948 1475 1969 nos
1504 1938 1537 1968 in
1564 1938 1643 1977 ipso.
1688 1938 1807 1970 Merito
1830 1938 1939 1978 itaque
1962 1938 2096 1979 spiritus
2119 1939 2243 1980 gratiae
2265 1948 2320 1979 ap-

1354 1980 1499 2020 pellatur,
1524 1990 1580 2020 per
1604 1991 1699 2020 quem
1721 1986 1831 2013 noster
1855 1982 1890 2012 fit
1906 1981 2058 2013 Christus
2081 1992 2154 2013 cum
2171 1981 2321 2013 omnibus

1354 2026 1419 2054 suis
1450 2023 1550 2054 bonis.
1594 2023 1694 2055 Hunc
1716 2035 1792 2056 vero
1821 2024 2016 2056 contumelia
2046 2025 2183 2063 afficere,
2215 2035 2234 2056 a
2257 2033 2318 2064 quo

1355 2069 1401 2096 tot
1424 2066 1587 2107 tantisque
1610 2067 1772 2099 beneficiis
1794 2067 1899 2099 affecti
1922 2077 2044 2106 sumus,
2068 2068 2166 2098 nimis
2185 2066 2321 2099 scelesta

1354 2114 1402 2140 est
1425 2109 1579 2149 impietas.
1626 2109 1713 2141 Hinc
1736 2109 1858 2151 collige,
1890 2110 1923 2140 in
1947 2110 2098 2150 spiritum
2122 2109 2184 2141 Dei
2207 2114 2320 2141 contu-

1354 2152 1502 2183 melioses
1532 2161 1601 2183 esse
1631 2163 1742 2184 omnes
1772 2154 1827 2193 qui
1854 2153 1991 2193 gratiam
2016 2154 2092 2192 eius,
2123 2163 2186 2192 qua
2209 2151 2321 2184 donati

1356 2201 1456 2231 era-nt,
1480 2199 1596 2235 sponte
1619 2195 1767 2226 inutilem
1791 2196 1939 2227 reddunt.
1977 2195 2086 2235 Quare
2103 2195 2183 2226 nihil
2200 2195 2319 2226 mirum

1355 2239 1380 2269 si
1411 2237 1568 2269 eiusmodi
1598 2237 1766 2279 sacrilegia
1794 2238 1884 2270 Deus
1918 2243 1985 2269 tam
2015 2239 2131 2270 acriter
2160 2237 2320 2269 vindicet:

1356 2280 1438 2311 nihil
1466 2280 1584 2311 mirum
1616 2281 1643 2311 si
1670 2280 1902 2312 inexorabilem
1932 2292 1965 2312 se
1995 2281 2034 2312 iis
2064 2281 2229 2320 praebeat,
2265 2280 2321 2320 qui

1356 2323 1524 2355 Christum
1553 2322 1762 2355 mediatorem
1794 2324 1928 2364 pedibus
1957 2323 2122 2355 calcarunt
2153 2324 2206 2363 qui
2235 2324 2321 2355 solus

1356 2376 1429 2397 eum
1453 2365 1543 2397 nobis
1566 2370 1693 2397 exorat:
1718 2377 1783 2397 non
1806 2367 1923 2397 mirum
1947 2366 1974 2397 si
1991 2365 2076 2397 viam
2095 2365 2210 2397 salutis
2229 2376 2321 2406 prae-

1356 2408 1464 2440 cludat
1486 2408 1536 2449 iis,
1559 2408 1614 2448 qui
1637 2408 1766 2440 unicum
1791 2408 1904 2441 ducem
1927 2408 2077 2448 spiritum
2100 2414 2246 2441 sanctum
2270 2419 2320 2440 re-

1356 2452 1519 2492 pulerunt.

1442 2494 1492 2526 30.
1517 2494 1669 2526 Novimus
1690 2494 1773 2525 enim
1794 2494 1865 2534 quis
1886 2494 1977 2526 dicat.
2017 2494 2162 2535 Uterque
2177 2494 2265 2526 locus
2280 2504 2321 2525 ex

1356 2537 1454 2569 Deut.
1478 2548 1546 2577 cap.
1569 2536 1619 2574 23,
1643 2536 1692 2573 35,
1717 2540 1865 2577 sumptus
1888 2544 1945 2568 est.
1991 2536 2102 2576 Quum
2125 2541 2233 2569 autem
2256 2536 2321 2568 illic

1357 2580 1464 2612 Moses
1496 2579 1604 2611 Deum
1633 2579 1739 2610 illatas
1772 2579 1889 2619 populo
1922 2590 1978 2610 suo
2009 2580 2144 2612 iniurias
2177 2580 2321 2612 ulturum

1357 2623 1532 2663 promittat,
1562 2622 1689 2654 videtur
1718 2622 1893 2662 improprie
1923 2632 1960 2654 ac
1984 2623 2140 2655 violenter
2172 2623 2235 2656 huc
2257 2624 2321 2652 tor-

1357 2666 1445 2706 queri
1474 2665 1556 2706 quod
1586 2665 1735 2696 meminit
1757 2664 1795 2696 de
1818 2664 1971 2698 vindicta.
2018 2665 2105 2705 Quid
2128 2666 2213 2697 enim
2237 2673 2322 2696 nunc

2484 509 2501 834 i
