<?xml version="1.0" encoding="UTF-8"?>
<!DOCTYPE html PUBLIC "-//W3C//DTD XHTML 1.0 Transitional//EN"
    "http://www.w3.org/TR/xhtml1/DTD/xhtml1-transitional.dtd">
<html xmlns="http://www.w3.org/1999/xhtml" xml:lang="en" lang="en">
 <head>
  <title>
</title>
<meta http-equiv="Content-Type" content="text/html;charset=utf-8" />
  <meta name='ocr-system' content='tesseract 3.04.00' />
  <meta name='ocr-capabilities' content='ocr_page ocr_carea ocr_par ocr_line ocrx_word'/>
</head>
<body>
  <div class='ocr_page' id='page_1' title='image "./ioanniscalviniop55calv_0032.png"; bbox 0 0 2513 3126; ppageno 0'>
   <div class='ocr_carea' id='block_1_1' title="bbox 286 238 2281 276">
    <p class='ocr_par' dir='ltr' id='par_1_1' title="bbox 286 238 2281 276">
     <span class='ocr_line' id='line_1_1' title="bbox 286 238 2281 276; baseline 0.005 -10"><span class='ocrx_word' id='word_1_1' title='bbox 286 244 326 276; x_wconf 76' lang='lat'><strong>43</strong></span> <span class='ocrx_word' id='word_1_2' title='bbox 1030 238 1170 270; x_wconf 83' lang='lat' dir='ltr'><strong>EPIS&#39;r.</strong></span> <span class='ocrx_word' id='word_1_3' title='bbox 1196 239 1258 270; x_wconf 85' lang='lat' dir='ltr'><strong>AD</strong></span> <span class='ocrx_word' id='word_1_4' title='bbox 1283 239 1532 271; x_wconf 78' lang='lat' dir='ltr'><strong>HEBRAEOS</strong></span> <span class='ocrx_word' id='word_1_5' title='bbox 2239 242 2281 275; x_wconf 81' lang='lat'><strong>44</strong></span> 
     </span>
    </p>
   </div>
   <div class='ocr_carea' id='block_1_2' title="bbox 285 336 1269 2732">
    <p class='ocr_par' dir='ltr' id='par_1_2' title="bbox 285 336 1258 764">
     <span class='ocr_line' id='line_1_2' title="bbox 285 336 1253 378; baseline -0.005 -5"><span class='ocrx_word' id='word_1_6' title='bbox 285 343 351 374; x_wconf 77' lang='lat' dir='ltr'><strong>dem</strong></span> <span class='ocrx_word' id='word_1_7' title='bbox 369 342 494 373; x_wconf 73' lang='lat' dir='ltr'><strong>initiam</strong></span> <span class='ocrx_word' id='word_1_8' title='bbox 508 340 640 378; x_wconf 74' lang='lat' dir='ltr'><strong>fiduciae</strong></span> <span class='ocrx_word' id='word_1_9' title='bbox 655 338 696 369; x_wconf 80' lang='lat' dir='ltr'><strong>ad</strong></span> <span class='ocrx_word' id='word_1_10' title='bbox 709 338 801 376; x_wconf 74' lang='lat' dir='ltr'><strong>finem</strong></span> <span class='ocrx_word' id='word_1_11' title='bbox 813 346 908 376; x_wconf 72' lang='lat' dir='ltr'><strong>usquc</strong></span> <span class='ocrx_word' id='word_1_12' title='bbox 919 336 1045 375; x_wconf 74' lang='lat' dir='ltr'><strong>firmum</strong></span> <span class='ocrx_word' id='word_1_13' title='bbox 1056 337 1253 377; x_wconf 74' lang='lat' dir='ltr'><strong>tenuerimus,</strong></span> 
     </span>
     <span class='ocr_line' id='line_1_3' title="bbox 289 379 1254 421; baseline -0.005 -6"><span class='ocrx_word' id='word_1_14' title='bbox 289 386 337 416; x_wconf 79' lang='lat'><strong>15.</strong></span> <span class='ocrx_word' id='word_1_15' title='bbox 371 386 401 415; x_wconf 81' lang='lat' dir='ltr'><strong>in</strong></span> <span class='ocrx_word' id='word_1_16' title='bbox 432 384 484 414; x_wconf 72' lang='lat' dir='ltr'><strong>hoc</strong></span> <span class='ocrx_word' id='word_1_17' title='bbox 506 382 584 421; x_wconf 72' lang='lat' dir='ltr'><strong>qumi</strong></span> <span class='ocrx_word' id='word_1_18' title='bbox 607 381 735 411; x_wconf 72' lang='lat' dir='ltr'><strong>‹lic-itur:</strong></span> <span class='ocrx_word' id='word_1_19' title='bbox 765 380 853 411; x_wconf 74' lang='lat' dir='ltr'><strong>hodie</strong></span> <span class='ocrx_word' id='word_1_20' title='bbox 882 379 910 409; x_wconf 73' lang='lat' dir='ltr'><strong>si</strong></span> <span class='ocrx_word' id='word_1_21' title='bbox 938 389 1037 410; x_wconf 80' lang='lat' dir='ltr'><strong>vocem</strong></span> <span class='ocrx_word' id='word_1_22' title='bbox 1059 379 1126 410; x_wconf 82' lang='lat' dir='ltr'><strong>eius</strong></span> <span class='ocrx_word' id='word_1_23' title='bbox 1148 379 1254 411; x_wconf 79' lang='lat' dir='ltr'><strong>audie-</strong></span> 
     </span>
     <span class='ocr_line' id='line_1_4' title="bbox 285 422 1254 464; baseline 0 -11"><span class='ocrx_word' id='word_1_24' title='bbox 285 428 365 464; x_wconf 53' lang='lat' dir='ltr'><strong>ritis,</strong></span> <span class='ocrx_word' id='word_1_25' title='bbox 390 437 426 457; x_wconf 70' lang='lat' dir='ltr'><strong>m·</strong></span> <span class='ocrx_word' id='word_1_26' title='bbox 449 424 600 455; x_wconf 70' lang='lat' dir='ltr'><strong>obduretis</strong></span> <span class='ocrx_word' id='word_1_27' title='bbox 622 423 716 455; x_wconf 83' lang='lat' dir='ltr'><strong>corda</strong></span> <span class='ocrx_word' id='word_1_28' title='bbox 738 425 847 461; x_wconf 70' lang='lat' dir='ltr'><strong>vestra,</strong></span> <span class='ocrx_word' id='word_1_29' title='bbox 871 422 949 453; x_wconf 77' lang='lat' dir='ltr'><strong>sicut</strong></span> <span class='ocrx_word' id='word_1_30' title='bbox 968 422 1000 452; x_wconf 82' lang='lat' dir='ltr'><strong>in</strong></span> <span class='ocrx_word' id='word_1_31' title='bbox 1019 422 1254 454; x_wconf 64' lang='lat' dir='ltr'><strong><em>exacerbatione.</em></strong></span> 
     </span>
     <span class='ocr_line' id='line_1_5' title="bbox 288 465 1257 508; baseline -0.003 -9"><span class='ocrx_word' id='word_1_32' title='bbox 288 471 336 500; x_wconf 66' lang='lat'><strong>143.</strong></span> <span class='ocrx_word' id='word_1_33' title='bbox 372 469 504 508; x_wconf 69' lang='lat' dir='ltr'><strong>Quidam</strong></span> <span class='ocrx_word' id='word_1_34' title='bbox 534 467 615 498; x_wconf 79' lang='lat' dir='ltr'><strong>enim</strong></span> <span class='ocrx_word' id='word_1_35' title='bbox 645 476 739 505; x_wconf 80' lang='lat' dir='ltr'><strong>qaum</strong></span> <span class='ocrx_word' id='word_1_36' title='bbox 761 466 930 502; x_wconf 67' lang='lat' dir='ltr'><strong>audissent,</strong></span> <span class='ocrx_word' id='word_1_37' title='bbox 960 465 1196 496; x_wconf 57' lang='lat' dir='ltr'><strong>cmaccrbarunst</strong></span> <span class='ocrx_word' id='word_1_38' title='bbox 1224 468 1257 496; x_wconf 76' lang='lat' dir='ltr'><strong>at</strong></span> 
     </span>
     <span class='ocr_line' id='line_1_6' title="bbox 286 507 1255 549; baseline -0.003 -7"><span class='ocrx_word' id='word_1_39' title='bbox 286 523 345 543; x_wconf 71' lang='lat' dir='ltr'><strong>non</strong></span> <span class='ocrx_word' id='word_1_40' title='bbox 369 521 470 543; x_wconf 70' lang='lat' dir='ltr'><strong>ovines</strong></span> <span class='ocrx_word' id='word_1_41' title='bbox 492 510 547 549; x_wconf 76' lang='lat' dir='ltr'><strong>qui</strong></span> <span class='ocrx_word' id='word_1_42' title='bbox 569 509 682 549; x_wconf 70' lang='lat' dir='ltr'><strong>eyressc&#39;</strong></span> <span class='ocrx_word' id='word_1_43' title='bbox 705 509 829 548; x_wconf 69' lang='lat' dir='ltr'><strong>fuerant</strong></span> <span class='ocrx_word' id='word_1_44' title='bbox 851 517 888 538; x_wconf 67' lang='lat' dir='ltr'><strong>es·</strong></span> <span class='ocrx_word' id='word_1_45' title='bbox 907 507 1043 547; x_wconf 67' lang='lat' dir='ltr'><strong>Aeyypto</strong></span> <span class='ocrx_word' id='word_1_46' title='bbox 1061 517 1121 546; x_wconf 83' lang='lat' dir='ltr'><strong>per</strong></span> <span class='ocrx_word' id='word_1_47' title='bbox 1137 507 1255 539; x_wconf 81' lang='lat' dir='ltr'><em>Mosen.</em></span> 
     </span>
     <span class='ocr_line' id='line_1_7' title="bbox 290 550 1255 592; baseline -0.003 -7"><span class='ocrx_word' id='word_1_48' title='bbox 290 555 337 585; x_wconf 88' lang='lat'><strong>17.</strong></span> <span class='ocrx_word' id='word_1_49' title='bbox 372 553 490 592; x_wconf 68' lang='lat' dir='ltr'><strong>Quibus</strong></span> <span class='ocrx_word' id='word_1_50' title='bbox 517 555 619 583; x_wconf 76' lang='lat' dir='ltr'><strong>autem</strong></span> <span class='ocrx_word' id='word_1_51' title='bbox 648 551 790 590; x_wconf 76' lang='lat' dir='ltr'><strong>infensus</strong></span> <span class='ocrx_word' id='word_1_52' title='bbox 817 550 880 589; x_wconf 77' lang='lat' dir='ltr'><strong>fuit</strong></span> <span class='ocrx_word' id='word_1_53' title='bbox 902 550 1113 590; x_wconf 72' lang='lat' dir='ltr'><strong>quadrayinta</strong></span> <span class='ocrx_word' id='word_1_54' title='bbox 1136 550 1255 582; x_wconf 76' lang='lat' dir='ltr'><strong>annis?</strong></span> 
     </span>
     <span class='ocr_line' id='line_1_8' title="bbox 286 593 1257 635; baseline -0.003 -7"><span class='ocrx_word' id='word_1_55' title='bbox 286 606 387 629; x_wconf 79' lang='lat' dir='ltr'><strong>annon</strong></span> <span class='ocrx_word' id='word_1_56' title='bbox 409 596 453 627; x_wconf 74' lang='lat' dir='ltr'><strong>iis</strong></span> <span class='ocrx_word' id='word_1_57' title='bbox 474 595 528 635; x_wconf 77' lang='lat' dir='ltr'><strong>qui</strong></span> <span class='ocrx_word' id='word_1_58' title='bbox 546 596 756 634; x_wconf 72' lang='lat' dir='ltr'><strong>peccaverant,</strong></span> <span class='ocrx_word' id='word_1_59' title='bbox 779 603 909 633; x_wconf 79' lang='lat' dir='ltr'><strong>quorum</strong></span> <span class='ocrx_word' id='word_1_60' title='bbox 930 593 1066 624; x_wconf 68' lang='lat' dir='ltr'><strong>mevzbra</strong></span> <span class='ocrx_word' id='word_1_61' title='bbox 1087 593 1257 625; x_wconf 76' lang='lat' dir='ltr'><strong>ceciderunt</strong></span> 
     </span>
     <span class='ocr_line' id='line_1_9' title="bbox 285 636 1257 676; baseline -0.002 -6"><span class='ocrx_word' id='word_1_62' title='bbox 285 641 319 671; x_wconf 77' lang='lat' dir='ltr'><strong>in</strong></span> <span class='ocrx_word' id='word_1_63' title='bbox 337 639 475 670; x_wconf 75' lang='lat' dir='ltr'><strong>deserto?</strong></span> <span class='ocrx_word' id='word_1_64' title='bbox 517 638 564 669; x_wconf 78' lang='lat' dir='ltr'><strong>ls.</strong></span> <span class='ocrx_word' id='word_1_65' title='bbox 588 637 705 676; x_wconf 68' lang='lat' dir='ltr'><strong>Quibus</strong></span> <span class='ocrx_word' id='word_1_66' title='bbox 720 639 820 667; x_wconf 81' lang='lat' dir='ltr'><strong>autem</strong></span> <span class='ocrx_word' id='word_1_67' title='bbox 836 636 963 673; x_wconf 78' lang='lat' dir='ltr'><strong>iuravit,</strong></span> <span class='ocrx_word' id='word_1_68' title='bbox 987 645 1048 667; x_wconf 69' lang='lat' dir='ltr'><strong>nou</strong></span> <span class='ocrx_word' id='word_1_69' title='bbox 1064 636 1257 676; x_wconf 72' lang='lat' dir='ltr'><strong>inyressuros</strong></span> 
     </span>
     <span class='ocr_line' id='line_1_10' title="bbox 286 678 1258 722; baseline -0.002 -9"><span class='ocrx_word' id='word_1_70' title='bbox 286 683 319 713; x_wconf 50' lang='lat' dir='ltr'><strong>in¹</strong></span> <span class='ocrx_word' id='word_1_71' title='bbox 346 682 482 722; x_wconf 76' lang='lat' dir='ltr'><em>requiem</em></span> <span class='ocrx_word' id='word_1_72' title='bbox 510 690 610 719; x_wconf 75' lang='lat' dir='ltr'><strong>suam,</strong></span> <span class='ocrx_word' id='word_1_73' title='bbox 639 680 702 711; x_wconf 70' lang='lat' dir='ltr'><strong>nise?</strong></span> <span class='ocrx_word' id='word_1_74' title='bbox 733 678 925 710; x_wconf 70' lang='lat' dir='ltr'><strong>incredulis?</strong></span> <span class='ocrx_word' id='word_1_75' title='bbox 972 678 1021 710; x_wconf 84' lang='lat'><strong>19.</strong></span> <span class='ocrx_word' id='word_1_76' title='bbox 1052 678 1094 709; x_wconf 76' lang='lat' dir='ltr'><strong>Et</strong></span> <span class='ocrx_word' id='word_1_77' title='bbox 1120 678 1258 711; x_wconf 78' lang='lat' dir='ltr'><strong>videmus</strong></span> 
     </span>
     <span class='ocr_line' id='line_1_11' title="bbox 285 721 1039 764; baseline -0.005 -8"><span class='ocrx_word' id='word_1_78' title='bbox 285 735 345 756; x_wconf 79' lang='lat' dir='ltr'><strong>mm</strong></span> <span class='ocrx_word' id='word_1_79' title='bbox 364 725 508 764; x_wconf 76' lang='lat' dir='ltr'><strong>potuisse</strong></span> <span class='ocrx_word' id='word_1_80' title='bbox 532 723 653 763; x_wconf 73' lang='lat' dir='ltr'><strong>inyrecli</strong></span> <span class='ocrx_word' id='word_1_81' title='bbox 670 725 798 762; x_wconf 71' lang='lat' dir='ltr'><strong>propter</strong></span> <span class='ocrx_word' id='word_1_82' title='bbox 821 721 1039 761; x_wconf 77' lang='lat' dir='ltr'><strong>infidelitatem.</strong></span> 
     </span>
    </p>

    <p class='ocr_par' dir='ltr' id='par_1_3' title="bbox 285 805 1266 2003">
     <span class='ocr_line' id='line_1_12' title="bbox 374 805 1258 847; baseline -0.003 -6"><span class='ocrx_word' id='word_1_83' title='bbox 374 811 421 841; x_wconf 88' lang='lat'><strong>14.</strong></span> <span class='ocrx_word' id='word_1_84' title='bbox 446 809 620 847; x_wconf 56' lang='lat' dir='ltr'><strong>Par-licipes</strong></span> <span class='ocrx_word' id='word_1_85' title='bbox 641 808 732 839; x_wconf 76' lang='lat' dir='ltr'><strong>enim.</strong></span> <span class='ocrx_word' id='word_1_86' title='bbox 777 806 906 838; x_wconf 84' lang='lat' dir='ltr'><strong>Laudat</strong></span> <span class='ocrx_word' id='word_1_87' title='bbox 937 806 1021 847; x_wconf 90' lang='lat' dir='ltr'><strong>quod</strong></span> <span class='ocrx_word' id='word_1_88' title='bbox 1049 805 1128 838; x_wconf 89' lang='lat' dir='ltr'><strong>bene</strong></span> <span class='ocrx_word' id='word_1_89' title='bbox 1150 816 1258 847; x_wconf 88' lang='lat' dir='ltr'><strong>coepe-</strong></span> 
     </span>
     <span class='ocr_line' id='line_1_13' title="bbox 286 850 1258 890; baseline -0.004 -5"><span class='ocrx_word' id='word_1_90' title='bbox 286 854 364 886; x_wconf 87' lang='lat' dir='ltr'>rint.</span> <span class='ocrx_word' id='word_1_91' title='bbox 419 853 482 884; x_wconf 65' lang='lat' dir='ltr'><strong>Sed</strong></span> <span class='ocrx_word' id='word_1_92' title='bbox 517 862 557 882; x_wconf 91' lang='lat' dir='ltr'><strong>ne</strong></span> <span class='ocrx_word' id='word_1_93' title='bbox 588 855 760 890; x_wconf 70' lang='lat' dir='ltr'><strong>praetextu</strong></span> <span class='ocrx_word' id='word_1_94' title='bbox 790 850 914 890; x_wconf 86' lang='lat' dir='ltr'><strong>gratiae</strong></span> <span class='ocrx_word' id='word_1_95' title='bbox 945 859 1041 888; x_wconf 88' lang='lat' dir='ltr'><strong>quam</strong></span> <span class='ocrx_word' id='word_1_96' title='bbox 1072 851 1258 890; x_wconf 80' lang='lat' dir='ltr'><strong>consequuti</strong></span> 
     </span>
     <span class='ocr_line' id='line_1_14' title="bbox 287 892 1258 933; baseline -0.003 -6"><span class='ocrx_word' id='word_1_97' title='bbox 287 902 372 933; x_wconf 88' lang='lat' dir='ltr'><strong>sunt,</strong></span> <span class='ocrx_word' id='word_1_98' title='bbox 404 895 510 926; x_wconf 83' lang='lat' dir='ltr'><strong>carnis</strong></span> <span class='ocrx_word' id='word_1_99' title='bbox 540 892 733 933; x_wconf 81' lang='lat' dir='ltr'><strong>indulgeant</strong></span> <span class='ocrx_word' id='word_1_100' title='bbox 762 893 936 930; x_wconf 85' lang='lat' dir='ltr'><strong>securitati,</strong></span> <span class='ocrx_word' id='word_1_101' title='bbox 972 892 1049 924; x_wconf 89' lang='lat' dir='ltr'><strong>dicit</strong></span> <span class='ocrx_word' id='word_1_102' title='bbox 1079 902 1160 932; x_wconf 91' lang='lat' dir='ltr'><strong>opus</strong></span> <span class='ocrx_word' id='word_1_103' title='bbox 1189 903 1258 925; x_wconf 87' lang='lat' dir='ltr'><strong>esse</strong></span> 
     </span>
     <span class='ocr_line' id='line_1_15' title="bbox 285 935 1260 980; baseline -0.003 -10"><span class='ocrx_word' id='word_1_104' title='bbox 285 937 534 980; x_wconf 83' lang='lat' dir='ltr'><strong>perseverantia.</strong></span> <span class='ocrx_word' id='word_1_105' title='bbox 574 936 656 967; x_wconf 86' lang='lat' dir='ltr'><strong>Nam</strong></span> <span class='ocrx_word' id='word_1_106' title='bbox 682 936 827 976; x_wconf 78' lang='lat' dir='ltr'>plerique</span> <span class='ocrx_word' id='word_1_107' title='bbox 851 935 989 967; x_wconf 87' lang='lat' dir='ltr'><strong>delibato</strong></span> <span class='ocrx_word' id='word_1_108' title='bbox 1014 939 1139 966; x_wconf 85' lang='lat' dir='ltr'><strong>tantum</strong></span> <span class='ocrx_word' id='word_1_109' title='bbox 1164 946 1260 967; x_wconf 87' lang='lat' dir='ltr'><strong>evan-</strong></span> 
     </span>
     <span class='ocr_line' id='line_1_16' title="bbox 286 978 1259 1022; baseline -0.002 -10"><span class='ocrx_word' id='word_1_110' title='bbox 286 982 381 1022; x_wconf 83' lang='lat' dir='ltr'><strong>gelio,</strong></span> <span class='ocrx_word' id='word_1_111' title='bbox 411 980 501 1020; x_wconf 81' lang='lat' dir='ltr'>quasi</span> <span class='ocrx_word' id='word_1_112' title='bbox 532 978 571 1010; x_wconf 85' lang='lat' dir='ltr'><strong>ad</strong></span> <span class='ocrx_word' id='word_1_113' title='bbox 601 988 764 1009; x_wconf 88' lang='lat' dir='ltr'><strong>summum</strong></span> <span class='ocrx_word' id='word_1_114' title='bbox 796 978 1014 1018; x_wconf 77' lang='lat' dir='ltr'><strong>pervenerint,</strong></span> <span class='ocrx_word' id='word_1_115' title='bbox 1047 978 1085 1008; x_wconf 90' lang='lat' dir='ltr'><strong>de</strong></span> <span class='ocrx_word' id='word_1_116' title='bbox 1113 978 1259 1018; x_wconf 85' lang='lat' dir='ltr'><strong>profectu</strong></span> 
     </span>
     <span class='ocr_line' id='line_1_17' title="bbox 286 1020 1258 1063; baseline -0.003 -8"><span class='ocrx_word' id='word_1_117' title='bbox 286 1035 350 1055; x_wconf 72' lang='lat' dir='ltr'><strong>non</strong></span> <span class='ocrx_word' id='word_1_118' title='bbox 370 1023 522 1063; x_wconf 86' lang='lat' dir='ltr'><strong>cogitant.</strong></span> <span class='ocrx_word' id='word_1_119' title='bbox 563 1022 615 1052; x_wconf 88' lang='lat' dir='ltr'><strong>Ita</strong></span> <span class='ocrx_word' id='word_1_120' title='bbox 637 1022 674 1052; x_wconf 89' lang='lat' dir='ltr'><strong>fit</strong></span> <span class='ocrx_word' id='word_1_121' title='bbox 697 1026 732 1052; x_wconf 90' lang='lat' dir='ltr'><strong>ut</strong></span> <span class='ocrx_word' id='word_1_122' title='bbox 755 1032 819 1052; x_wconf 90' lang='lat' dir='ltr'><strong>non</strong></span> <span class='ocrx_word' id='word_1_123' title='bbox 843 1021 937 1052; x_wconf 90' lang='lat' dir='ltr'><strong>modo</strong></span> <span class='ocrx_word' id='word_1_124' title='bbox 962 1022 992 1051; x_wconf 94' lang='lat' dir='ltr'><strong>in</strong></span> <span class='ocrx_word' id='word_1_125' title='bbox 1018 1020 1122 1051; x_wconf 92' lang='lat' dir='ltr'><strong>medio</strong></span> <span class='ocrx_word' id='word_1_126' title='bbox 1145 1020 1258 1058; x_wconf 78' lang='lat' dir='ltr'><strong>stadio,</strong></span> 
     </span>
     <span class='ocr_line' id='line_1_18' title="bbox 287 1063 1260 1105; baseline -0.002 -8"><span class='ocrx_word' id='word_1_127' title='bbox 287 1066 430 1105; x_wconf 80' lang='lat' dir='ltr'>adeoque</span> <span class='ocrx_word' id='word_1_128' title='bbox 464 1075 562 1105; x_wconf 84' lang='lat' dir='ltr'><strong>prope</strong></span> <span class='ocrx_word' id='word_1_129' title='bbox 595 1064 683 1104; x_wconf 79' lang='lat' dir='ltr'><strong>ipsos</strong></span> <span class='ocrx_word' id='word_1_130' title='bbox 716 1074 860 1095; x_wconf 77' lang='lat' dir='ltr'><strong>carceres</strong></span> <span class='ocrx_word' id='word_1_131' title='bbox 894 1063 1074 1100; x_wconf 88' lang='lat' dir='ltr'><strong>desideant,</strong></span> <span class='ocrx_word' id='word_1_132' title='bbox 1109 1063 1165 1094; x_wconf 92' lang='lat' dir='ltr'><strong>sed</strong></span> <span class='ocrx_word' id='word_1_133' title='bbox 1198 1064 1260 1095; x_wconf 84' lang='lat' dir='ltr'><strong>alio</strong></span> 
     </span>
     <span class='ocr_line' id='line_1_19' title="bbox 286 1106 1261 1147; baseline -0.002 -7"><span class='ocrx_word' id='word_1_134' title='bbox 286 1114 418 1141; x_wconf 87' lang='lat' dir='ltr'><strong>vertant</strong></span> <span class='ocrx_word' id='word_1_135' title='bbox 450 1118 583 1139; x_wconf 86' lang='lat' dir='ltr'><strong>cursum</strong></span> <span class='ocrx_word' id='word_1_136' title='bbox 618 1117 722 1138; x_wconf 86' lang='lat' dir='ltr'><strong>suum.</strong></span> <span class='ocrx_word' id='word_1_137' title='bbox 777 1106 929 1147; x_wconf 78' lang='lat' dir='ltr'><strong>Speciosa</strong></span> <span class='ocrx_word' id='word_1_138' title='bbox 962 1106 1091 1146; x_wconf 89' lang='lat' dir='ltr'><strong>quidem</strong></span> <span class='ocrx_word' id='word_1_139' title='bbox 1121 1112 1169 1138; x_wconf 88' lang='lat' dir='ltr'><strong>est</strong></span> <span class='ocrx_word' id='word_1_140' title='bbox 1199 1107 1261 1138; x_wconf 88' lang='lat' dir='ltr'><strong>ista</strong></span> 
     </span>
     <span class='ocr_line' id='line_1_20' title="bbox 286 1149 1260 1190; baseline -0.003 -7"><span class='ocrx_word' id='word_1_141' title='bbox 286 1152 431 1188; x_wconf 88' lang='lat' dir='ltr'><strong>obiectio,</strong></span> <span class='ocrx_word' id='word_1_142' title='bbox 459 1150 547 1190; x_wconf 80' lang='lat' dir='ltr'><strong>Quid</strong></span> <span class='ocrx_word' id='word_1_143' title='bbox 572 1150 657 1181; x_wconf 87' lang='lat' dir='ltr'><strong>ultra</strong></span> <span class='ocrx_word' id='word_1_144' title='bbox 674 1150 822 1180; x_wconf 89' lang='lat' dir='ltr'><strong>volumus</strong></span> <span class='ocrx_word' id='word_1_145' title='bbox 839 1155 1008 1190; x_wconf 79' lang='lat' dir='ltr'><strong>postquam</strong></span> <span class='ocrx_word' id='word_1_146' title='bbox 1025 1149 1132 1189; x_wconf 83' lang='lat' dir='ltr'><strong>adepti</strong></span> <span class='ocrx_word' id='word_1_147' title='bbox 1148 1160 1260 1181; x_wconf 90' lang='lat' dir='ltr'><strong>sumus</strong></span> 
     </span>
     <span class='ocr_line' id='line_1_21' title="bbox 288 1192 1260 1232; baseline -0.002 -6"><span class='ocrx_word' id='word_1_148' title='bbox 288 1193 477 1226; x_wconf 83' lang='lat' dir='ltr'><strong>Christum?</strong></span> <span class='ocrx_word' id='word_1_149' title='bbox 529 1193 653 1224; x_wconf 87' lang='lat' dir='ltr'><strong>Verum</strong></span> <span class='ocrx_word' id='word_1_150' title='bbox 683 1193 710 1224; x_wconf 92' lang='lat' dir='ltr'><strong>si</strong></span> <span class='ocrx_word' id='word_1_151' title='bbox 741 1192 804 1223; x_wconf 83' lang='lat' dir='ltr'><strong>fide</strong></span> <span class='ocrx_word' id='word_1_152' title='bbox 835 1192 1027 1232; x_wconf 85' lang='lat' dir='ltr'><strong>possidetur,</strong></span> <span class='ocrx_word' id='word_1_153' title='bbox 1059 1193 1092 1222; x_wconf 90' lang='lat' dir='ltr'><strong>in</strong></span> <span class='ocrx_word' id='word_1_154' title='bbox 1122 1203 1159 1223; x_wconf 87' lang='lat' dir='ltr'><strong>ea</strong></span> <span class='ocrx_word' id='word_1_155' title='bbox 1189 1202 1260 1232; x_wconf 90' lang='lat' dir='ltr'><strong>per-</strong></span> 
     </span>
     <span class='ocr_line' id='line_1_22' title="bbox 287 1235 1259 1275; baseline -0.002 -7"><span class='ocrx_word' id='word_1_156' title='bbox 287 1237 444 1269; x_wconf 83' lang='lat' dir='ltr'><strong>standum</strong></span> <span class='ocrx_word' id='word_1_157' title='bbox 477 1241 526 1267; x_wconf 88' lang='lat' dir='ltr'><strong>est</strong></span> <span class='ocrx_word' id='word_1_158' title='bbox 557 1241 592 1267; x_wconf 89' lang='lat' dir='ltr'><strong>ut</strong></span> <span class='ocrx_word' id='word_1_159' title='bbox 625 1235 716 1267; x_wconf 88' lang='lat' dir='ltr'><strong>nobis</strong></span> <span class='ocrx_word' id='word_1_160' title='bbox 747 1242 903 1275; x_wconf 87' lang='lat' dir='ltr'><strong>perpetua</strong></span> <span class='ocrx_word' id='word_1_161' title='bbox 933 1240 1063 1266; x_wconf 87' lang='lat' dir='ltr'><strong>maneat</strong></span> <span class='ocrx_word' id='word_1_162' title='bbox 1094 1236 1259 1274; x_wconf 81' lang='lat' dir='ltr'><strong>possessio.</strong></span> 
     </span>
     <span class='ocr_line' id='line_1_23' title="bbox 287 1277 1259 1320; baseline -0.002 -9"><span class='ocrx_word' id='word_1_163' title='bbox 287 1280 376 1320; x_wconf 84' lang='lat' dir='ltr'><strong>Ergo</strong></span> <span class='ocrx_word' id='word_1_164' title='bbox 406 1279 466 1310; x_wconf 90' lang='lat' dir='ltr'><strong>hac</strong></span> <span class='ocrx_word' id='word_1_165' title='bbox 496 1279 566 1319; x_wconf 86' lang='lat' dir='ltr'><strong>lege</strong></span> <span class='ocrx_word' id='word_1_166' title='bbox 596 1289 630 1309; x_wconf 88' lang='lat' dir='ltr'><strong>se</strong></span> <span class='ocrx_word' id='word_1_167' title='bbox 663 1278 753 1309; x_wconf 91' lang='lat' dir='ltr'><strong>nobis</strong></span> <span class='ocrx_word' id='word_1_168' title='bbox 783 1278 954 1309; x_wconf 85' lang='lat' dir='ltr'><strong>fruendum</strong></span> <span class='ocrx_word' id='word_1_169' title='bbox 987 1278 1075 1309; x_wconf 81' lang='lat' dir='ltr'><strong>dedit</strong></span> <span class='ocrx_word' id='word_1_170' title='bbox 1098 1277 1259 1318; x_wconf 84' lang='lat' dir='ltr'><strong>Christus,</strong></span> 
     </span>
     <span class='ocr_line' id='line_1_24' title="bbox 286 1321 1259 1362; baseline -0.002 -8"><span class='ocrx_word' id='word_1_171' title='bbox 286 1330 323 1354; x_wconf 88' lang='lat' dir='ltr'><strong>ut</strong></span> <span class='ocrx_word' id='word_1_172' title='bbox 354 1322 466 1354; x_wconf 83' lang='lat' dir='ltr'><strong>eadem</strong></span> <span class='ocrx_word' id='word_1_173' title='bbox 497 1332 561 1362; x_wconf 80' lang='lat' dir='ltr'><strong>qua</strong></span> <span class='ocrx_word' id='word_1_174' title='bbox 592 1322 624 1352; x_wconf 92' lang='lat' dir='ltr'><strong>in</strong></span> <span class='ocrx_word' id='word_1_175' title='bbox 655 1322 723 1352; x_wconf 89' lang='lat' dir='ltr'><strong>eius</strong></span> <span class='ocrx_word' id='word_1_176' title='bbox 746 1321 1028 1361; x_wconf 81' lang='lat' dir='ltr'><strong>participationem</strong></span> <span class='ocrx_word' id='word_1_177' title='bbox 1053 1321 1184 1352; x_wconf 85' lang='lat' dir='ltr'><strong>admissi</strong></span> <span class='ocrx_word' id='word_1_178' title='bbox 1208 1331 1259 1352; x_wconf 91' lang='lat' dir='ltr'><strong>su-</strong></span> 
     </span>
     <span class='ocr_line' id='line_1_25' title="bbox 287 1364 1260 1404; baseline -0.003 -7"><span class='ocrx_word' id='word_1_179' title='bbox 287 1375 360 1397; x_wconf 87' lang='lat' dir='ltr'><strong>mus</strong></span> <span class='ocrx_word' id='word_1_180' title='bbox 395 1364 467 1404; x_wconf 86' lang='lat' dir='ltr'><strong>fide,</strong></span> <span class='ocrx_word' id='word_1_181' title='bbox 506 1370 634 1395; x_wconf 83' lang='lat' dir='ltr'><strong>tantum</strong></span> <span class='ocrx_word' id='word_1_182' title='bbox 669 1364 787 1395; x_wconf 88' lang='lat' dir='ltr'><strong>bonum</strong></span> <span class='ocrx_word' id='word_1_183' title='bbox 821 1374 1052 1396; x_wconf 84' lang='lat' dir='ltr'><strong>conservemus</strong></span> <span class='ocrx_word' id='word_1_184' title='bbox 1086 1374 1188 1403; x_wconf 85' lang='lat' dir='ltr'><strong>usque</strong></span> <span class='ocrx_word' id='word_1_185' title='bbox 1221 1364 1260 1394; x_wconf 88' lang='lat' dir='ltr'><strong>ad</strong></span> 
     </span>
     <span class='ocr_line' id='line_1_26' title="bbox 287 1406 1261 1447; baseline -0.003 -7"><span class='ocrx_word' id='word_1_186' title='bbox 287 1414 436 1440; x_wconf 86' lang='lat' dir='ltr'><strong>mortem.</strong></span> <span class='ocrx_word' id='word_1_187' title='bbox 489 1407 565 1439; x_wconf 91' lang='lat' dir='ltr'><strong>Ideo</strong></span> <span class='ocrx_word' id='word_1_188' title='bbox 603 1407 680 1439; x_wconf 91' lang='lat' dir='ltr'><strong>dicit</strong></span> <span class='ocrx_word' id='word_1_189' title='bbox 717 1406 905 1446; x_wconf 84' lang='lat' dir='ltr'><strong>initium,</strong></span> <span class='ocrx_word' id='word_1_190' title='bbox 946 1407 1133 1447; x_wconf 86' lang='lat' dir='ltr'><strong>significans</strong></span> <span class='ocrx_word' id='word_1_191' title='bbox 1165 1406 1261 1438; x_wconf 91' lang='lat' dir='ltr'><strong>fidem</strong></span> 
     </span>
     <span class='ocr_line' id='line_1_27' title="bbox 288 1449 1262 1490; baseline -0.002 -8"><span class='ocrx_word' id='word_1_192' title='bbox 288 1452 450 1482; x_wconf 81' lang='lat' dir='ltr'><strong>duntaxat</strong></span> <span class='ocrx_word' id='word_1_193' title='bbox 481 1460 551 1481; x_wconf 88' lang='lat' dir='ltr'><strong>esse</strong></span> <span class='ocrx_word' id='word_1_194' title='bbox 577 1449 771 1481; x_wconf 85' lang='lat' dir='ltr'><strong>inchoatam.</strong></span> <span class='ocrx_word' id='word_1_195' title='bbox 815 1449 926 1488; x_wconf 76' lang='lat' dir='ltr'><strong>Quum</strong></span> <span class='ocrx_word' id='word_1_196' title='bbox 950 1449 1135 1490; x_wconf 81' lang='lat' dir='ltr'><strong>hypostasis</strong></span> <span class='ocrx_word' id='word_1_197' title='bbox 1157 1449 1262 1481; x_wconf 85' lang='lat' dir='ltr'><strong>fidu-</strong></span> 
     </span>
     <span class='ocr_line' id='line_1_28' title="bbox 288 1493 1262 1533; baseline -0.002 -8"><span class='ocrx_word' id='word_1_198' title='bbox 288 1494 392 1526; x_wconf 86' lang='lat' dir='ltr'><strong>ciam</strong></span> <span class='ocrx_word' id='word_1_199' title='bbox 423 1493 586 1524; x_wconf 82' lang='lat' dir='ltr'><strong>interdum</strong></span> <span class='ocrx_word' id='word_1_200' title='bbox 618 1493 786 1533; x_wconf 85' lang='lat' dir='ltr'><strong>significet,</strong></span> <span class='ocrx_word' id='word_1_201' title='bbox 821 1497 928 1532; x_wconf 88' lang='lat' dir='ltr'><strong>posset</strong></span> <span class='ocrx_word' id='word_1_202' title='bbox 958 1493 1009 1523; x_wconf 87' lang='lat' dir='ltr'><strong>hic</strong></span> <span class='ocrx_word' id='word_1_203' title='bbox 1039 1493 1072 1523; x_wconf 91' lang='lat' dir='ltr'><strong>in</strong></span> <span class='ocrx_word' id='word_1_204' title='bbox 1101 1503 1137 1524; x_wconf 91' lang='lat' dir='ltr'><strong>eo</strong></span> <span class='ocrx_word' id='word_1_205' title='bbox 1165 1502 1262 1524; x_wconf 88' lang='lat' dir='ltr'><strong>sensu</strong></span> 
     </span>
     <span class='ocr_line' id='line_1_29' title="bbox 288 1535 1262 1576; baseline -0.002 -8"><span class='ocrx_word' id='word_1_206' title='bbox 288 1536 398 1576; x_wconf 89' lang='lat' dir='ltr'><strong>accipi.</strong></span> <span class='ocrx_word' id='word_1_207' title='bbox 458 1536 532 1567; x_wconf 91' lang='lat' dir='ltr'><strong>Non</strong></span> <span class='ocrx_word' id='word_1_208' title='bbox 573 1540 683 1566; x_wconf 89' lang='lat' dir='ltr'><strong>tamen</strong></span> <span class='ocrx_word' id='word_1_209' title='bbox 724 1535 872 1575; x_wconf 87' lang='lat' dir='ltr'><strong>displicet</strong></span> <span class='ocrx_word' id='word_1_210' title='bbox 907 1546 1025 1567; x_wconf 88' lang='lat' dir='ltr'><strong>nomen</strong></span> <span class='ocrx_word' id='word_1_211' title='bbox 1063 1536 1262 1567; x_wconf 87' lang='lat' dir='ltr'><strong>substantiae</strong></span> 
     </span>
     <span class='ocr_line' id='line_1_30' title="bbox 289 1578 1262 1619; baseline -0.001 -9"><span class='ocrx_word' id='word_1_212' title='bbox 289 1579 374 1619; x_wconf 92' lang='lat' dir='ltr'><strong>quod</strong></span> <span class='ocrx_word' id='word_1_213' title='bbox 406 1578 460 1609; x_wconf 89' lang='lat' dir='ltr'><strong>alii</strong></span> <span class='ocrx_word' id='word_1_214' title='bbox 490 1578 710 1609; x_wconf 85' lang='lat' dir='ltr'><strong>reddiderunt.</strong></span> <span class='ocrx_word' id='word_1_215' title='bbox 755 1578 960 1618; x_wconf 75' lang='lat' dir='ltr'><strong>Quamquam</strong></span> <span class='ocrx_word' id='word_1_216' title='bbox 984 1578 1078 1618; x_wconf 90' lang='lat' dir='ltr'><strong>paulo</strong></span> <span class='ocrx_word' id='word_1_217' title='bbox 1101 1588 1191 1610; x_wconf 89' lang='lat' dir='ltr'><strong>secus</strong></span> <span class='ocrx_word' id='word_1_218' title='bbox 1214 1578 1262 1609; x_wconf 89' lang='lat' dir='ltr'><strong>in-</strong></span> 
     </span>
     <span class='ocr_line' id='line_1_31' title="bbox 289 1621 1264 1662; baseline 0 -10"><span class='ocrx_word' id='word_1_219' title='bbox 289 1627 457 1662; x_wconf 87' lang='lat' dir='ltr'><strong>terpretor.</strong></span> <span class='ocrx_word' id='word_1_220' title='bbox 514 1621 570 1652; x_wconf 89' lang='lat' dir='ltr'><strong>Illi</strong></span> <span class='ocrx_word' id='word_1_221' title='bbox 603 1621 690 1652; x_wconf 92' lang='lat' dir='ltr'><strong>enim</strong></span> <span class='ocrx_word' id='word_1_222' title='bbox 724 1621 770 1652; x_wconf 88' lang='lat' dir='ltr'><strong>sic</strong></span> <span class='ocrx_word' id='word_1_223' title='bbox 803 1621 865 1653; x_wconf 91' lang='lat' dir='ltr'><strong>dici</strong></span> <span class='ocrx_word' id='word_1_224' title='bbox 899 1621 995 1652; x_wconf 88' lang='lat' dir='ltr'><strong>fidem</strong></span> <span class='ocrx_word' id='word_1_225' title='bbox 1030 1625 1155 1661; x_wconf 88' lang='lat' dir='ltr'><strong>putant,</strong></span> <span class='ocrx_word' id='word_1_226' title='bbox 1190 1622 1264 1661; x_wconf 88' lang='lat' dir='ltr'><strong>quia</strong></span> 
     </span>
     <span class='ocr_line' id='line_1_32' title="bbox 289 1664 1263 1704; baseline -0.001 -9"><span class='ocrx_word' id='word_1_227' title='bbox 289 1671 393 1696; x_wconf 87' lang='lat' dir='ltr'><strong>totum</strong></span> <span class='ocrx_word' id='word_1_228' title='bbox 417 1674 486 1695; x_wconf 89' lang='lat' dir='ltr'><strong>esse</strong></span> <span class='ocrx_word' id='word_1_229' title='bbox 507 1664 647 1695; x_wconf 90' lang='lat' dir='ltr'><strong>hominis</strong></span> <span class='ocrx_word' id='word_1_230' title='bbox 670 1664 789 1704; x_wconf 89' lang='lat' dir='ltr'><strong>absque</strong></span> <span class='ocrx_word' id='word_1_231' title='bbox 812 1674 858 1701; x_wconf 86' lang='lat' dir='ltr'><strong>ea,</strong></span> <span class='ocrx_word' id='word_1_232' title='bbox 886 1664 968 1695; x_wconf 89' lang='lat' dir='ltr'><strong>nihil</strong></span> <span class='ocrx_word' id='word_1_233' title='bbox 992 1664 1079 1695; x_wconf 89' lang='lat' dir='ltr'><strong>aliud</strong></span> <span class='ocrx_word' id='word_1_234' title='bbox 1103 1665 1145 1696; x_wconf 85' lang='lat' dir='ltr'><strong>sit</strong></span> <span class='ocrx_word' id='word_1_235' title='bbox 1166 1674 1263 1704; x_wconf 86' lang='lat' dir='ltr'><strong>quam</strong></span> 
     </span>
     <span class='ocr_line' id='line_1_33' title="bbox 290 1706 1263 1747; baseline -0.001 -8"><span class='ocrx_word' id='word_1_236' title='bbox 290 1708 428 1739; x_wconf 80' lang='lat' dir='ltr'><strong>vanitas.</strong></span> <span class='ocrx_word' id='word_1_237' title='bbox 484 1707 554 1747; x_wconf 83' lang='lat' dir='ltr'><strong>Ego</strong></span> <span class='ocrx_word' id='word_1_238' title='bbox 589 1711 711 1746; x_wconf 85' lang='lat' dir='ltr'><strong>autem,</strong></span> <span class='ocrx_word' id='word_1_239' title='bbox 745 1707 821 1746; x_wconf 89' lang='lat' dir='ltr'><strong>quia</strong></span> <span class='ocrx_word' id='word_1_240' title='bbox 854 1707 888 1738; x_wconf 89' lang='lat' dir='ltr'><strong>in</strong></span> <span class='ocrx_word' id='word_1_241' title='bbox 921 1718 992 1738; x_wconf 90' lang='lat' dir='ltr'><strong>eam</strong></span> <span class='ocrx_word' id='word_1_242' title='bbox 1026 1706 1263 1738; x_wconf 86' lang='lat' dir='ltr'><strong>recumbamus:</strong></span> 
     </span>
     <span class='ocr_line' id='line_1_34' title="bbox 290 1749 1263 1790; baseline 0.001 -10"><span class='ocrx_word' id='word_1_243' title='bbox 290 1750 385 1781; x_wconf 85' lang='lat' dir='ltr'><strong>sicuti</strong></span> <span class='ocrx_word' id='word_1_244' title='bbox 416 1749 508 1780; x_wconf 89' lang='lat' dir='ltr'><strong>nulla</strong></span> <span class='ocrx_word' id='word_1_245' title='bbox 538 1757 586 1781; x_wconf 86' lang='lat' dir='ltr'><strong>est</strong></span> <span class='ocrx_word' id='word_1_246' title='bbox 615 1749 677 1780; x_wconf 85' lang='lat' dir='ltr'><strong>alia</strong></span> <span class='ocrx_word' id='word_1_247' title='bbox 700 1749 821 1781; x_wconf 81' lang='lat' dir='ltr'><strong>fultura</strong></span> <span class='ocrx_word' id='word_1_248' title='bbox 844 1751 876 1780; x_wconf 92' lang='lat' dir='ltr'><strong>in</strong></span> <span class='ocrx_word' id='word_1_249' title='bbox 901 1760 965 1789; x_wconf 90' lang='lat' dir='ltr'><strong>qua</strong></span> <span class='ocrx_word' id='word_1_250' title='bbox 987 1750 1146 1790; x_wconf 85' lang='lat' dir='ltr'><strong>possimus</strong></span> <span class='ocrx_word' id='word_1_251' title='bbox 1169 1753 1263 1781; x_wconf 89' lang='lat' dir='ltr'><strong>stare.</strong></span> 
     </span>
     <span class='ocr_line' id='line_1_35' title="bbox 290 1792 1265 1833; baseline -0.001 -9"><span class='ocrx_word' id='word_1_252' title='bbox 290 1793 334 1824; x_wconf 82' lang='lat' dir='ltr'><strong>Et</strong></span> <span class='ocrx_word' id='word_1_253' title='bbox 349 1792 502 1824; x_wconf 86' lang='lat' dir='ltr'><strong>convenit</strong></span> <span class='ocrx_word' id='word_1_254' title='bbox 518 1792 685 1833; x_wconf 81' lang='lat' dir='ltr'><strong>epitheton</strong></span> <span class='ocrx_word' id='word_1_255' title='bbox 709 1792 835 1823; x_wconf 86' lang='lat' dir='ltr'><strong>firmi:</strong></span> <span class='ocrx_word' id='word_1_256' title='bbox 860 1793 990 1825; x_wconf 87' lang='lat' dir='ltr'><strong>stabiles</strong></span> <span class='ocrx_word' id='word_1_257' title='bbox 1006 1794 1092 1824; x_wconf 89' lang='lat' dir='ltr'><strong>enim</strong></span> <span class='ocrx_word' id='word_1_258' title='bbox 1116 1797 1147 1824; x_wconf 88' lang='lat' dir='ltr'><strong>et</strong></span> <span class='ocrx_word' id='word_1_259' title='bbox 1171 1796 1265 1824; x_wconf 85' lang='lat' dir='ltr'><strong>extra</strong></span> 
     </span>
     <span class='ocr_line' id='line_1_36' title="bbox 290 1834 1265 1875; baseline 0 -9"><span class='ocrx_word' id='word_1_260' title='bbox 290 1834 461 1867; x_wconf 89' lang='lat' dir='ltr'><strong>vacillandi</strong></span> <span class='ocrx_word' id='word_1_261' title='bbox 495 1835 675 1875; x_wconf 87' lang='lat' dir='ltr'><strong>periculum</strong></span> <span class='ocrx_word' id='word_1_262' title='bbox 709 1835 839 1875; x_wconf 89' lang='lat' dir='ltr'><strong>erimus,</strong></span> <span class='ocrx_word' id='word_1_263' title='bbox 873 1836 968 1867; x_wconf 91' lang='lat' dir='ltr'><strong>modo</strong></span> <span class='ocrx_word' id='word_1_264' title='bbox 1001 1836 1034 1867; x_wconf 88' lang='lat' dir='ltr'><strong>in</strong></span> <span class='ocrx_word' id='word_1_265' title='bbox 1070 1836 1133 1867; x_wconf 90' lang='lat' dir='ltr'><strong>fide</strong></span> <span class='ocrx_word' id='word_1_266' title='bbox 1164 1836 1265 1867; x_wconf 87' lang='lat' dir='ltr'><strong>simus</strong></span> 
     </span>
     <span class='ocr_line' id='line_1_37' title="bbox 291 1877 1266 1918; baseline 0 -9"><span class='ocrx_word' id='word_1_267' title='bbox 291 1878 424 1909; x_wconf 83' lang='lat' dir='ltr'><strong>fundati.</strong></span> <span class='ocrx_word' id='word_1_268' title='bbox 472 1877 608 1909; x_wconf 83' lang='lat' dir='ltr'><strong>Summa</strong></span> <span class='ocrx_word' id='word_1_269' title='bbox 638 1878 738 1918; x_wconf 86' lang='lat' dir='ltr'><strong>igitur</strong></span> <span class='ocrx_word' id='word_1_270' title='bbox 767 1883 831 1916; x_wconf 87' lang='lat' dir='ltr'><strong>est,</strong></span> <span class='ocrx_word' id='word_1_271' title='bbox 866 1882 903 1909; x_wconf 90' lang='lat' dir='ltr'><strong>ut</strong></span> <span class='ocrx_word' id='word_1_272' title='bbox 936 1878 1015 1910; x_wconf 88' lang='lat' dir='ltr'><strong>fides</strong></span> <span class='ocrx_word' id='word_1_273' title='bbox 1048 1880 1139 1910; x_wconf 87' lang='lat' dir='ltr'><strong>cuius</strong></span> <span class='ocrx_word' id='word_1_274' title='bbox 1172 1879 1266 1909; x_wconf 90' lang='lat' dir='ltr'><strong>initia</strong></span> 
     </span>
     <span class='ocr_line' id='line_1_38' title="bbox 291 1920 1266 1961; baseline 0 -10"><span class='ocrx_word' id='word_1_275' title='bbox 291 1921 452 1951; x_wconf 80' lang='lat' dir='ltr'><strong>duntaxat</strong></span> <span class='ocrx_word' id='word_1_276' title='bbox 468 1920 559 1952; x_wconf 90' lang='lat' dir='ltr'><strong>nobis</strong></span> <span class='ocrx_word' id='word_1_277' title='bbox 575 1926 734 1959; x_wconf 88' lang='lat' dir='ltr'><strong>constant,</strong></span> <span class='ocrx_word' id='word_1_278' title='bbox 759 1931 859 1961; x_wconf 89' lang='lat' dir='ltr'><strong>usque</strong></span> <span class='ocrx_word' id='word_1_279' title='bbox 882 1921 914 1952; x_wconf 91' lang='lat' dir='ltr'><strong>in</strong></span> <span class='ocrx_word' id='word_1_280' title='bbox 938 1922 1035 1952; x_wconf 91' lang='lat' dir='ltr'><strong>finem</strong></span> <span class='ocrx_word' id='word_1_281' title='bbox 1059 1926 1211 1953; x_wconf 84' lang='lat' dir='ltr'><strong>constans</strong></span> <span class='ocrx_word' id='word_1_282' title='bbox 1234 1923 1266 1952; x_wconf 86' lang='lat' dir='ltr'><strong>et</strong></span> 
     </span>
     <span class='ocr_line' id='line_1_39' title="bbox 291 1963 644 2003; baseline 0.003 -9"><span class='ocrx_word' id='word_1_283' title='bbox 291 1965 385 1995; x_wconf 90' lang='lat' dir='ltr'><strong>firma</strong></span> <span class='ocrx_word' id='word_1_284' title='bbox 407 1963 644 2003; x_wconf 84' lang='lat' dir='ltr'><strong>progrediatur.</strong></span> 
     </span>
    </p>

    <p class='ocr_par' dir='ltr' id='par_1_4' title="bbox 292 2005 1267 2465">
     <span class='ocr_line' id='line_1_40' title="bbox 379 2005 1265 2048; baseline 0.001 -11"><span class='ocrx_word' id='word_1_285' title='bbox 379 2006 428 2037; x_wconf 85' lang='lat'><strong>15.</strong></span> <span class='ocrx_word' id='word_1_286' title='bbox 461 2007 502 2037; x_wconf 79' lang='lat' dir='ltr'><strong>Iu</strong></span> <span class='ocrx_word' id='word_1_287' title='bbox 531 2006 584 2038; x_wconf 77' lang='lat' dir='ltr'><strong>lzoc</strong></span> <span class='ocrx_word' id='word_1_288' title='bbox 607 2006 690 2046; x_wconf 78' lang='lat' dir='ltr'><strong>quod</strong></span> <span class='ocrx_word' id='word_1_289' title='bbox 711 2005 835 2038; x_wconf 83' lang='lat' dir='ltr'><strong>dicitur.</strong></span> <span class='ocrx_word' id='word_1_290' title='bbox 881 2006 1053 2047; x_wconf 82' lang='lat' dir='ltr'><strong>Significat</strong></span> <span class='ocrx_word' id='word_1_291' title='bbox 1076 2007 1265 2048; x_wconf 88' lang='lat' dir='ltr'><strong>proficiendi</strong></span> 
     </span>
     <span class='ocr_line' id='line_1_41' title="bbox 292 2049 1264 2090; baseline 0.001 -10"><span class='ocrx_word' id='word_1_292' title='bbox 292 2049 490 2081; x_wconf 87' lang='lat' dir='ltr'><strong>occasionam</strong></span> <span class='ocrx_word' id='word_1_293' title='bbox 530 2050 685 2089; x_wconf 90' lang='lat' dir='ltr'><strong>quamdiu</strong></span> <span class='ocrx_word' id='word_1_294' title='bbox 724 2049 882 2086; x_wconf 86' lang='lat' dir='ltr'><strong>vivimus,</strong></span> <span class='ocrx_word' id='word_1_295' title='bbox 923 2060 1090 2090; x_wconf 87' lang='lat' dir='ltr'><strong>nunquam</strong></span> <span class='ocrx_word' id='word_1_296' title='bbox 1130 2060 1264 2087; x_wconf 83' lang='lat' dir='ltr'><strong>cessare,</strong></span> 
     </span>
     <span class='ocr_line' id='line_1_42' title="bbox 293 2092 1266 2132; baseline 0.002 -10"><span class='ocrx_word' id='word_1_297' title='bbox 293 2093 367 2132; x_wconf 89' lang='lat' dir='ltr'><strong>quia</strong></span> <span class='ocrx_word' id='word_1_298' title='bbox 398 2102 457 2123; x_wconf 89' lang='lat' dir='ltr'><strong>nos</strong></span> <span class='ocrx_word' id='word_1_299' title='bbox 487 2092 630 2132; x_wconf 88' lang='lat' dir='ltr'><strong>quotidie</strong></span> <span class='ocrx_word' id='word_1_300' title='bbox 654 2092 745 2124; x_wconf 89' lang='lat' dir='ltr'><strong>Deus</strong></span> <span class='ocrx_word' id='word_1_301' title='bbox 775 2098 877 2124; x_wconf 86' lang='lat' dir='ltr'><strong>vocat.</strong></span> <span class='ocrx_word' id='word_1_302' title='bbox 923 2092 1007 2123; x_wconf 90' lang='lat' dir='ltr'><strong>Nam</strong></span> <span class='ocrx_word' id='word_1_303' title='bbox 1038 2103 1138 2132; x_wconf 88' lang='lat' dir='ltr'><strong>quum</strong></span> <span class='ocrx_word' id='word_1_304' title='bbox 1169 2103 1266 2124; x_wconf 88' lang='lat' dir='ltr'><strong>evan·</strong></span> 
     </span>
     <span class='ocr_line' id='line_1_43' title="bbox 293 2134 1267 2175; baseline 0.001 -10"><span class='ocrx_word' id='word_1_305' title='bbox 293 2134 369 2175; x_wconf 89' lang='lat' dir='ltr'><strong>gelii</strong></span> <span class='ocrx_word' id='word_1_306' title='bbox 393 2134 625 2174; x_wconf 86' lang='lat' dir='ltr'><strong>praedicationi</strong></span> <span class='ocrx_word' id='word_1_307' title='bbox 648 2135 841 2175; x_wconf 86' lang='lat' dir='ltr'><strong>respondeat</strong></span> <span class='ocrx_word' id='word_1_308' title='bbox 863 2134 954 2166; x_wconf 87' lang='lat' dir='ltr'><strong>fides:</strong></span> <span class='ocrx_word' id='word_1_309' title='bbox 977 2135 1073 2167; x_wconf 89' lang='lat' dir='ltr'><strong>sicuti</strong></span> <span class='ocrx_word' id='word_1_310' title='bbox 1096 2136 1267 2167; x_wconf 90' lang='lat' dir='ltr'><strong>continuus</strong></span> 
     </span>
     <span class='ocr_line' id='line_1_44' title="bbox 292 2177 1267 2217; baseline 0 -8"><span class='ocrx_word' id='word_1_311' title='bbox 292 2182 340 2209; x_wconf 87' lang='lat' dir='ltr'><strong>est</strong></span> <span class='ocrx_word' id='word_1_312' title='bbox 370 2177 615 2217; x_wconf 81' lang='lat' dir='ltr'><strong>praedicationis</strong></span> <span class='ocrx_word' id='word_1_313' title='bbox 641 2189 719 2210; x_wconf 90' lang='lat' dir='ltr'><strong>usus</strong></span> <span class='ocrx_word' id='word_1_314' title='bbox 743 2181 809 2209; x_wconf 91' lang='lat' dir='ltr'><strong>toto</strong></span> <span class='ocrx_word' id='word_1_315' title='bbox 832 2178 917 2209; x_wconf 89' lang='lat' dir='ltr'><strong>vitae</strong></span> <span class='ocrx_word' id='word_1_316' title='bbox 939 2187 1045 2215; x_wconf 89' lang='lat' dir='ltr'><strong>cursu,</strong></span> <span class='ocrx_word' id='word_1_317' title='bbox 1069 2179 1114 2209; x_wconf 87' lang='lat' dir='ltr'><strong>ita</strong></span> <span class='ocrx_word' id='word_1_318' title='bbox 1136 2178 1169 2209; x_wconf 91' lang='lat' dir='ltr'><strong>in</strong></span> <span class='ocrx_word' id='word_1_319' title='bbox 1193 2177 1267 2209; x_wconf 90' lang='lat' dir='ltr'><strong>fidei</strong></span> 
     </span>
     <span class='ocr_line' id='line_1_45' title="bbox 292 2220 1267 2262; baseline 0.001 -11"><span class='ocrx_word' id='word_1_320' title='bbox 292 2220 499 2251; x_wconf 80' lang='lat' dir='ltr'><strong>incrementis</strong></span> <span class='ocrx_word' id='word_1_321' title='bbox 518 2221 717 2261; x_wconf 86' lang='lat' dir='ltr'><strong>pergendum</strong></span> <span class='ocrx_word' id='word_1_322' title='bbox 738 2226 795 2252; x_wconf 88' lang='lat' dir='ltr'><strong>est.</strong></span> <span class='ocrx_word' id='word_1_323' title='bbox 833 2220 866 2252; x_wconf 83' lang='grc' dir='ltr'><strong>ἐν</strong></span> <span class='ocrx_word' id='word_1_324' title='bbox 889 2224 933 2262; x_wconf 85' lang='grc' dir='ltr'><strong>τῷ</strong></span> <span class='ocrx_word' id='word_1_325' title='bbox 956 2220 1110 2262; x_wconf 75' lang='grc' dir='ltr'>λέγεσθαι</span> <span class='ocrx_word' id='word_1_326' title='bbox 1135 2221 1267 2261; x_wconf 87' lang='lat' dir='ltr'><strong>perinde</strong></span> 
     </span>
     <span class='ocr_line' id='line_1_46' title="bbox 293 2262 1266 2304; baseline 0.001 -10"><span class='ocrx_word' id='word_1_327' title='bbox 293 2262 380 2294; x_wconf 88' lang='lat' dir='ltr'><strong>valet</strong></span> <span class='ocrx_word' id='word_1_328' title='bbox 412 2273 448 2294; x_wconf 91' lang='lat' dir='ltr'><strong>ac</strong></span> <span class='ocrx_word' id='word_1_329' title='bbox 471 2263 498 2294; x_wconf 87' lang='lat' dir='ltr'><strong>si</strong></span> <span class='ocrx_word' id='word_1_330' title='bbox 522 2263 670 2295; x_wconf 80' lang='lat' dir='ltr'><strong>dixisset:</strong></span> <span class='ocrx_word' id='word_1_331' title='bbox 702 2263 970 2304; x_wconf 80' lang='lat' dir='ltr'><strong>Quandoquidem</strong></span> <span class='ocrx_word' id='word_1_332' title='bbox 993 2264 1145 2304; x_wconf 89' lang='lat' dir='ltr'><strong>loquendi</strong></span> <span class='ocrx_word' id='word_1_333' title='bbox 1169 2264 1266 2295; x_wconf 89' lang='lat' dir='ltr'><strong>finem</strong></span> 
     </span>
     <span class='ocr_line' id='line_1_47' title="bbox 293 2305 1267 2347; baseline 0 -10"><span class='ocrx_word' id='word_1_334' title='bbox 293 2315 455 2346; x_wconf 89' lang='lat' dir='ltr'><strong>nunquam</strong></span> <span class='ocrx_word' id='word_1_335' title='bbox 472 2305 563 2337; x_wconf 87' lang='lat' dir='ltr'><strong>Deus</strong></span> <span class='ocrx_word' id='word_1_336' title='bbox 579 2307 664 2347; x_wconf 86' lang='lat' dir='ltr'><strong>facit,</strong></span> <span class='ocrx_word' id='word_1_337' title='bbox 688 2318 752 2338; x_wconf 92' lang='lat' dir='ltr'><strong>non</strong></span> <span class='ocrx_word' id='word_1_338' title='bbox 768 2306 846 2338; x_wconf 89' lang='lat' dir='ltr'><strong>satis</strong></span> <span class='ocrx_word' id='word_1_339' title='bbox 870 2307 967 2338; x_wconf 85' lang='lat' dir='ltr'><strong>fuerit</strong></span> <span class='ocrx_word' id='word_1_340' title='bbox 989 2311 1136 2347; x_wconf 89' lang='lat' dir='ltr'><strong>prompto</strong></span> <span class='ocrx_word' id='word_1_341' title='bbox 1159 2307 1267 2338; x_wconf 91' lang='lat' dir='ltr'><strong>animo</strong></span> 
     </span>
     <span class='ocr_line' id='line_1_48' title="bbox 295 2348 1266 2389; baseline 0.001 -10"><span class='ocrx_word' id='word_1_342' title='bbox 295 2349 394 2379; x_wconf 85' lang='lat' dir='ltr'><strong>fuisse</strong></span> <span class='ocrx_word' id='word_1_343' title='bbox 424 2349 592 2389; x_wconf 83' lang='lat' dir='ltr'><strong>amplexos</strong></span> <span class='ocrx_word' id='word_1_344' title='bbox 621 2350 688 2380; x_wconf 88' lang='lat' dir='ltr'><strong>eius</strong></span> <span class='ocrx_word' id='word_1_345' title='bbox 717 2349 906 2388; x_wconf 85' lang='lat' dir='ltr'><strong>doctrinam,</strong></span> <span class='ocrx_word' id='word_1_346' title='bbox 936 2349 999 2381; x_wconf 90' lang='lat' dir='ltr'><strong>nisi</strong></span> <span class='ocrx_word' id='word_1_347' title='bbox 1025 2350 1136 2381; x_wconf 86' lang='lat' dir='ltr'><strong>eadem</strong></span> <span class='ocrx_word' id='word_1_348' title='bbox 1160 2348 1266 2381; x_wconf 87' lang='lat' dir='ltr'><strong>docili-</strong></span> 
     </span>
     <span class='ocr_line' id='line_1_49' title="bbox 296 2392 1267 2433; baseline 0.002 -12"><span class='ocrx_word' id='word_1_349' title='bbox 296 2394 363 2422; x_wconf 81' lang='lat' dir='ltr'><strong>tate</strong></span> <span class='ocrx_word' id='word_1_350' title='bbox 401 2401 471 2423; x_wconf 86' lang='lat' dir='ltr'><strong>cras</strong></span> <span class='ocrx_word' id='word_1_351' title='bbox 511 2396 544 2423; x_wconf 90' lang='lat' dir='ltr'><strong>et</strong></span> <span class='ocrx_word' id='word_1_352' title='bbox 577 2392 728 2433; x_wconf 89' lang='lat' dir='ltr'><strong>perendie</strong></span> <span class='ocrx_word' id='word_1_353' title='bbox 760 2392 807 2423; x_wconf 90' lang='lat' dir='ltr'><strong>illi</strong></span> <span class='ocrx_word' id='word_1_354' title='bbox 841 2402 901 2423; x_wconf 89' lang='lat' dir='ltr'><strong>nos</strong></span> <span class='ocrx_word' id='word_1_355' title='bbox 934 2392 1145 2433; x_wconf 82' lang='lat' dir='ltr'><strong>obsequentes</strong></span> <span class='ocrx_word' id='word_1_356' title='bbox 1179 2402 1267 2432; x_wconf 87' lang='lat' dir='ltr'><strong>prae-</strong></span> 
     </span>
     <span class='ocr_line' id='line_1_50' title="bbox 296 2433 439 2465; baseline 0.007 -1"><span class='ocrx_word' id='word_1_357' title='bbox 296 2433 439 2465; x_wconf 88' lang='lat' dir='ltr'><strong>beamus.</strong></span> 
     </span>
    </p>

    <p class='ocr_par' dir='ltr' id='par_1_5' title="bbox 296 2477 1269 2732">
     <span class='ocr_line' id='line_1_51' title="bbox 384 2477 1268 2518; baseline 0.002 -11"><span class='ocrx_word' id='word_1_358' title='bbox 384 2477 433 2507; x_wconf 85' lang='lat'><strong>16.</strong></span> <span class='ocrx_word' id='word_1_359' title='bbox 460 2477 596 2516; x_wconf 76' lang='lat' dir='ltr'><strong>Quidam</strong></span> <span class='ocrx_word' id='word_1_360' title='bbox 617 2478 700 2509; x_wconf 81' lang='lat' dir='ltr'><strong>euim</strong></span> <span class='ocrx_word' id='word_1_361' title='bbox 722 2487 816 2518; x_wconf 81' lang='lat' dir='ltr'><strong>quum</strong></span> <span class='ocrx_word' id='word_1_362' title='bbox 839 2478 1007 2510; x_wconf 77' lang='lat' dir='ltr'><strong>audissent.</strong></span> <span class='ocrx_word' id='word_1_363' title='bbox 1051 2477 1103 2509; x_wconf 89' lang='lat' dir='ltr'><strong>Ita</strong></span> <span class='ocrx_word' id='word_1_364' title='bbox 1126 2477 1268 2518; x_wconf 90' lang='lat' dir='ltr'><strong>loquitur</strong></span> 
     </span>
     <span class='ocr_line' id='line_1_52' title="bbox 297 2518 1267 2560; baseline 0.004 -12"><span class='ocrx_word' id='word_1_365' title='bbox 297 2518 407 2549; x_wconf 86' lang='lat' dir='ltr'><strong>David</strong></span> <span class='ocrx_word' id='word_1_366' title='bbox 424 2519 462 2550; x_wconf 91' lang='lat' dir='ltr'><strong>de</strong></span> <span class='ocrx_word' id='word_1_367' title='bbox 480 2520 625 2560; x_wconf 88' lang='lat' dir='ltr'><strong>patribus</strong></span> <span class='ocrx_word' id='word_1_368' title='bbox 643 2531 680 2552; x_wconf 90' lang='lat' dir='ltr'><strong>ac</strong></span> <span class='ocrx_word' id='word_1_369' title='bbox 703 2522 729 2552; x_wconf 92' lang='lat' dir='ltr'><strong>si</strong></span> <span class='ocrx_word' id='word_1_370' title='bbox 753 2525 819 2552; x_wconf 84' lang='lat' dir='ltr'><strong>tota</strong></span> <span class='ocrx_word' id='word_1_371' title='bbox 841 2521 897 2552; x_wconf 88' lang='lat' dir='ltr'><strong>illa</strong></span> <span class='ocrx_word' id='word_1_372' title='bbox 920 2526 1007 2552; x_wconf 89' lang='lat' dir='ltr'><strong>aetas</strong></span> <span class='ocrx_word' id='word_1_373' title='bbox 1030 2521 1144 2552; x_wconf 87' lang='lat' dir='ltr'><strong>fuisset</strong></span> <span class='ocrx_word' id='word_1_374' title='bbox 1165 2521 1267 2552; x_wconf 87' lang='lat' dir='ltr'><strong>incre-</strong></span> 
     </span>
     <span class='ocr_line' id='line_1_53' title="bbox 297 2560 1268 2604; baseline 0.002 -12"><span class='ocrx_word' id='word_1_375' title='bbox 297 2560 382 2592; x_wconf 89' lang='lat' dir='ltr'><strong>dula.</strong></span> <span class='ocrx_word' id='word_1_376' title='bbox 427 2561 527 2602; x_wconf 89' lang='lat' dir='ltr'><strong>Atqui</strong></span> <span class='ocrx_word' id='word_1_377' title='bbox 553 2567 677 2595; x_wconf 87' lang='lat' dir='ltr'><strong>constat</strong></span> <span class='ocrx_word' id='word_1_378' title='bbox 708 2563 804 2595; x_wconf 79' lang='lat' dir='ltr'><strong>fuisse</strong></span> <span class='ocrx_word' id='word_1_379' title='bbox 834 2563 958 2604; x_wconf 88' lang='lat' dir='ltr'><strong>aliquos</strong></span> <span class='ocrx_word' id='word_1_380' title='bbox 985 2563 1075 2595; x_wconf 88' lang='lat' dir='ltr'><strong>malis</strong></span> <span class='ocrx_word' id='word_1_381' title='bbox 1097 2563 1268 2604; x_wconf 87' lang='lat' dir='ltr'><strong>permistos</strong></span> 
     </span>
     <span class='ocr_line' id='line_1_54' title="bbox 296 2604 1268 2646; baseline 0.004 -13"><span class='ocrx_word' id='word_1_382' title='bbox 296 2605 351 2643; x_wconf 92' lang='lat' dir='ltr'><strong>qui</strong></span> <span class='ocrx_word' id='word_1_383' title='bbox 374 2604 480 2635; x_wconf 87' lang='lat' dir='ltr'><strong>Deum</strong></span> <span class='ocrx_word' id='word_1_384' title='bbox 511 2615 585 2636; x_wconf 88' lang='lat' dir='ltr'><strong>vere</strong></span> <span class='ocrx_word' id='word_1_385' title='bbox 614 2606 776 2637; x_wconf 86' lang='lat' dir='ltr'><strong>timerent.</strong></span> <span class='ocrx_word' id='word_1_386' title='bbox 822 2606 894 2638; x_wconf 87' lang='lat' dir='ltr'><strong>Hoc</strong></span> <span class='ocrx_word' id='word_1_387' title='bbox 923 2611 1155 2638; x_wconf 85' lang='lat' dir='ltr'><strong>commemorat</strong></span> <span class='ocrx_word' id='word_1_388' title='bbox 1181 2607 1268 2646; x_wconf 86' lang='lat' dir='ltr'><strong>Apo-</strong></span> 
     </span>
     <span class='ocr_line' id='line_1_55' title="bbox 297 2646 1269 2689; baseline 0.003 -12"><span class='ocrx_word' id='word_1_389' title='bbox 297 2646 400 2678; x_wconf 87' lang='lat' dir='ltr'><strong>stolus</strong></span> <span class='ocrx_word' id='word_1_390' title='bbox 438 2652 621 2688; x_wconf 87' lang='lat' dir='ltr'><strong>temperans</strong></span> <span class='ocrx_word' id='word_1_391' title='bbox 658 2648 740 2688; x_wconf 91' lang='lat' dir='ltr'><strong>quod</strong></span> <span class='ocrx_word' id='word_1_392' title='bbox 779 2649 923 2689; x_wconf 89' lang='lat' dir='ltr'><strong>asperius</strong></span> <span class='ocrx_word' id='word_1_393' title='bbox 958 2649 1062 2680; x_wconf 87' lang='lat' dir='ltr'><strong>fuerat</strong></span> <span class='ocrx_word' id='word_1_394' title='bbox 1096 2649 1216 2681; x_wconf 88' lang='lat' dir='ltr'><strong>dictum</strong></span> <span class='ocrx_word' id='word_1_395' title='bbox 1250 2659 1269 2680; x_wconf 89' lang='lat' dir='ltr'><strong>a</strong></span> 
     </span>
     <span class='ocr_line' id='line_1_56' title="bbox 297 2688 1267 2732; baseline 0.002 -12"><span class='ocrx_word' id='word_1_396' title='bbox 297 2688 435 2728; x_wconf 88' lang='lat' dir='ltr'><strong>Davide,</strong></span> <span class='ocrx_word' id='word_1_397' title='bbox 470 2695 506 2721; x_wconf 92' lang='lat' dir='ltr'><strong>ut</strong></span> <span class='ocrx_word' id='word_1_398' title='bbox 540 2691 677 2722; x_wconf 87' lang='lat' dir='ltr'><strong>sciamus</strong></span> <span class='ocrx_word' id='word_1_399' title='bbox 707 2692 740 2722; x_wconf 91' lang='lat' dir='ltr'><strong>in</strong></span> <span class='ocrx_word' id='word_1_400' title='bbox 771 2691 857 2723; x_wconf 88' lang='lat' dir='ltr'><strong>hunc</strong></span> <span class='ocrx_word' id='word_1_401' title='bbox 885 2691 983 2723; x_wconf 86' lang='lat' dir='ltr'><strong>finem</strong></span> <span class='ocrx_word' id='word_1_402' title='bbox 1014 2692 1163 2724; x_wconf 88' lang='lat' dir='ltr'><strong>omnibus</strong></span> <span class='ocrx_word' id='word_1_403' title='bbox 1196 2700 1267 2732; x_wconf 90' lang='lat' dir='ltr'><strong>pro-</strong></span> 
     </span>
    </p>
   </div>
   <div class='ocr_carea' id='block_1_3' title="bbox 1279 351 1286 982">
    <p class='ocr_par' dir='ltr' id='par_1_6' title="bbox 1279 351 1286 982">
     <span class='ocr_line' id='line_1_57' title="bbox 1279 351 1286 982; baseline 0 0"><span class='ocrx_word' id='word_1_404' title='bbox 1279 351 1286 982; x_wconf 95' lang='lat' dir='ltr'><strong> </strong></span> 
     </span>
    </p>
   </div>
   <div class='ocr_carea' id='block_1_4' title="bbox 1287 1369 1297 2432">
    <p class='ocr_par' dir='ltr' id='par_1_7' title="bbox 1287 1369 1297 2432">
     <span class='ocr_line' id='line_1_58' title="bbox 1287 1369 1297 2432; baseline 0 0"><span class='ocrx_word' id='word_1_405' title='bbox 1287 1369 1297 2432; x_wconf 95' lang='lat' dir='ltr'><strong> </strong></span> 
     </span>
    </p>
   </div>
   <div class='ocr_carea' id='block_1_5' title="bbox 1305 338 2294 2478">
    <p class='ocr_par' dir='ltr' id='par_1_8' title="bbox 1305 338 2287 1061">
     <span class='ocr_line' id='line_1_59' title="bbox 1307 338 2284 383; baseline 0.006 -14"><span class='ocrx_word' id='word_1_406' title='bbox 1307 338 1383 378; x_wconf 91' lang='lat' dir='ltr'><strong>poni</strong></span> <span class='ocrx_word' id='word_1_407' title='bbox 1404 338 1536 370; x_wconf 88' lang='lat' dir='ltr'><strong>verbum</strong></span> <span class='ocrx_word' id='word_1_408' title='bbox 1562 342 1596 369; x_wconf 90' lang='lat' dir='ltr'><strong>ut</strong></span> <span class='ocrx_word' id='word_1_409' title='bbox 1619 347 1730 371; x_wconf 85' lang='lat' dir='ltr'><strong>omnes</strong></span> <span class='ocrx_word' id='word_1_410' title='bbox 1752 339 1903 371; x_wconf 85' lang='lat' dir='ltr'><strong>obediant</strong></span> <span class='ocrx_word' id='word_1_411' title='bbox 1925 350 1987 372; x_wconf 81' lang='lat' dir='ltr'><strong>uuo</strong></span> <span class='ocrx_word' id='word_1_412' title='bbox 2008 351 2171 373; x_wconf 83' lang='lat' dir='ltr'><strong>consensu:</strong></span> <span class='ocrx_word' id='word_1_413' title='bbox 2193 345 2284 383; x_wconf 70' lang='lat' dir='ltr'><strong>atque</strong></span> 
     </span>
     <span class='ocr_line' id='line_1_60' title="bbox 1306 381 2283 424; baseline 0.006 -13"><span class='ocrx_word' id='word_1_414' title='bbox 1306 381 1412 412; x_wconf 78' lang='lat' dir='ltr'><strong>merito</strong></span> <span class='ocrx_word' id='word_1_415' title='bbox 1445 381 1593 412; x_wconf 76' lang='lat' dir='ltr'><strong>damnari</strong></span> <span class='ocrx_word' id='word_1_416' title='bbox 1626 381 1869 414; x_wconf 76' lang='lat' dir='ltr'><strong>incredulitatem</strong></span> <span class='ocrx_word' id='word_1_417' title='bbox 1900 383 1935 414; x_wconf 83' lang='lat' dir='ltr'><strong>iu</strong></span> <span class='ocrx_word' id='word_1_418' title='bbox 1972 385 2029 415; x_wconf 73' lang='lat' dir='ltr'><strong>toto</strong></span> <span class='ocrx_word' id='word_1_419' title='bbox 2062 384 2177 424; x_wconf 75' lang='lat' dir='ltr'><strong>populo</strong></span> <span class='ocrx_word' id='word_1_420' title='bbox 2206 385 2283 417; x_wconf 79' lang='lat' dir='ltr'><strong>dum</strong></span> 
     </span>
     <span class='ocr_line' id='line_1_61' title="bbox 1306 423 2282 464; baseline 0.006 -11"><span class='ocrx_word' id='word_1_421' title='bbox 1306 433 1437 464; x_wconf 72' lang='lat' dir='ltr'><strong>maqnae</strong></span> <span class='ocrx_word' id='word_1_422' title='bbox 1475 423 1581 463; x_wconf 73' lang='lat' dir='ltr'><strong>partis</strong></span> <span class='ocrx_word' id='word_1_423' title='bbox 1615 424 1781 464; x_wconf 80' lang='lat' dir='ltr'><strong>defectione</strong></span> <span class='ocrx_word' id='word_1_424' title='bbox 1817 425 1950 457; x_wconf 83' lang='lat' dir='ltr'><strong>lacerum</strong></span> <span class='ocrx_word' id='word_1_425' title='bbox 1987 429 2030 458; x_wconf 80' lang='lat' dir='ltr'><strong>est</strong></span> <span class='ocrx_word' id='word_1_426' title='bbox 2067 436 2102 458; x_wconf 88' lang='lat' dir='ltr'><strong>ac</strong></span> <span class='ocrx_word' id='word_1_427' title='bbox 2139 428 2282 459; x_wconf 80' lang='lat' dir='ltr'><strong>mutilum</strong></span> 
     </span>
     <span class='ocr_line' id='line_1_62' title="bbox 1305 466 2282 509; baseline 0.005 -12"><span class='ocrx_word' id='word_1_428' title='bbox 1305 476 1426 505; x_wconf 72' lang='lat' dir='ltr'><strong>corpus.</strong></span> <span class='ocrx_word' id='word_1_429' title='bbox 1481 466 1653 497; x_wconf 85' lang='lat' dir='ltr'><strong>Caeterum</strong></span> <span class='ocrx_word' id='word_1_430' title='bbox 1690 468 1774 507; x_wconf 88' lang='lat' dir='ltr'><strong>quod</strong></span> <span class='ocrx_word' id='word_1_431' title='bbox 1812 468 1889 499; x_wconf 89' lang='lat' dir='ltr'><strong>dicit</strong></span> <span class='ocrx_word' id='word_1_432' title='bbox 1923 468 2077 509; x_wconf 79' lang='lat' dir='ltr'><strong>quosdam</strong></span> <span class='ocrx_word' id='word_1_433' title='bbox 2111 479 2282 502; x_wconf 87' lang='lat' dir='ltr'><strong>exacer-</strong></span> 
     </span>
     <span class='ocr_line' id='line_1_63' title="bbox 1309 509 2283 552; baseline 0.006 -13"><span class='ocrx_word' id='word_1_434' title='bbox 1309 509 1439 546; x_wconf 83' lang='lat' dir='ltr'><strong>basse,</strong></span> <span class='ocrx_word' id='word_1_435' title='bbox 1470 519 1569 548; x_wconf 89' lang='lat' dir='ltr'><strong>quum</strong></span> <span class='ocrx_word' id='word_1_436' title='bbox 1599 511 1708 540; x_wconf 78' lang='lat' dir='ltr'><strong>tamen</strong></span> <span class='ocrx_word' id='word_1_437' title='bbox 1736 510 1831 552; x_wconf 86' lang='lat' dir='ltr'><strong>longe</strong></span> <span class='ocrx_word' id='word_1_438' title='bbox 1855 511 1957 542; x_wconf 81' lang='lat' dir='ltr'><strong>maior</strong></span> <span class='ocrx_word' id='word_1_439' title='bbox 1980 511 2059 543; x_wconf 83' lang='lat' dir='ltr'><strong>haec</strong></span> <span class='ocrx_word' id='word_1_440' title='bbox 2083 512 2179 544; x_wconf 78' lang='lat' dir='ltr'><strong>fuerit</strong></span> <span class='ocrx_word' id='word_1_441' title='bbox 2202 513 2283 545; x_wconf 92' lang='lat' dir='ltr'><strong>mul-</strong></span> 
     </span>
     <span class='ocr_line' id='line_1_64' title="bbox 1309 551 2282 588; baseline 0.005 -6"><span class='ocrx_word' id='word_1_442' title='bbox 1309 551 1425 582; x_wconf 85' lang='lat' dir='ltr'><strong>titudo:</strong></span> <span class='ocrx_word' id='word_1_443' title='bbox 1464 552 1493 581; x_wconf 91' lang='lat' dir='ltr'><strong>id</strong></span> <span class='ocrx_word' id='word_1_444' title='bbox 1523 551 1597 583; x_wconf 85' lang='lat' dir='ltr'><strong>facit</strong></span> <span class='ocrx_word' id='word_1_445' title='bbox 1635 562 1699 583; x_wconf 89' lang='lat' dir='ltr'><strong>non</strong></span> <span class='ocrx_word' id='word_1_446' title='bbox 1738 557 1865 584; x_wconf 89' lang='lat' dir='ltr'><strong>tantum</strong></span> <span class='ocrx_word' id='word_1_447' title='bbox 1905 554 2057 586; x_wconf 88' lang='lat' dir='ltr'><strong>vitandae</strong></span> <span class='ocrx_word' id='word_1_448' title='bbox 2094 555 2282 588; x_wconf 81' lang='lat' dir='ltr'><strong>offensionis</strong></span> 
     </span>
     <span class='ocr_line' id='line_1_65' title="bbox 1308 594 2281 634; baseline 0.004 -9"><span class='ocrx_word' id='word_1_449' title='bbox 1308 603 1414 634; x_wconf 82' lang='lat' dir='ltr'><strong>causa,</strong></span> <span class='ocrx_word' id='word_1_450' title='bbox 1439 594 1494 625; x_wconf 85' lang='lat' dir='ltr'><strong>sed</strong></span> <span class='ocrx_word' id='word_1_451' title='bbox 1519 599 1553 624; x_wconf 89' lang='lat' dir='ltr'><strong>ut</strong></span> <span class='ocrx_word' id='word_1_452' title='bbox 1570 594 1705 627; x_wconf 87' lang='lat' dir='ltr'><strong>Iudaeos</strong></span> <span class='ocrx_word' id='word_1_453' title='bbox 1727 597 1848 628; x_wconf 86' lang='lat' dir='ltr'><strong>animet</strong></span> <span class='ocrx_word' id='word_1_454' title='bbox 1871 597 1911 628; x_wconf 90' lang='lat' dir='ltr'><strong>ad</strong></span> <span class='ocrx_word' id='word_1_455' title='bbox 1934 607 2046 628; x_wconf 89' lang='lat' dir='ltr'><strong>eorum</strong></span> <span class='ocrx_word' id='word_1_456' title='bbox 2069 597 2281 630; x_wconf 89' lang='lat' dir='ltr'><strong>imitationem</strong></span> 
     </span>
     <span class='ocr_line' id='line_1_66' title="bbox 1309 636 2283 681; baseline 0.006 -15"><span class='ocrx_word' id='word_1_457' title='bbox 1309 637 1364 677; x_wconf 88' lang='lat' dir='ltr'><strong>qui</strong></span> <span class='ocrx_word' id='word_1_458' title='bbox 1393 636 1614 668; x_wconf 86' lang='lat' dir='ltr'><strong>crediderunt:</strong></span> <span class='ocrx_word' id='word_1_459' title='bbox 1650 647 1685 669; x_wconf 89' lang='lat' dir='ltr'><strong>ac</strong></span> <span class='ocrx_word' id='word_1_460' title='bbox 1708 639 1734 670; x_wconf 91' lang='lat' dir='ltr'><strong>si</strong></span> <span class='ocrx_word' id='word_1_461' title='bbox 1767 638 1900 672; x_wconf 89' lang='lat' dir='ltr'><strong>diceret:</strong></span> <span class='ocrx_word' id='word_1_462' title='bbox 1934 639 2039 672; x_wconf 86' lang='lat' dir='ltr'><strong>Sicuti</strong></span> <span class='ocrx_word' id='word_1_463' title='bbox 2072 650 2128 671; x_wconf 90' lang='lat' dir='ltr'><strong>vos</strong></span> <span class='ocrx_word' id='word_1_464' title='bbox 2152 646 2283 681; x_wconf 85' lang='lat' dir='ltr'><strong>patrum</strong></span> 
     </span>
     <span class='ocr_line' id='line_1_67' title="bbox 1309 679 2282 722; baseline 0.006 -13"><span class='ocrx_word' id='word_1_465' title='bbox 1309 679 1569 710; x_wconf 82' lang='lat' dir='ltr'><strong>incredulitatem</strong></span> <span class='ocrx_word' id='word_1_466' title='bbox 1603 681 1693 720; x_wconf 88' lang='lat' dir='ltr'><strong>sequi</strong></span> <span class='ocrx_word' id='word_1_467' title='bbox 1728 680 1816 712; x_wconf 89' lang='lat' dir='ltr'><strong>Deus</strong></span> <span class='ocrx_word' id='word_1_468' title='bbox 1851 687 1948 721; x_wconf 87' lang='lat' dir='ltr'><strong>vetat,</strong></span> <span class='ocrx_word' id='word_1_469' title='bbox 1982 683 2026 713; x_wconf 87' lang='lat' dir='ltr'><strong>ita</strong></span> <span class='ocrx_word' id='word_1_470' title='bbox 2061 687 2168 722; x_wconf 87' lang='lat' dir='ltr'><strong>patres</strong></span> <span class='ocrx_word' id='word_1_471' title='bbox 2202 683 2282 715; x_wconf 88' lang='lat' dir='ltr'><strong>alios</strong></span> 
     </span>
     <span class='ocr_line' id='line_1_68' title="bbox 1311 722 2284 765; baseline 0.004 -12"><span class='ocrx_word' id='word_1_472' title='bbox 1311 722 1400 753; x_wconf 86' lang='lat' dir='ltr'><strong>vobis</strong></span> <span class='ocrx_word' id='word_1_473' title='bbox 1433 722 1585 762; x_wconf 89' lang='lat' dir='ltr'><strong>proponit</strong></span> <span class='ocrx_word' id='word_1_474' title='bbox 1614 723 1647 754; x_wconf 90' lang='lat' dir='ltr'><strong>in</strong></span> <span class='ocrx_word' id='word_1_475' title='bbox 1678 724 1821 756; x_wconf 91' lang='lat' dir='ltr'><strong>medium</strong></span> <span class='ocrx_word' id='word_1_476' title='bbox 1845 735 1983 765; x_wconf 89' lang='lat' dir='ltr'><strong>quorum</strong></span> <span class='ocrx_word' id='word_1_477' title='bbox 2007 725 2086 757; x_wconf 86' lang='lat' dir='ltr'><strong>fides</strong></span> <span class='ocrx_word' id='word_1_478' title='bbox 2109 726 2150 757; x_wconf 87' lang='lat' dir='ltr'><strong>sit</strong></span> <span class='ocrx_word' id='word_1_479' title='bbox 2174 736 2284 757; x_wconf 81' lang='lat' dir='ltr'><strong>exem·</strong></span> 
     </span>
     <span class='ocr_line' id='line_1_69' title="bbox 1310 764 2285 808; baseline 0.005 -13"><span class='ocrx_word' id='word_1_480' title='bbox 1310 765 1373 805; x_wconf 86' lang='lat' dir='ltr'><strong>plo.</strong></span> <span class='ocrx_word' id='word_1_481' title='bbox 1426 764 1476 795; x_wconf 82' lang='lat' dir='ltr'><strong>Ita</strong></span> <span class='ocrx_word' id='word_1_482' title='bbox 1511 765 1677 806; x_wconf 87' lang='lat' dir='ltr'><strong>mitigatur</strong></span> <span class='ocrx_word' id='word_1_483' title='bbox 1711 767 1794 807; x_wconf 92' lang='lat' dir='ltr'><strong>quod</strong></span> <span class='ocrx_word' id='word_1_484' title='bbox 1825 768 1944 808; x_wconf 85' lang='lat' dir='ltr'><strong>alioqui</strong></span> <span class='ocrx_word' id='word_1_485' title='bbox 1976 768 2072 799; x_wconf 88' lang='lat' dir='ltr'><strong>nimis</strong></span> <span class='ocrx_word' id='word_1_486' title='bbox 2102 768 2216 799; x_wconf 89' lang='lat' dir='ltr'><strong>durum</strong></span> <span class='ocrx_word' id='word_1_487' title='bbox 2250 769 2285 800; x_wconf 92' lang='lat' dir='ltr'><strong>in</strong></span> 
     </span>
     <span class='ocr_line' id='line_1_70' title="bbox 1310 807 2286 848; baseline 0.004 -9"><span class='ocrx_word' id='word_1_488' title='bbox 1310 808 1446 847; x_wconf 88' lang='lat' dir='ltr'><strong>speciem</strong></span> <span class='ocrx_word' id='word_1_489' title='bbox 1478 807 1578 839; x_wconf 90' lang='lat' dir='ltr'><strong>videri</strong></span> <span class='ocrx_word' id='word_1_490' title='bbox 1607 814 1741 848; x_wconf 88' lang='lat' dir='ltr'><strong>poterat,</strong></span> <span class='ocrx_word' id='word_1_491' title='bbox 1771 809 1797 841; x_wconf 88' lang='lat' dir='ltr'><strong>si</strong></span> <span class='ocrx_word' id='word_1_492' title='bbox 1822 810 1855 841; x_wconf 92' lang='lat' dir='ltr'><strong>in</strong></span> <span class='ocrx_word' id='word_1_493' title='bbox 1879 815 1981 842; x_wconf 90' lang='lat' dir='ltr'><strong>totum</strong></span> <span class='ocrx_word' id='word_1_494' title='bbox 2005 811 2084 843; x_wconf 89' lang='lat' dir='ltr'><strong>iussi</strong></span> <span class='ocrx_word' id='word_1_495' title='bbox 2109 811 2244 843; x_wconf 81' lang='lat' dir='ltr'><strong>fuissent</strong></span> <span class='ocrx_word' id='word_1_496' title='bbox 2266 822 2286 843; x_wconf 82' lang='lat' dir='ltr'><strong>a</strong></span> 
     </span>
     <span class='ocr_line' id='line_1_71' title="bbox 1311 850 2284 894; baseline 0.005 -14"><span class='ocrx_word' id='word_1_497' title='bbox 1311 850 1455 891; x_wconf 73' lang='lat' dir='ltr'><strong>patribus</strong></span> <span class='ocrx_word' id='word_1_498' title='bbox 1478 850 1637 882; x_wconf 84' lang='lat' dir='ltr'><strong>recedere.</strong></span> <span class='ocrx_word' id='word_1_499' title='bbox 1683 852 1832 893; x_wconf 84' lang='lat' dir='ltr'><strong>Egredi</strong></span> <span class='ocrx_word' id='word_1_500' title='bbox 1856 863 1924 893; x_wconf 86' lang='lat' dir='ltr'><strong>per</strong></span> <span class='ocrx_word' id='word_1_501' title='bbox 1947 853 2100 892; x_wconf 88' lang='lat' dir='ltr'><strong>Mosen,</strong></span> <span class='ocrx_word' id='word_1_502' title='bbox 2123 854 2284 894; x_wconf 81' lang='lat' dir='ltr'><strong>significat</strong></span> 
     </span>
     <span class='ocr_line' id='line_1_72' title="bbox 1312 893 2284 934; baseline 0.005 -11"><span class='ocrx_word' id='word_1_503' title='bbox 1312 904 1366 932; x_wconf 87' lang='lat' dir='ltr'><strong>per</strong></span> <span class='ocrx_word' id='word_1_504' title='bbox 1401 903 1532 924; x_wconf 91' lang='lat' dir='ltr'><strong>manum</strong></span> <span class='ocrx_word' id='word_1_505' title='bbox 1564 893 1677 926; x_wconf 87' lang='lat' dir='ltr'><strong>Mosis:</strong></span> <span class='ocrx_word' id='word_1_506' title='bbox 1713 895 1788 934; x_wconf 87' lang='lat' dir='ltr'><strong>quia</strong></span> <span class='ocrx_word' id='word_1_507' title='bbox 1811 895 1871 926; x_wconf 83' lang='lat' dir='ltr'><strong>fuit</strong></span> <span class='ocrx_word' id='word_1_508' title='bbox 1893 895 2043 928; x_wconf 86' lang='lat' dir='ltr'><strong>minister</strong></span> <span class='ocrx_word' id='word_1_509' title='bbox 2073 896 2284 928; x_wconf 85' lang='lat' dir='ltr'><strong>liberationis.</strong></span> 
     </span>
     <span class='ocr_line' id='line_1_73' title="bbox 1313 936 2285 980; baseline 0.005 -14"><span class='ocrx_word' id='word_1_510' title='bbox 1313 936 1372 967; x_wconf 88' lang='lat' dir='ltr'><strong>Est</strong></span> <span class='ocrx_word' id='word_1_511' title='bbox 1401 939 1509 966; x_wconf 84' lang='lat' dir='ltr'><strong>autem</strong></span> <span class='ocrx_word' id='word_1_512' title='bbox 1545 936 1643 967; x_wconf 86' lang='lat' dir='ltr'><strong>tacita</strong></span> <span class='ocrx_word' id='word_1_513' title='bbox 1675 938 1871 977; x_wconf 87' lang='lat' dir='ltr'><strong>comparatio</strong></span> <span class='ocrx_word' id='word_1_514' title='bbox 1906 939 1974 970; x_wconf 88' lang='lat' dir='ltr'><strong>eius</strong></span> <span class='ocrx_word' id='word_1_515' title='bbox 2008 939 2166 977; x_wconf 87' lang='lat' dir='ltr'><strong>beneficii,</strong></span> <span class='ocrx_word' id='word_1_516' title='bbox 2201 939 2285 980; x_wconf 88' lang='lat' dir='ltr'><strong>quod</strong></span> 
     </span>
     <span class='ocr_line' id='line_1_74' title="bbox 1313 978 2287 1022; baseline 0.006 -14"><span class='ocrx_word' id='word_1_517' title='bbox 1313 979 1374 1009; x_wconf 88' lang='lat' dir='ltr'><strong>illis</strong></span> <span class='ocrx_word' id='word_1_518' title='bbox 1402 978 1492 1008; x_wconf 87' lang='lat' dir='ltr'><strong>Deus</strong></span> <span class='ocrx_word' id='word_1_519' title='bbox 1522 978 1703 1010; x_wconf 81' lang='lat' dir='ltr'><strong>contulerat</strong></span> <span class='ocrx_word' id='word_1_520' title='bbox 1732 990 1789 1020; x_wconf 89' lang='lat' dir='ltr'><strong>per</strong></span> <span class='ocrx_word' id='word_1_521' title='bbox 1813 980 1938 1018; x_wconf 90' lang='lat' dir='ltr'><strong>Mosen,</strong></span> <span class='ocrx_word' id='word_1_522' title='bbox 1968 986 2000 1013; x_wconf 91' lang='lat' dir='ltr'><strong>et</strong></span> <span class='ocrx_word' id='word_1_523' title='bbox 2028 982 2287 1022; x_wconf 85' lang='lat' dir='ltr'><strong>participationis</strong></span> 
     </span>
     <span class='ocr_line' id='line_1_75' title="bbox 1313 1021 2011 1061; baseline 0.004 -8"><span class='ocrx_word' id='word_1_524' title='bbox 1313 1021 1435 1053; x_wconf 83' lang='lat' dir='ltr'><strong>Christi</strong></span> <span class='ocrx_word' id='word_1_525' title='bbox 1460 1021 1552 1052; x_wconf 90' lang='lat' dir='ltr'><strong>cuius</strong></span> <span class='ocrx_word' id='word_1_526' title='bbox 1577 1022 1665 1061; x_wconf 88' lang='lat' dir='ltr'><strong>prius</strong></span> <span class='ocrx_word' id='word_1_527' title='bbox 1688 1023 1845 1053; x_wconf 89' lang='lat' dir='ltr'><strong>meminit.</strong></span> <span class='ocrx_word' id='word_1_528' title='bbox 2008 1052 2011 1056; x_wconf 96' lang='lat'><strong>.</strong></span> 
     </span>
    </p>

    <p class='ocr_par' dir='ltr' id='par_1_9' title="bbox 1313 1063 2294 2478">
     <span class='ocr_line' id='line_1_76' title="bbox 1400 1063 2287 1108; baseline 0.005 -14"><span class='ocrx_word' id='word_1_529' title='bbox 1400 1063 1448 1094; x_wconf 91' lang='grc'><strong>18.</strong></span> <span class='ocrx_word' id='word_1_530' title='bbox 1475 1063 1593 1103; x_wconf 77' lang='lat' dir='ltr'><strong>Quibus</strong></span> <span class='ocrx_word' id='word_1_531' title='bbox 1614 1066 1716 1096; x_wconf 74' lang='lat' dir='ltr'><strong>autem</strong></span> <span class='ocrx_word' id='word_1_532' title='bbox 1738 1065 1888 1105; x_wconf 78' lang='lat' dir='ltr'><strong>infensus.</strong></span> <span class='ocrx_word' id='word_1_533' title='bbox 1926 1065 2097 1105; x_wconf 77' lang='lat' dir='ltr'><strong>Significat</strong></span> <span class='ocrx_word' id='word_1_534' title='bbox 2119 1077 2287 1108; x_wconf 90' lang='lat' dir='ltr'><strong>nunquam</strong></span> 
     </span>
     <span class='ocr_line' id='line_1_77' title="bbox 1313 1106 2284 1149; baseline 0.005 -13"><span class='ocrx_word' id='word_1_535' title='bbox 1313 1108 1430 1137; x_wconf 86' lang='lat' dir='ltr'><strong>iratum</strong></span> <span class='ocrx_word' id='word_1_536' title='bbox 1454 1106 1552 1137; x_wconf 85' lang='lat' dir='ltr'><strong>fuisse</strong></span> <span class='ocrx_word' id='word_1_537' title='bbox 1576 1106 1682 1138; x_wconf 91' lang='lat' dir='ltr'><strong>Deum</strong></span> <span class='ocrx_word' id='word_1_538' title='bbox 1708 1108 1826 1148; x_wconf 92' lang='lat' dir='ltr'><strong>populo</strong></span> <span class='ocrx_word' id='word_1_539' title='bbox 1850 1118 1917 1149; x_wconf 87' lang='lat' dir='ltr'><strong>suo,</strong></span> <span class='ocrx_word' id='word_1_540' title='bbox 1948 1108 2010 1140; x_wconf 86' lang='lat' dir='ltr'><strong>nisi</strong></span> <span class='ocrx_word' id='word_1_541' title='bbox 2034 1109 2127 1140; x_wconf 87' lang='lat' dir='ltr'><strong>iustis</strong></span> <span class='ocrx_word' id='word_1_542' title='bbox 2150 1109 2188 1141; x_wconf 88' lang='lat' dir='ltr'><strong>de</strong></span> <span class='ocrx_word' id='word_1_543' title='bbox 2211 1120 2284 1142; x_wconf 89' lang='lat' dir='ltr'><strong>cau-</strong></span> 
     </span>
     <span class='ocr_line' id='line_1_78' title="bbox 1313 1149 2288 1192; baseline 0.003 -11"><span class='ocrx_word' id='word_1_544' title='bbox 1313 1150 1370 1181; x_wconf 86' lang='lat' dir='ltr'><strong>sis:</strong></span> <span class='ocrx_word' id='word_1_545' title='bbox 1399 1149 1671 1189; x_wconf 85' lang='lat' dir='ltr'><strong>quemadmodum</strong></span> <span class='ocrx_word' id='word_1_546' title='bbox 1695 1155 1727 1181; x_wconf 88' lang='lat' dir='ltr'><strong>et</strong></span> <span class='ocrx_word' id='word_1_547' title='bbox 1750 1151 1872 1182; x_wconf 88' lang='lat' dir='ltr'><strong>Paulus</strong></span> <span class='ocrx_word' id='word_1_548' title='bbox 1895 1156 2003 1183; x_wconf 88' lang='lat' dir='ltr'><strong>monet</strong></span> <span class='ocrx_word' id='word_1_549' title='bbox 2026 1152 2141 1192; x_wconf 87' lang='lat' dir='ltr'><strong>prioris</strong></span> <span class='ocrx_word' id='word_1_550' title='bbox 2164 1152 2204 1184; x_wconf 84' lang='lat' dir='ltr'><strong>ad</strong></span> <span class='ocrx_word' id='word_1_551' title='bbox 2227 1152 2288 1184; x_wconf 86' lang='lat' dir='ltr'><strong>Co-</strong></span> 
     </span>
     <span class='ocr_line' id='line_1_79' title="bbox 1314 1192 2287 1235; baseline 0.003 -12"><span class='ocrx_word' id='word_1_552' title='bbox 1314 1192 1450 1223; x_wconf 86' lang='lat' dir='ltr'><strong>rinthios</strong></span> <span class='ocrx_word' id='word_1_553' title='bbox 1473 1203 1540 1232; x_wconf 90' lang='lat' dir='ltr'><strong>cap.</strong></span> <span class='ocrx_word' id='word_1_554' title='bbox 1564 1192 1611 1231; x_wconf 89' lang='lat'><strong>10,</strong></span> <span class='ocrx_word' id='word_1_555' title='bbox 1642 1193 1671 1224; x_wconf 81' lang='lat'><strong>5.</strong></span> <span class='ocrx_word' id='word_1_556' title='bbox 1696 1194 1724 1225; x_wconf 88' lang='lat'><strong>6.</strong></span> <span class='ocrx_word' id='word_1_557' title='bbox 1770 1194 1858 1235; x_wconf 86' lang='lat' dir='ltr'><strong>Ergo</strong></span> <span class='ocrx_word' id='word_1_558' title='bbox 1887 1199 1963 1234; x_wconf 92' lang='lat' dir='ltr'><strong>quot</strong></span> <span class='ocrx_word' id='word_1_559' title='bbox 1987 1193 2049 1225; x_wconf 87' lang='lat' dir='ltr'><strong>Dei</strong></span> <span class='ocrx_word' id='word_1_560' title='bbox 2080 1194 2287 1226; x_wconf 88' lang='lat' dir='ltr'><strong>animadver-</strong></span> 
     </span>
     <span class='ocr_line' id='line_1_80' title="bbox 1314 1235 2289 1278; baseline 0.003 -13"><span class='ocrx_word' id='word_1_561' title='bbox 1314 1236 1418 1266; x_wconf 86' lang='lat' dir='ltr'><strong>siones</strong></span> <span class='ocrx_word' id='word_1_562' title='bbox 1434 1235 1590 1275; x_wconf 85' lang='lat' dir='ltr'><strong>leguntur</strong></span> <span class='ocrx_word' id='word_1_563' title='bbox 1605 1236 1637 1267; x_wconf 90' lang='lat' dir='ltr'><strong>in</strong></span> <span class='ocrx_word' id='word_1_564' title='bbox 1661 1236 1817 1276; x_wconf 89' lang='lat' dir='ltr'><strong>populum</strong></span> <span class='ocrx_word' id='word_1_565' title='bbox 1843 1240 1994 1274; x_wconf 87' lang='lat' dir='ltr'><strong>veterem,</strong></span> <span class='ocrx_word' id='word_1_566' title='bbox 2019 1242 2066 1268; x_wconf 89' lang='lat' dir='ltr'><strong>tot</strong></span> <span class='ocrx_word' id='word_1_567' title='bbox 2089 1237 2289 1278; x_wconf 88' lang='lat' dir='ltr'><strong>reperiemus</strong></span> 
     </span>
     <span class='ocr_line' id='line_1_81' title="bbox 1313 1278 2289 1320; baseline 0.004 -12"><span class='ocrx_word' id='word_1_568' title='bbox 1313 1278 1503 1319; x_wconf 86' lang='lat' dir='ltr'><strong>gravissima</strong></span> <span class='ocrx_word' id='word_1_569' title='bbox 1533 1284 1672 1319; x_wconf 87' lang='lat' dir='ltr'><strong>peccata,</strong></span> <span class='ocrx_word' id='word_1_570' title='bbox 1703 1289 1784 1319; x_wconf 89' lang='lat' dir='ltr'><strong>quae</strong></span> <span class='ocrx_word' id='word_1_571' title='bbox 1808 1279 1870 1310; x_wconf 90' lang='lat' dir='ltr'><strong>Dei</strong></span> <span class='ocrx_word' id='word_1_572' title='bbox 1891 1279 2066 1312; x_wconf 90' lang='lat' dir='ltr'><strong>vindictam</strong></span> <span class='ocrx_word' id='word_1_573' title='bbox 2094 1290 2289 1320; x_wconf 86' lang='lat' dir='ltr'><strong>provocave-</strong></span> 
     </span>
     <span class='ocr_line' id='line_1_82' title="bbox 1315 1320 2289 1363; baseline 0.003 -12"><span class='ocrx_word' id='word_1_574' title='bbox 1315 1326 1398 1352; x_wconf 85' lang='lat' dir='ltr'><strong>runt.</strong></span> <span class='ocrx_word' id='word_1_575' title='bbox 1445 1320 1651 1361; x_wconf 78' lang='lat' dir='ltr'><strong>Quamquam</strong></span> <span class='ocrx_word' id='word_1_576' title='bbox 1682 1321 1747 1353; x_wconf 89' lang='lat' dir='ltr'><strong>huc</strong></span> <span class='ocrx_word' id='word_1_577' title='bbox 1776 1321 1975 1353; x_wconf 90' lang='lat' dir='ltr'><strong>redeundum</strong></span> <span class='ocrx_word' id='word_1_578' title='bbox 2003 1328 2052 1354; x_wconf 86' lang='lat' dir='ltr'><strong>est</strong></span> <span class='ocrx_word' id='word_1_579' title='bbox 2073 1332 2210 1363; x_wconf 85' lang='lat' dir='ltr'><strong>semper,</strong></span> <span class='ocrx_word' id='word_1_580' title='bbox 2241 1323 2289 1354; x_wconf 91' lang='lat' dir='ltr'><strong>in-</strong></span> 
     </span>
     <span class='ocr_line' id='line_1_83' title="bbox 1314 1363 2289 1405; baseline 0.001 -9"><span class='ocrx_word' id='word_1_581' title='bbox 1314 1363 1537 1396; x_wconf 87' lang='lat' dir='ltr'><strong>credulitatem</strong></span> <span class='ocrx_word' id='word_1_582' title='bbox 1580 1364 1740 1396; x_wconf 86' lang='lat' dir='ltr'><strong>malorum</strong></span> <span class='ocrx_word' id='word_1_583' title='bbox 1771 1365 1916 1396; x_wconf 91' lang='lat' dir='ltr'><strong>omnium</strong></span> <span class='ocrx_word' id='word_1_584' title='bbox 1948 1375 2017 1396; x_wconf 89' lang='lat' dir='ltr'><strong>esse</strong></span> <span class='ocrx_word' id='word_1_585' title='bbox 2046 1371 2152 1405; x_wconf 89' lang='lat' dir='ltr'><strong>caput.</strong></span> <span class='ocrx_word' id='word_1_586' title='bbox 2203 1364 2289 1397; x_wconf 86' lang='lat' dir='ltr'><strong>Nam</strong></span> 
     </span>
     <span class='ocr_line' id='line_1_84' title="bbox 1315 1407 2289 1449; baseline 0.001 -11"><span class='ocrx_word' id='word_1_587' title='bbox 1315 1407 1460 1447; x_wconf 89' lang='lat' dir='ltr'><strong>quamvis</strong></span> <span class='ocrx_word' id='word_1_588' title='bbox 1490 1407 1574 1438; x_wconf 88' lang='lat' dir='ltr'><strong>hanc</strong></span> <span class='ocrx_word' id='word_1_589' title='bbox 1604 1408 1765 1448; x_wconf 86' lang='lat' dir='ltr'><strong>posterius</strong></span> <span class='ocrx_word' id='word_1_590' title='bbox 1794 1413 1968 1448; x_wconf 85' lang='lat' dir='ltr'><strong>recenseat,</strong></span> <span class='ocrx_word' id='word_1_591' title='bbox 2002 1408 2154 1449; x_wconf 84' lang='lat' dir='ltr'><strong>intelligit</strong></span> <span class='ocrx_word' id='word_1_592' title='bbox 2177 1410 2289 1440; x_wconf 88' lang='lat' dir='ltr'><strong>tamen</strong></span> 
     </span>
     <span class='ocr_line' id='line_1_85' title="bbox 1315 1449 2288 1491; baseline 0.002 -11"><span class='ocrx_word' id='word_1_593' title='bbox 1315 1450 1451 1491; x_wconf 89' lang='lat' dir='ltr'><strong>primam</strong></span> <span class='ocrx_word' id='word_1_594' title='bbox 1482 1450 1579 1481; x_wconf 87' lang='lat' dir='ltr'><strong>fuisse</strong></span> <span class='ocrx_word' id='word_1_595' title='bbox 1609 1449 1844 1482; x_wconf 86' lang='lat' dir='ltr'><strong>maledictionis</strong></span> <span class='ocrx_word' id='word_1_596' title='bbox 1874 1460 2014 1482; x_wconf 83' lang='lat' dir='ltr'><strong>causam.</strong></span> <span class='ocrx_word' id='word_1_597' title='bbox 2059 1451 2104 1482; x_wconf 87' lang='lat' dir='ltr'><strong>Et</strong></span> <span class='ocrx_word' id='word_1_598' title='bbox 2132 1456 2217 1482; x_wconf 88' lang='lat' dir='ltr'><strong>certe</strong></span> <span class='ocrx_word' id='word_1_599' title='bbox 2247 1461 2288 1482; x_wconf 88' lang='lat' dir='ltr'><strong>ex</strong></span> 
     </span>
     <span class='ocr_line' id='line_1_86' title="bbox 1315 1492 2290 1533; baseline 0 -9"><span class='ocrx_word' id='word_1_600' title='bbox 1315 1503 1377 1533; x_wconf 90' lang='lat' dir='ltr'><strong>quo</strong></span> <span class='ocrx_word' id='word_1_601' title='bbox 1407 1492 1507 1524; x_wconf 87' lang='lat' dir='ltr'><strong>semel</strong></span> <span class='ocrx_word' id='word_1_602' title='bbox 1535 1493 1667 1524; x_wconf 84' lang='lat' dir='ltr'><strong>fuerunt</strong></span> <span class='ocrx_word' id='word_1_603' title='bbox 1697 1493 1863 1532; x_wconf 88' lang='lat' dir='ltr'><strong>increduli,</strong></span> <span class='ocrx_word' id='word_1_604' title='bbox 1894 1504 1957 1525; x_wconf 92' lang='lat' dir='ltr'><strong>non</strong></span> <span class='ocrx_word' id='word_1_605' title='bbox 1984 1493 2180 1525; x_wconf 87' lang='lat' dir='ltr'><strong>destiterunt</strong></span> <span class='ocrx_word' id='word_1_606' title='bbox 2202 1493 2290 1524; x_wconf 86' lang='lat' dir='ltr'><strong>aliud</strong></span> 
     </span>
     <span class='ocr_line' id='line_1_87' title="bbox 1315 1535 2291 1576; baseline -0.001 -8"><span class='ocrx_word' id='word_1_607' title='bbox 1315 1547 1355 1568; x_wconf 78' lang='lat' dir='ltr'><strong>ex</strong></span> <span class='ocrx_word' id='word_1_608' title='bbox 1385 1535 1447 1566; x_wconf 89' lang='lat' dir='ltr'><strong>alio</strong></span> <span class='ocrx_word' id='word_1_609' title='bbox 1478 1546 1618 1576; x_wconf 88' lang='lat' dir='ltr'><strong>peccare,</strong></span> <span class='ocrx_word' id='word_1_610' title='bbox 1653 1540 1685 1568; x_wconf 87' lang='lat' dir='ltr'><strong>et</strong></span> <span class='ocrx_word' id='word_1_611' title='bbox 1714 1536 1760 1567; x_wconf 85' lang='lat' dir='ltr'><strong>ita</strong></span> <span class='ocrx_word' id='word_1_612' title='bbox 1789 1546 1874 1568; x_wconf 87' lang='lat' dir='ltr'><strong>nova</strong></span> <span class='ocrx_word' id='word_1_613' title='bbox 1904 1536 2041 1568; x_wconf 88' lang='lat' dir='ltr'><strong>subinde</strong></span> <span class='ocrx_word' id='word_1_614' title='bbox 2071 1535 2201 1576; x_wconf 84' lang='lat' dir='ltr'><strong>flagella</strong></span> <span class='ocrx_word' id='word_1_615' title='bbox 2229 1535 2291 1568; x_wconf 85' lang='lat' dir='ltr'><strong>sibi</strong></span> 
     </span>
     <span class='ocr_line' id='line_1_88' title="bbox 1316 1578 2291 1620; baseline -0.001 -9"><span class='ocrx_word' id='word_1_616' title='bbox 1316 1589 1488 1611; x_wconf 88' lang='lat' dir='ltr'><strong>accersere.</strong></span> <span class='ocrx_word' id='word_1_617' title='bbox 1534 1579 1638 1610; x_wconf 89' lang='lat' dir='ltr'><strong>Iidem</strong></span> <span class='ocrx_word' id='word_1_618' title='bbox 1678 1589 1755 1619; x_wconf 85' lang='lat' dir='ltr'><strong>ergo</strong></span> <span class='ocrx_word' id='word_1_619' title='bbox 1795 1578 1853 1619; x_wconf 91' lang='lat' dir='ltr'><strong>illi,</strong></span> <span class='ocrx_word' id='word_1_620' title='bbox 1895 1580 1947 1620; x_wconf 91' lang='lat' dir='ltr'><strong>qui</strong></span> <span class='ocrx_word' id='word_1_621' title='bbox 1986 1589 2043 1619; x_wconf 89' lang='lat' dir='ltr'><strong>per</strong></span> <span class='ocrx_word' id='word_1_622' title='bbox 2076 1578 2291 1610; x_wconf 83' lang='lat' dir='ltr'><strong>diffidentiam</strong></span> 
     </span>
     <span class='ocr_line' id='line_1_89' title="bbox 1316 1621 2291 1662; baseline -0.002 -8"><span class='ocrx_word' id='word_1_623' title='bbox 1316 1626 1509 1662; x_wconf 86' lang='lat' dir='ltr'><strong>respuerant</strong></span> <span class='ocrx_word' id='word_1_624' title='bbox 1540 1621 1678 1653; x_wconf 87' lang='lat' dir='ltr'><strong>oblatam</strong></span> <span class='ocrx_word' id='word_1_625' title='bbox 1709 1622 1769 1653; x_wconf 88' lang='lat' dir='ltr'><strong>sibi</strong></span> <span class='ocrx_word' id='word_1_626' title='bbox 1798 1627 1904 1653; x_wconf 89' lang='lat' dir='ltr'><strong>terrae</strong></span> <span class='ocrx_word' id='word_1_627' title='bbox 1927 1622 2170 1662; x_wconf 88' lang='lat' dir='ltr'><strong>possessionem,</strong></span> <span class='ocrx_word' id='word_1_628' title='bbox 2202 1631 2291 1653; x_wconf 87' lang='lat' dir='ltr'><strong>nunc</strong></span> 
     </span>
     <span class='ocr_line' id='line_1_90' title="bbox 1317 1664 2291 1705; baseline -0.001 -9"><span class='ocrx_word' id='word_1_629' title='bbox 1317 1665 1580 1705; x_wconf 87' lang='lat' dir='ltr'><strong>concupiscendo,</strong></span> <span class='ocrx_word' id='word_1_630' title='bbox 1611 1675 1697 1696; x_wconf 89' lang='lat' dir='ltr'><strong>nunc</strong></span> <span class='ocrx_word' id='word_1_631' title='bbox 1729 1666 1971 1703; x_wconf 88' lang='lat' dir='ltr'><strong>murmurando,</strong></span> <span class='ocrx_word' id='word_1_632' title='bbox 2003 1674 2088 1696; x_wconf 88' lang='lat' dir='ltr'><strong>nunc</strong></span> <span class='ocrx_word' id='word_1_633' title='bbox 2111 1664 2291 1702; x_wconf 86' lang='lat' dir='ltr'><strong>scortando,</strong></span> 
     </span>
     <span class='ocr_line' id='line_1_91' title="bbox 1318 1707 2294 1748; baseline -0.002 -8"><span class='ocrx_word' id='word_1_634' title='bbox 1318 1719 1404 1740; x_wconf 89' lang='lat' dir='ltr'><strong>nunc</strong></span> <span class='ocrx_word' id='word_1_635' title='bbox 1434 1707 1579 1748; x_wconf 87' lang='lat' dir='ltr'><strong>profanis</strong></span> <span class='ocrx_word' id='word_1_636' title='bbox 1601 1708 1886 1748; x_wconf 84' lang='lat' dir='ltr'><strong>superstitionibus</strong></span> <span class='ocrx_word' id='word_1_637' title='bbox 1910 1718 1943 1739; x_wconf 85' lang='lat' dir='ltr'><strong>se</strong></span> <span class='ocrx_word' id='word_1_638' title='bbox 1966 1707 2148 1748; x_wconf 88' lang='lat' dir='ltr'><strong>polluendo,</strong></span> <span class='ocrx_word' id='word_1_639' title='bbox 2182 1712 2294 1739; x_wconf 86' lang='lat' dir='ltr'><strong>contu-</strong></span> 
     </span>
     <span class='ocr_line' id='line_1_92' title="bbox 1318 1750 2293 1791; baseline -0.002 -9"><span class='ocrx_word' id='word_1_640' title='bbox 1318 1752 1454 1783; x_wconf 86' lang='lat' dir='ltr'><strong>maciam</strong></span> <span class='ocrx_word' id='word_1_641' title='bbox 1488 1761 1579 1782; x_wconf 90' lang='lat' dir='ltr'><strong>suam</strong></span> <span class='ocrx_word' id='word_1_642' title='bbox 1609 1751 1797 1791; x_wconf 84' lang='lat' dir='ltr'><strong>prosequuti</strong></span> <span class='ocrx_word' id='word_1_643' title='bbox 1828 1755 1916 1790; x_wconf 91' lang='lat' dir='ltr'><strong>sunt,</strong></span> <span class='ocrx_word' id='word_1_644' title='bbox 1950 1760 2011 1790; x_wconf 93' lang='lat' dir='ltr'><strong>quo</strong></span> <span class='ocrx_word' id='word_1_645' title='bbox 2041 1750 2145 1790; x_wconf 87' lang='lat' dir='ltr'><strong>magis</strong></span> <span class='ocrx_word' id='word_1_646' title='bbox 2173 1754 2293 1781; x_wconf 88' lang='lat' dir='ltr'><strong>testata</strong></span> 
     </span>
     <span class='ocr_line' id='line_1_93' title="bbox 1318 1793 2291 1834; baseline -0.002 -9"><span class='ocrx_word' id='word_1_647' title='bbox 1318 1798 1401 1826; x_wconf 84' lang='lat' dir='ltr'><strong>esset</strong></span> <span class='ocrx_word' id='word_1_648' title='bbox 1424 1804 1534 1825; x_wconf 88' lang='lat' dir='ltr'><strong>eorum</strong></span> <span class='ocrx_word' id='word_1_649' title='bbox 1558 1794 1712 1834; x_wconf 85' lang='lat' dir='ltr'><strong>pravitas.</strong></span> <span class='ocrx_word' id='word_1_650' title='bbox 1746 1793 1807 1824; x_wconf 89' lang='lat' dir='ltr'><strong>Illa</strong></span> <span class='ocrx_word' id='word_1_651' title='bbox 1831 1793 1929 1833; x_wconf 87' lang='lat' dir='ltr'><strong>igitur</strong></span> <span class='ocrx_word' id='word_1_652' title='bbox 1951 1793 2167 1830; x_wconf 86' lang='lat' dir='ltr'><strong>incredulitas,</strong></span> <span class='ocrx_word' id='word_1_653' title='bbox 2191 1802 2291 1833; x_wconf 89' lang='lat' dir='ltr'><strong>quam</strong></span> 
     </span>
     <span class='ocr_line' id='line_1_94' title="bbox 1319 1835 2294 1877; baseline -0.002 -9"><span class='ocrx_word' id='word_1_654' title='bbox 1319 1838 1358 1869; x_wconf 84' lang='lat' dir='ltr'><strong>ab</strong></span> <span class='ocrx_word' id='word_1_655' title='bbox 1388 1837 1480 1868; x_wconf 90' lang='lat' dir='ltr'><strong>initio</strong></span> <span class='ocrx_word' id='word_1_656' title='bbox 1513 1836 1731 1877; x_wconf 88' lang='lat' dir='ltr'><strong>prodiderunt,</strong></span> <span class='ocrx_word' id='word_1_657' title='bbox 1763 1836 1827 1867; x_wconf 88' lang='lat' dir='ltr'><strong>illis</strong></span> <span class='ocrx_word' id='word_1_658' title='bbox 1856 1836 1982 1867; x_wconf 89' lang='lat' dir='ltr'><strong>obstitit</strong></span> <span class='ocrx_word' id='word_1_659' title='bbox 2013 1837 2182 1877; x_wconf 88' lang='lat' dir='ltr'><strong>quominus</strong></span> <span class='ocrx_word' id='word_1_660' title='bbox 2209 1835 2294 1867; x_wconf 82' lang='lat' dir='ltr'><strong>frue-</strong></span> 
     </span>
     <span class='ocr_line' id='line_1_95' title="bbox 1320 1876 2293 1919; baseline -0.002 -8"><span class='ocrx_word' id='word_1_661' title='bbox 1320 1884 1432 1911; x_wconf 87' lang='lat' dir='ltr'><strong>rentur</strong></span> <span class='ocrx_word' id='word_1_662' title='bbox 1457 1880 1516 1911; x_wconf 87' lang='lat' dir='ltr'><strong>Dei</strong></span> <span class='ocrx_word' id='word_1_663' title='bbox 1541 1880 1708 1911; x_wconf 88' lang='lat' dir='ltr'><strong>beneficio:</strong></span> <span class='ocrx_word' id='word_1_664' title='bbox 1735 1879 1810 1919; x_wconf 89' lang='lat' dir='ltr'><strong>quia</strong></span> <span class='ocrx_word' id='word_1_665' title='bbox 1834 1878 1924 1911; x_wconf 84' lang='lat' dir='ltr'><strong>verbi</strong></span> <span class='ocrx_word' id='word_1_666' title='bbox 1947 1882 2152 1919; x_wconf 86' lang='lat' dir='ltr'><strong>contemptus</strong></span> <span class='ocrx_word' id='word_1_667' title='bbox 2176 1888 2230 1910; x_wconf 89' lang='lat' dir='ltr'><strong>eos</strong></span> <span class='ocrx_word' id='word_1_668' title='bbox 2252 1876 2293 1909; x_wconf 84' lang='lat' dir='ltr'><strong>ad</strong></span> 
     </span>
     <span class='ocr_line' id='line_1_96' title="bbox 1320 1921 2294 1963; baseline -0.002 -9"><span class='ocrx_word' id='word_1_669' title='bbox 1320 1923 1516 1963; x_wconf 89' lang='lat' dir='ltr'><strong>peccandum</strong></span> <span class='ocrx_word' id='word_1_670' title='bbox 1541 1932 1668 1963; x_wconf 84' lang='lat' dir='ltr'><strong>semper</strong></span> <span class='ocrx_word' id='word_1_671' title='bbox 1687 1921 1844 1954; x_wconf 87' lang='lat' dir='ltr'><strong>incitavit.</strong></span> <span class='ocrx_word' id='word_1_672' title='bbox 1890 1921 1939 1953; x_wconf 92' lang='lat' dir='ltr'><strong>Ac</strong></span> <span class='ocrx_word' id='word_1_673' title='bbox 1962 1922 2048 1954; x_wconf 87' lang='lat' dir='ltr'><strong>sicut</strong></span> <span class='ocrx_word' id='word_1_674' title='bbox 2070 1921 2294 1953; x_wconf 84' lang='lat' dir='ltr'><strong>incredulitate</strong></span> 
     </span>
     <span class='ocr_line' id='line_1_97' title="bbox 1320 1964 2294 2005; baseline -0.002 -9"><span class='ocrx_word' id='word_1_675' title='bbox 1320 1966 1459 2005; x_wconf 88' lang='lat' dir='ltr'><strong>primum</strong></span> <span class='ocrx_word' id='word_1_676' title='bbox 1489 1976 1548 1997; x_wconf 87' lang='lat' dir='ltr'><strong>sua</strong></span> <span class='ocrx_word' id='word_1_677' title='bbox 1578 1965 1686 1996; x_wconf 89' lang='lat' dir='ltr'><strong>meriti</strong></span> <span class='ocrx_word' id='word_1_678' title='bbox 1715 1967 1793 1996; x_wconf 89' lang='lat' dir='ltr'><strong>sunt</strong></span> <span class='ocrx_word' id='word_1_679' title='bbox 1823 1969 1857 1995; x_wconf 91' lang='lat' dir='ltr'><strong>ut</strong></span> <span class='ocrx_word' id='word_1_680' title='bbox 1887 1965 1998 2005; x_wconf 87' lang='lat' dir='ltr'><strong>requie</strong></span> <span class='ocrx_word' id='word_1_681' title='bbox 2022 1965 2179 2004; x_wconf 87' lang='lat' dir='ltr'><strong>promissa</strong></span> <span class='ocrx_word' id='word_1_682' title='bbox 2203 1964 2294 1995; x_wconf 87' lang='lat' dir='ltr'><strong>Deus</strong></span> 
     </span>
     <span class='ocr_line' id='line_1_98' title="bbox 1320 2006 2293 2048; baseline -0.002 -9"><span class='ocrx_word' id='word_1_683' title='bbox 1320 2019 1372 2040; x_wconf 85' lang='lat' dir='ltr'><strong>eos</strong></span> <span class='ocrx_word' id='word_1_684' title='bbox 1389 2009 1545 2048; x_wconf 86' lang='lat' dir='ltr'><strong>privaret:</strong></span> <span class='ocrx_word' id='word_1_685' title='bbox 1569 2008 1615 2040; x_wconf 88' lang='lat' dir='ltr'><strong>ita</strong></span> <span class='ocrx_word' id='word_1_686' title='bbox 1631 2007 1784 2048; x_wconf 89' lang='lat' dir='ltr'><strong>quidquid</strong></span> <span class='ocrx_word' id='word_1_687' title='bbox 1801 2011 1910 2048; x_wconf 83' lang='lat' dir='ltr'><strong>postea</strong></span> <span class='ocrx_word' id='word_1_688' title='bbox 1926 2012 2099 2048; x_wconf 88' lang='lat' dir='ltr'><strong>peccarunt</strong></span> <span class='ocrx_word' id='word_1_689' title='bbox 2116 2017 2158 2038; x_wconf 81' lang='lat' dir='ltr'><strong>ex</strong></span> <span class='ocrx_word' id='word_1_690' title='bbox 2181 2006 2293 2038; x_wconf 89' lang='lat' dir='ltr'><strong>eodem</strong></span> 
     </span>
     <span class='ocr_line' id='line_1_99' title="bbox 1321 2049 2292 2090; baseline -0.002 -8"><span class='ocrx_word' id='word_1_691' title='bbox 1321 2052 1408 2083; x_wconf 89' lang='lat' dir='ltr'><strong>fonte</strong></span> <span class='ocrx_word' id='word_1_692' title='bbox 1430 2051 1585 2083; x_wconf 86' lang='lat' dir='ltr'><strong>manavit.</strong></span> <span class='ocrx_word' id='word_1_693' title='bbox 1622 2051 1723 2082; x_wconf 90' lang='lat' dir='ltr'><strong>Porro</strong></span> <span class='ocrx_word' id='word_1_694' title='bbox 1744 2050 1910 2090; x_wconf 87' lang='lat' dir='ltr'><strong>quaeritur</strong></span> <span class='ocrx_word' id='word_1_695' title='bbox 1934 2061 1973 2081; x_wconf 90' lang='lat' dir='ltr'><strong>an</strong></span> <span class='ocrx_word' id='word_1_696' title='bbox 1991 2050 2099 2082; x_wconf 89' lang='lat' dir='ltr'><strong>Moses</strong></span> <span class='ocrx_word' id='word_1_697' title='bbox 2122 2054 2155 2080; x_wconf 86' lang='lat' dir='ltr'><strong>et</strong></span> <span class='ocrx_word' id='word_1_698' title='bbox 2170 2049 2292 2087; x_wconf 85' lang='lat' dir='ltr'><strong>Aaron,</strong></span> 
     </span>
     <span class='ocr_line' id='line_1_100' title="bbox 1321 2091 2292 2133; baseline -0.002 -8"><span class='ocrx_word' id='word_1_699' title='bbox 1321 2105 1356 2126; x_wconf 90' lang='lat' dir='ltr'><strong>ac</strong></span> <span class='ocrx_word' id='word_1_700' title='bbox 1379 2094 1510 2133; x_wconf 88' lang='lat' dir='ltr'><strong>similes,</strong></span> <span class='ocrx_word' id='word_1_701' title='bbox 1538 2094 1572 2125; x_wconf 90' lang='lat' dir='ltr'><strong>in</strong></span> <span class='ocrx_word' id='word_1_702' title='bbox 1596 2094 1657 2125; x_wconf 89' lang='lat' dir='ltr'><strong>hoc</strong></span> <span class='ocrx_word' id='word_1_703' title='bbox 1679 2103 1814 2124; x_wconf 89' lang='lat' dir='ltr'><strong>numero</strong></span> <span class='ocrx_word' id='word_1_704' title='bbox 1838 2092 2165 2132; x_wconf 84' lang='lat' dir='ltr'><strong>comprehendantur.</strong></span> <span class='ocrx_word' id='word_1_705' title='bbox 2209 2091 2292 2123; x_wconf 89' lang='lat' dir='ltr'><strong>Res-</strong></span> 
     </span>
     <span class='ocr_line' id='line_1_101' title="bbox 1321 2135 2293 2177; baseline -0.004 -8"><span class='ocrx_word' id='word_1_706' title='bbox 1321 2137 1456 2177; x_wconf 89' lang='lat' dir='ltr'><strong>pondeo,</strong></span> <span class='ocrx_word' id='word_1_707' title='bbox 1479 2137 1659 2177; x_wconf 84' lang='lat' dir='ltr'><strong>apostolum</strong></span> <span class='ocrx_word' id='word_1_708' title='bbox 1675 2135 1714 2167; x_wconf 89' lang='lat' dir='ltr'><strong>de</strong></span> <span class='ocrx_word' id='word_1_709' title='bbox 1737 2136 1889 2167; x_wconf 87' lang='lat' dir='ltr'><strong>universo</strong></span> <span class='ocrx_word' id='word_1_710' title='bbox 1913 2136 2016 2176; x_wconf 84' lang='lat' dir='ltr'><strong>magis</strong></span> <span class='ocrx_word' id='word_1_711' title='bbox 2039 2144 2172 2175; x_wconf 88' lang='lat' dir='ltr'><strong>corpore</strong></span> <span class='ocrx_word' id='word_1_712' title='bbox 2195 2144 2293 2175; x_wconf 87' lang='lat' dir='ltr'><strong>quam</strong></span> 
     </span>
     <span class='ocr_line' id='line_1_102' title="bbox 1321 2178 2293 2221; baseline -0.004 -10"><span class='ocrx_word' id='word_1_713' title='bbox 1321 2180 1359 2211; x_wconf 87' lang='lat' dir='ltr'><strong>de</strong></span> <span class='ocrx_word' id='word_1_714' title='bbox 1387 2179 1525 2221; x_wconf 83' lang='lat' dir='ltr'><strong>singulis</strong></span> <span class='ocrx_word' id='word_1_715' title='bbox 1553 2179 1706 2212; x_wconf 87' lang='lat' dir='ltr'><strong>membris</strong></span> <span class='ocrx_word' id='word_1_716' title='bbox 1734 2178 1830 2219; x_wconf 90' lang='lat' dir='ltr'><strong>loqui.</strong></span> <span class='ocrx_word' id='word_1_717' title='bbox 1876 2178 2009 2210; x_wconf 87' lang='lat' dir='ltr'><strong>Certum</strong></span> <span class='ocrx_word' id='word_1_718' title='bbox 2040 2182 2088 2209; x_wconf 89' lang='lat' dir='ltr'><strong>est</strong></span> <span class='ocrx_word' id='word_1_719' title='bbox 2111 2178 2293 2217; x_wconf 82' lang='lat' dir='ltr'><strong>complures</strong></span> 
     </span>
     <span class='ocr_line' id='line_1_103' title="bbox 1321 2220 2294 2263; baseline -0.003 -10"><span class='ocrx_word' id='word_1_720' title='bbox 1321 2223 1418 2255; x_wconf 87' lang='lat' dir='ltr'><strong>fuisse</strong></span> <span class='ocrx_word' id='word_1_721' title='bbox 1449 2223 1516 2263; x_wconf 89' lang='lat' dir='ltr'><strong>pios</strong></span> <span class='ocrx_word' id='word_1_722' title='bbox 1545 2223 1598 2263; x_wconf 91' lang='lat' dir='ltr'><strong>qui</strong></span> <span class='ocrx_word' id='word_1_723' title='bbox 1623 2224 1673 2254; x_wconf 85' lang='lat' dir='ltr'><strong>vel</strong></span> <span class='ocrx_word' id='word_1_724' title='bbox 1695 2221 1858 2254; x_wconf 86' lang='lat' dir='ltr'><strong>communi</strong></span> <span class='ocrx_word' id='word_1_725' title='bbox 1881 2221 2047 2261; x_wconf 86' lang='lat' dir='ltr'><strong>impietate</strong></span> <span class='ocrx_word' id='word_1_726' title='bbox 2071 2230 2138 2251; x_wconf 89' lang='lat' dir='ltr'><strong>non</strong></span> <span class='ocrx_word' id='word_1_727' title='bbox 2161 2220 2294 2251; x_wconf 88' lang='lat' dir='ltr'><strong>fuerunt</strong></span> 
     </span>
     <span class='ocr_line' id='line_1_104' title="bbox 1320 2261 2293 2306; baseline -0.003 -10"><span class='ocrx_word' id='word_1_728' title='bbox 1320 2266 1476 2306; x_wconf 88' lang='lat' dir='ltr'><strong>impliciti,</strong></span> <span class='ocrx_word' id='word_1_729' title='bbox 1500 2265 1552 2298; x_wconf 87' lang='lat' dir='ltr'><strong>vel</strong></span> <span class='ocrx_word' id='word_1_730' title='bbox 1575 2276 1650 2297; x_wconf 82' lang='lat' dir='ltr'><strong>mox</strong></span> <span class='ocrx_word' id='word_1_731' title='bbox 1673 2265 1887 2305; x_wconf 85' lang='lat' dir='ltr'><strong>resipuerunt.</strong></span> <span class='ocrx_word' id='word_1_732' title='bbox 1918 2263 2018 2296; x_wconf 87' lang='lat' dir='ltr'><strong>Mosis</strong></span> <span class='ocrx_word' id='word_1_733' title='bbox 2041 2262 2171 2303; x_wconf 90' lang='lat' dir='ltr'><strong>quidem</strong></span> <span class='ocrx_word' id='word_1_734' title='bbox 2192 2261 2293 2294; x_wconf 90' lang='lat' dir='ltr'><strong>semel</strong></span> 
     </span>
     <span class='ocr_line' id='line_1_105' title="bbox 1322 2305 2291 2347; baseline -0.004 -7"><span class='ocrx_word' id='word_1_735' title='bbox 1322 2312 1450 2340; x_wconf 86' lang='lat' dir='ltr'><strong>tantum</strong></span> <span class='ocrx_word' id='word_1_736' title='bbox 1483 2319 1638 2340; x_wconf 90' lang='lat' dir='ltr'><strong>concussa</strong></span> <span class='ocrx_word' id='word_1_737' title='bbox 1671 2308 1730 2339; x_wconf 86' lang='lat' dir='ltr'><strong>fuit</strong></span> <span class='ocrx_word' id='word_1_738' title='bbox 1761 2306 1853 2347; x_wconf 89' lang='lat' dir='ltr'><strong>fides,</strong></span> <span class='ocrx_word' id='word_1_739' title='bbox 1886 2306 1982 2346; x_wconf 87' lang='lat' dir='ltr'><strong>idque</strong></span> <span class='ocrx_word' id='word_1_740' title='bbox 2010 2305 2051 2337; x_wconf 90' lang='lat' dir='ltr'><strong>ad</strong></span> <span class='ocrx_word' id='word_1_741' title='bbox 2081 2310 2291 2337; x_wconf 87' lang='lat' dir='ltr'><strong>momentum.</strong></span> 
     </span>
     <span class='ocr_line' id='line_1_106' title="bbox 1322 2347 2292 2391; baseline -0.004 -9"><span class='ocrx_word' id='word_1_742' title='bbox 1322 2351 1431 2390; x_wconf 80' lang='lat' dir='ltr'><strong>Quare</strong></span> <span class='ocrx_word' id='word_1_743' title='bbox 1454 2351 1488 2382; x_wconf 89' lang='lat' dir='ltr'><strong>in</strong></span> <span class='ocrx_word' id='word_1_744' title='bbox 1512 2351 1616 2383; x_wconf 89' lang='lat' dir='ltr'><strong>verbis</strong></span> <span class='ocrx_word' id='word_1_745' title='bbox 1639 2349 1774 2391; x_wconf 86' lang='lat' dir='ltr'><strong>apostoli</strong></span> <span class='ocrx_word' id='word_1_746' title='bbox 1796 2356 1844 2381; x_wconf 86' lang='lat' dir='ltr'><strong>est</strong></span> <span class='ocrx_word' id='word_1_747' title='bbox 1866 2348 2074 2390; x_wconf 86' lang='lat' dir='ltr'><strong>synecdoche,</strong></span> <span class='ocrx_word' id='word_1_748' title='bbox 2098 2348 2190 2379; x_wconf 89' lang='lat' dir='ltr'><strong>cuius</strong></span> <span class='ocrx_word' id='word_1_749' title='bbox 2212 2347 2292 2380; x_wconf 86' lang='lat' dir='ltr'><strong>satis</strong></span> 
     </span>
     <span class='ocr_line' id='line_1_107' title="bbox 1322 2390 2293 2434; baseline -0.003 -9"><span class='ocrx_word' id='word_1_750' title='bbox 1322 2394 1470 2434; x_wconf 85' lang='lat' dir='ltr'><strong>frequens</strong></span> <span class='ocrx_word' id='word_1_751' title='bbox 1494 2398 1543 2426; x_wconf 90' lang='lat' dir='ltr'><strong>est</strong></span> <span class='ocrx_word' id='word_1_752' title='bbox 1564 2404 1642 2426; x_wconf 86' lang='lat' dir='ltr'><strong>usus</strong></span> <span class='ocrx_word' id='word_1_753' title='bbox 1664 2393 1787 2434; x_wconf 88' lang='lat' dir='ltr'><strong>quoties</strong></span> <span class='ocrx_word' id='word_1_754' title='bbox 1811 2392 1849 2423; x_wconf 91' lang='lat' dir='ltr'><strong>de</strong></span> <span class='ocrx_word' id='word_1_755' title='bbox 1872 2392 1979 2432; x_wconf 84' lang='lat' dir='ltr'><strong>aliqua</strong></span> <span class='ocrx_word' id='word_1_756' title='bbox 2002 2390 2210 2423; x_wconf 89' lang='lat' dir='ltr'><strong>multitudine</strong></span> <span class='ocrx_word' id='word_1_757' title='bbox 2236 2394 2293 2422; x_wconf 87' lang='lat' dir='ltr'><strong>aut</strong></span> 
     </span>
     <span class='ocr_line' id='line_1_108' title="bbox 1324 2436 1888 2478; baseline -0.004 -10"><span class='ocrx_word' id='word_1_758' title='bbox 1324 2447 1456 2478; x_wconf 88' lang='lat' dir='ltr'><strong>corpore</strong></span> <span class='ocrx_word' id='word_1_759' title='bbox 1479 2437 1591 2478; x_wconf 90' lang='lat' dir='ltr'><strong>populi</strong></span> <span class='ocrx_word' id='word_1_760' title='bbox 1614 2436 1751 2468; x_wconf 87' lang='lat' dir='ltr'><strong>habetur</strong></span> <span class='ocrx_word' id='word_1_761' title='bbox 1772 2445 1888 2467; x_wconf 86' lang='lat' dir='ltr'><strong>sermo.</strong></span> 
     </span>
    </p>
   </div>
   <div class='ocr_carea' id='block_1_6' title="bbox 1672 2563 1946 2604">
    <p class='ocr_par' dir='ltr' id='par_1_10' title="bbox 1672 2563 1946 2604">
     <span class='ocr_line' id='line_1_109' title="bbox 1672 2563 1946 2604; baseline -0.007 0"><span class='ocrx_word' id='word_1_762' title='bbox 1672 2563 1852 2604; x_wconf 87' lang='lat' dir='ltr'>CAPUT</span> <span class='ocrx_word' id='word_1_763' title='bbox 1875 2563 1946 2603; x_wconf 86' lang='lat' dir='ltr'><strong>IV.</strong></span> 
     </span>
    </p>
   </div>
   <div class='ocr_carea' id='block_1_7' title="bbox 1322 2648 2296 2733">
    <p class='ocr_par' dir='ltr' id='par_1_11' title="bbox 1322 2648 2296 2733">
     <span class='ocr_line' id='line_1_110' title="bbox 1410 2648 2296 2690; baseline -0.001 -10"><span class='ocrx_word' id='word_1_764' title='bbox 1410 2651 1438 2681; x_wconf 91' lang='grc'><strong>1.</strong></span> <span class='ocrx_word' id='word_1_765' title='bbox 1470 2650 1650 2682; x_wconf 81' lang='lat' dir='ltr'><strong>Timeamus</strong></span> <span class='ocrx_word' id='word_1_766' title='bbox 1678 2658 1748 2690; x_wconf 67' lang='lat' dir='ltr'><strong>erqo</strong></span> <span class='ocrx_word' id='word_1_767' title='bbox 1777 2658 1814 2680; x_wconf 81' lang='lat' dir='ltr'><strong>ue</strong></span> <span class='ocrx_word' id='word_1_768' title='bbox 1845 2648 1987 2681; x_wconf 74' lang='lat' dir='ltr'><strong>derelicta</strong></span> <span class='ocrx_word' id='word_1_769' title='bbox 2010 2649 2218 2689; x_wconf 75' lang='lat' dir='ltr'><strong>promissione</strong></span> <span class='ocrx_word' id='word_1_770' title='bbox 2247 2648 2296 2679; x_wconf 84' lang='lat' dir='ltr'><strong>in-</strong></span> 
     </span>
     <span class='ocr_line' id='line_1_111' title="bbox 1322 2691 2295 2733; baseline -0.001 -10"><span class='ocrx_word' id='word_1_771' title='bbox 1322 2693 1463 2725; x_wconf 79' lang='lat' dir='ltr'><strong>troeundi</strong></span> <span class='ocrx_word' id='word_1_772' title='bbox 1490 2693 1525 2724; x_wconf 79' lang='lat' dir='ltr'><strong>iu</strong></span> <span class='ocrx_word' id='word_1_773' title='bbox 1550 2693 1686 2733; x_wconf 75' lang='lat' dir='ltr'><strong>requiem</strong></span> <span class='ocrx_word' id='word_1_774' title='bbox 1712 2692 1788 2729; x_wconf 84' lang='lat' dir='ltr'><strong>eius,</strong></span> <span class='ocrx_word' id='word_1_775' title='bbox 1818 2691 1958 2723; x_wconf 76' lang='lat' dir='ltr'><strong>videatur</strong></span> <span class='ocrx_word' id='word_1_776' title='bbox 1979 2692 2136 2732; x_wconf 75' lang='lat' dir='ltr'><strong>quispiam</strong></span> <span class='ocrx_word' id='word_1_777' title='bbox 2157 2693 2295 2723; x_wconf 69' lang='lat' dir='ltr'><strong>uosbrum</strong></span> 
     </span>
    </p>
   </div>
   <div class='ocr_carea' id='block_1_8' title="bbox 2430 2081 2506 3126">
    <p class='ocr_par' dir='ltr' id='par_1_12' title="bbox 2430 2081 2506 3126">
     <span class='ocr_line' id='line_1_112' title="bbox 2430 2081 2506 3126; baseline 0 0"><span class='ocrx_word' id='word_1_778' title='bbox 2430 2081 2506 3126; x_wconf 95' lang='lat' dir='ltr'><strong> </strong></span> 
     </span>
    </p>
   </div>
  </div>
 </body>
</html>
