2513 3126
121 205 180 236 129

120 306 209 332 notatv
244 302 327 332 inter
362 301 447 331 hunc
486 305 516 331 et
551 300 709 341 pecudum
744 299 946 339 sanguinem.

121 343 278 384 pecudum
314 344 445 384 sanguis
490 353 584 383 quum
630 342 739 374 statim
787 342 978 379 tabesceret,
1024 350 1089 370 non

121 386 225 427 potuit
255 386 310 417 diu
334 387 478 426 vigorem
510 396 602 417 suum
628 385 783 416 retinere:
814 390 848 415 at
870 382 994 415 Christi
1016 392 1088 412 sanâ€”

122 430 192 470 guis
225 429 277 470 qui
307 428 397 460 nullo
427 428 502 459 tabo
524 428 749 468 corrumpitur,
783 426 837 458 sed
861 435 941 466 puro
963 434 1089 463 semper

122 472 225 504 colore
254 472 336 510 fluit,
370 472 461 503 nobis
489 472 523 502 in
547 471 642 502 finem
675 479 776 510 usque
806 467 918 499 mundi
941 467 1088 497 sufficiet.

123 514 212 545 Nihil
228 514 346 545 mirum
364 514 390 545 si
411 524 521 545 caesae
544 513 704 554 pecudum
733 511 882 543 victimae
906 508 1090 540 vivificandi

123 557 275 589 facultate
299 567 362 587 non
390 556 562 596 pollebant,
593 565 689 595 quum
714 557 821 585 essent
845 556 1000 583 mortuae.
1046 552 1091 582 At

124 599 271 631 Christus
305 600 358 639 qui
392 610 410 630 a
443 604 547 629 morte
578 596 768 632 resurrexit,
803 598 837 625 ut
867 594 958 625 nobis
989 594 1090 625 vitam

124 643 276 679 conserat,
300 652 390 673 suam
415 642 445 672 in
471 651 529 672 nos
552 638 712 670 diffundit.
754 638 844 669 Haec
866 642 914 668 est
938 641 1092 676 perpetua

125 685 194 716 viae
233 684 405 721 dedicatio,
443 683 527 723 quod
563 691 670 713 coram
708 680 788 712 facie
827 680 926 720 patris
963 689 1091 719 semper

125 726 356 768 quodammodo
386 725 488 756 stillat
516 724 648 764 sanguis
673 723 795 754 Christi
826 722 865 753 ad
887 721 1090 762 irrigandum

126 770 250 802 coelum
273 774 305 800 et
328 773 458 799 terram.

208 811 260 843 20.
285 810 348 842 Per
368 810 477 842 velum.
523 808 627 841 Sicuti
651 808 757 840 velum
781 807 946 848 operiebat
974 817 1092 839 arcana

127 853 313 893 sanctuarii,
351 858 382 883 et
419 857 527 883 tamen
566 851 689 882 aditum
723 851 799 882 illuc
830 850 1010 882 reserabat:
1047 850 1093 882 sic

126 907 220 938 quum
245 896 278 926 in
297 895 421 926 Christi
445 905 542 927 carne
564 894 717 925 divinitas
740 894 880 932 latuerit,
903 904 960 925 nos
984 897 1092 924 tamen

125 941 156 971 in
180 938 303 970 coelum
328 948 429 978 usque
452 936 612 978 perducit:
635 947 695 968 nec
718 937 886 977 quisquam
912 936 1019 967 Deum
1044 936 1091 966 in-

125 981 240 1018 veniet,
271 981 335 1012 nisi
364 981 414 1012 cui
445 981 499 1012 via
529 983 562 1012 et
587 981 704 1011 ostium
727 980 788 1010 erit
813 979 908 1011 homo
932 979 1093 1011 Christus.

124 1024 175 1056 Ita
198 1023 421 1064 admonemur,
445 1034 508 1054 non
533 1022 764 1055 aestimandam
789 1032 858 1054 esse
878 1022 1002 1054 Christi
1025 1021 1092 1062 glo-

123 1067 202 1098 riam
232 1066 272 1098 ab
295 1072 430 1098 externo
452 1067 557 1098 carnis
581 1065 744 1106 adspectu,
774 1075 834 1097 nec
857 1065 1093 1106 despiciendam

123 1119 193 1141 esse
216 1119 356 1150 carnem,
386 1110 460 1149 quia
482 1109 546 1141 Dei
569 1109 770 1139 maiestatem
795 1109 885 1149 quasi
909 1108 1018 1139 velum
1042 1117 1093 1139 oc-

124 1152 239 1184 cultet:
274 1162 371 1192 quum
402 1152 513 1183 eadem
546 1152 636 1183 nobis
665 1151 704 1182 ad
736 1151 871 1183 fruenda
901 1152 1009 1183 omnia
1032 1149 1096 1181 Dei

124 1196 205 1227 bona
228 1196 269 1226 sit
290 1194 452 1226 directrix.

209 1238 258 1269 21.
284 1237 328 1269 Et
349 1238 538 1269 sacerdotum
559 1247 715 1278 maynum.
761 1237 984 1277 Quaecunque
1006 1236 1096 1276 prius

126 1281 277 1313 disseruit
315 1281 353 1312 de
391 1281 600 1322 abrogatione
632 1280 752 1312 veteris
784 1280 970 1317 sacerdotii,
1009 1288 1096 1310 nunc

124 1324 278 1355 memoria
293 1326 440 1364 repetere
457 1324 560 1356 docet.
608 1323 690 1355 Nam
707 1323 801 1354 aliter
817 1323 970 1354 Christus
990 1332 1095 1354 sacer-

125 1367 180 1398 dos
210 1377 279 1398 esse
310 1377 373 1398 non
405 1371 509 1407 potest-
532 1366 611 1407 quin
635 1367 758 1407 priores
782 1366 827 1397 illi
851 1376 985 1397 munere
1008 1364 1094 1396 abdi-

124 1413 246 1449 centur,
281 1420 378 1450 quum
414 1410 496 1441 alius
530 1409 627 1441 fuerit
656 1409 742 1440 ordo.
796 1408 967 1450 Significat
996 1408 1096 1448 igitur

122 1452 334 1493 relinquenda
349 1463 417 1485 esse
435 1452 490 1483 illa
511 1453 618 1484 omnia
642 1462 724 1493 quae
747 1462 805 1483 suo
829 1451 971 1482 adventu
988 1450 1096 1482 Chris-

124 1501 176 1527 tus
195 1495 343 1526 mutavit.
380 1496 428 1527 Ac
450 1495 522 1527 ideo
544 1496 651 1536 ipsum
675 1495 821 1535 praeficit
844 1495 1015 1526 universae
1033 1494 1095 1525 Dei

125 1538 243 1575 domui,
273 1543 307 1569 ut
337 1539 482 1579 quisquis
512 1539 615 1570 locum
640 1538 673 1569 in
697 1538 831 1569 ecclesia
853 1537 972 1568 habere
995 1536 1094 1577 eupit,

124 1581 257 1613 Christo
273 1591 306 1613 se
322 1581 479 1619 subiiciat,
504 1591 642 1622 eumque
657 1580 716 1612 sibi
733 1581 846 1612 ducem
862 1590 898 1611 ac
915 1579 1093 1621 praesidem

124 1623 233 1665 eligat,
256 1633 322 1655 non
345 1624 453 1655 alium.

210 1667 260 1698 22.
293 1667 486 1699 Accedamus
522 1677 592 1699 cum
627 1667 748 1699 sincero
780 1667 879 1699 corde.
933 1665 1039 1698 Sicuti
1062 1666 1095 1696 in

128 1709 259 1741 Christo
289 1711 420 1750 eiusque
451 1710 606 1742 sacrificio
637 1709 718 1740 nihil
742 1709 803 1741 nisi
826 1708 1004 1749 spirituale,
1039 1713 1096 1740 aut

127 1752 264 1784 coeleste
297 1763 366 1784 esse
400 1753 553 1785 ostendit:
594 1753 639 1783 ita
674 1763 756 1793 quae
788 1763 828 1784 ex
863 1755 954 1793 parte
986 1755 1097 1783 nostra

127 1795 304 1835 afferimus,
321 1795 391 1827 vult
406 1805 596 1837 congruere.
620 1795 707 1827 Olim
724 1795 835 1827 Iudaei
853 1795 950 1827 variis
966 1795 1096 1835 adsper-

127 1838 272 1870 sionibus
306 1848 340 1869 se
374 1839 567 1879 purgabant,
602 1843 636 1870 ut
669 1844 777 1870 essent
811 1838 850 1869 ad
881 1837 1005 1870 cultum
1035 1837 1097 1868 Dei

127 1881 319 1921 praeparati.
364 1881 462 1913 Ritus
491 1882 650 1923 purgandi
684 1881 831 1913 carnales
866 1881 981 1918 fuisse,
1016 1881 1097 1912 nihil

127 1923 245 1955 mirum
271 1930 330 1963 est,
360 1934 458 1964 quum
482 1925 550 1964 ipse
572 1924 636 1956 Dei
659 1924 764 1956 cultus
786 1923 908 1955 umbris
931 1923 1097 1955 involutus

128 1976 259 1998 carnem
275 1967 380 1998 adhuc
395 1967 632 2007 quodammodo
655 1973 792 2007 separet.
829 1966 989 1998 Sacerdos
1011 1967 1096 1998 enim

128 2009 275 2041 mortalis
303 2020 342 2040 ex
372 2010 592 2050 peccatoribus
622 2010 803 2051 eligebatur
829 2010 883 2050 qui
908 2009 947 2040 ad
971 2014 1098 2051 tempus

129 2061 218 2083 sacra
246 2052 376 2084 faceret:
406 2057 540 2084 ornatus
563 2058 630 2084 erat
654 2053 793 2093 pretioso
816 2052 942 2093 quidem
968 2054 1096 2089 vestitu,

128 2095 185 2126 sed
218 2099 326 2126 tamen
361 2095 542 2134 mundano,
584 2100 620 2127 ut
658 2107 691 2127 se
725 2096 758 2127 in
792 2095 856 2127 Dei
891 2099 1096 2136 conspectum

130 2138 270 2169 sisteret:
302 2142 427 2169 tantum
453 2137 491 2169 ad
516 2149 620 2170 arcam
639 2138 776 2170 foederis
792 2138 972 2179 accedebat,
996 2142 1030 2169 ut
1054 2139 1098 2169 in-

129 2190 277 2221 gressum
307 2181 539 2213 sanctificaret:
570 2182 734 2213 victimam
765 2181 854 2213 bruti
884 2181 1034 2212 animalis
1057 2191 1096 2212 ex

128 2228 274 2255 armento
306 2224 355 2255 vel
387 2234 484 2265 grege
507 2225 724 2256 mutuabatur.
770 2224 810 2255 In
834 2224 966 2256 Christo
988 2224 1098 2255 omnia

128 2266 223 2308 longe
254 2267 463 2307 praecellunt.
511 2267 585 2307 Ipse
617 2277 681 2298 non
710 2266 803 2298 modo
828 2277 928 2308 purus
951 2269 983 2298 et
1005 2266 1098 2298 inno-

128 2319 213 2347 cens,
243 2309 298 2341 sed
329 2309 400 2342 sous
423 2310 528 2341 omnis
552 2309 729 2341 sanctitatis
751 2314 782 2341 et
805 2309 945 2342 iustitiae
968 2309 1098 2342 coelesti

129 2352 257 2384 oraculo
274 2353 482 2384 constituitur
501 2353 661 2393 sacerdos,
684 2362 748 2383 non
768 2352 807 2384 ad
831 2352 928 2384 breve
951 2352 1098 2384 mortalis

129 2394 216 2426 vitae
238 2397 390 2436 spatium,
420 2395 476 2427 sed
499 2400 664 2436 perpetuo.
714 2394 899 2427 Sanctionis
921 2405 1016 2427 causa
1035 2395 1097 2426 ius-

130 2437 300 2470 iurandum
324 2439 548 2480 interponitur.
594 2437 707 2470 Prodit
729 2438 763 2468 in
786 2437 926 2469 medium
950 2437 1098 2470 omnibus

131 2480 262 2520 spiritus
295 2482 398 2513 sancti
427 2481 520 2513 donis
551 2481 591 2512 ad
614 2491 772 2512 summam
796 2481 1022 2521 perfectionem
1047 2491 1096 2512 or-

129 2527 239 2554 natus:
270 2524 429 2565 sanguine
451 2534 509 2556 suo
532 2524 640 2555 Deum
664 2523 823 2564 propitiat,
854 2533 993 2564 eumque
1015 2524 1098 2564 paci-

131 2566 205 2596 ficat
234 2576 307 2597 eum
339 2566 538 2598 hominibus:
572 2577 670 2608 supra
700 2565 804 2598 coelos
834 2566 1028 2604 conscendit,
1062 2571 1098 2598 ut

130 2618 233 2641 coram
264 2607 326 2640 Dei
361 2619 417 2649 pro
451 2610 542 2642 nobis
577 2613 730 2650 appareat
764 2609 932 2640 mediator.
983 2608 1098 2650 Itaque

1004 200 1153 232 CAPUT
1180 200 1223 232 X.

130 2651 271 2685 vicissim
305 2652 387 2684 nihil
421 2663 439 2683 a
472 2652 563 2685 nobis
597 2651 798 2684 afferendum
830 2655 878 2683 est
912 2652 995 2692 quod
1030 2662 1123 2684 nonâ´

231 2712 342 2740 Caluini
357 2719 450 2746 opera.
476 2711 534 2739 Vol.
551 2711 621 2739 LV.

2054 204 2060 232 l
2071 202 2111 233 :30

1005 297 1087 328 Nam
1114 300 1117 343 Î¶
1144 297 1352 338 respondeat:
1376 297 1630 338 quandoquidem
1657 304 1787 329 mutuus
1811 298 1896 329 inter
1912 298 2109 330 sacerdotem

1116 351 1117 354 Â¹
1143 345 1175 370 et
1199 340 1350 380 populum
1371 350 1546 372 consensus
1569 350 1637 371 esse
1654 341 1756 371 debet.
1792 341 1933 372 Proinde
1950 341 2109 373 facessant

1143 388 1296 414 externae
1320 384 1426 414 carnis
1454 383 1599 422 lotiones,
1630 393 1665 414 ac
1696 386 1779 414 esset
1809 388 1893 415 totus
1923 383 1976 415 ille
2007 394 2111 415 caere-

1145 426 1323 456 moniarum
1358 431 1541 466 apparatus.
1599 425 1680 457 Nam
1717 428 1860 457 externis
1894 427 1957 458 illis
1997 426 2110 467 figuris

1145 468 1306 506 apostolus
1323 469 1485 500 sincerum
1509 478 1563 499 cor
1579 469 1721 509 opponit,
1745 475 1774 499 et
1793 468 1865 500 fidei
1882 469 2109 500 certitudinem

1145 514 1176 539 et
1214 510 1443 542 abstersionem
1485 512 1626 542 omnium
1666 511 1828 542 vitiorum.
1890 513 1995 551 Atque
2036 511 2111 543 hinc

1145 551 1325 593 colligimus
1349 554 1485 594 qualiter
1515 564 1573 585 nos
1596 559 1797 594 comparatos
1827 563 1896 585 esse
1925 555 2041 590 deceat,
2075 560 2111 585 ut

1145 594 1290 626 fruamur
1321 595 1443 628 Christi
1478 597 1648 628 beneficiis.
1697 596 1809 636 Neque
1843 597 1929 627 enim
1964 597 2004 628 ad
2039 607 2111 628 eum

1145 637 1315 676 acceditur,
1350 639 1410 669 nisi
1442 640 1568 679 integro
1598 639 1693 671 corde
1722 650 1779 670 seu
1812 639 1927 679 veraci,
1961 645 2112 679 certaque

1145 678 1207 710 fide
1227 690 1263 710 ac
1286 690 1366 719 pura
1389 683 1590 713 conscientia.
1638 682 1739 713 Porro
1763 691 1817 713 cor
1840 692 1941 713 verax
1968 686 2024 712 aut
2047 683 2111 713 sin-

1145 732 1254 752 cerum
1277 722 1384 754 fucato
1408 734 1443 755 ac
1467 725 1585 764 duplici
1608 725 1792 765 opponitur.
1834 724 1873 755 In
1898 734 1976 755 voce
1997 724 2114 765 Ï€Î»Î·ÏÎ¿-

1146 763 1256 805 Ï†Î¿Ïá½·Î±Ï‚
1286 765 1360 795 fidei
1392 772 1540 797 naturam
1571 767 1719 808 designat
1748 767 1929 807 apostolus:
1959 772 1990 798 et
2018 767 2111 798 simul

1147 818 1205 838 nos
1239 807 1392 838 admonet
1432 819 1494 839 non
1530 819 1621 848 posse
1655 810 1774 850 percipi
1809 809 1932 841 Christi
1966 810 2112 850 gratiam,

1147 850 1211 881 nisi
1244 850 1284 881 ab
1316 850 1356 881 iis
1390 851 1444 890 qui
1479 851 1577 881 fixam
1611 857 1643 882 et
1676 852 1840 883 indubiam
1869 853 2113 892 persuasionem

1147 892 1295 924 afferunt.
1341 892 1585 924 Abstersionem
1619 895 1722 925 cordis
1755 906 1773 926 a
1803 895 1888 926 mala
1917 895 2115 927 conscientia

1147 936 1296 976 appellat,
1321 936 1370 967 vel
1391 946 1488 976 quum
1512 936 1683 976 impetrata
1705 942 1903 976 peccatoram
1923 938 2018 969 venia
2042 937 2115 978 puri

1146 988 1318 1009 censemur
1350 988 1457 1010 coram
1492 978 1576 1017 Deo,
1609 979 1662 1010 vel
1696 979 1771 1010 dum
1805 990 1858 1011 cor
1892 980 1931 1011 ab
1966 981 2116 1011 omnibus

1149 1022 1258 1061 pravis
1281 1021 1447 1053 affectibus
1466 1026 1646 1062 purgatum,
1670 1022 1776 1053 carnis
1792 1022 1931 1054 stimulis
1955 1033 2019 1054 non
2036 1033 2116 1062 pun-

1149 1065 1204 1106 git.
1250 1065 1321 1105 Ego
1355 1064 1492 1095 libenter
1521 1070 1695 1104 utrumque
1726 1065 1972 1105 comprehendo.
2024 1065 2118 1104 Quod

1148 1108 1295 1149 sequitur
1319 1107 1357 1139 de
1380 1117 1512 1147 corpore
1541 1117 1626 1147 aqua
1649 1117 1729 1147 pura
1753 1107 1868 1143 abluto.
1904 1108 2047 1148 plerique
2079 1108 2117 1139 de

1150 1151 1309 1192 baptismo
1343 1150 1521 1190 accipiunt:
1556 1149 1611 1181 sed
1643 1149 1723 1180 mihi
1754 1150 1952 1190 probabilius
1980 1150 2118 1188 videtur,

1149 1193 1331 1235 apostolum
1365 1193 1507 1224 alludere
1540 1192 1579 1224 ad
1614 1196 1740 1223 veteres
1770 1192 1850 1232 legis
1883 1194 2117 1225 caeremonias:

1148 1244 1244 1277 atque
1261 1237 1305 1267 ita
1323 1236 1381 1267 sub
1403 1246 1506 1276 aquae
1529 1235 1658 1267 nomine
1683 1234 1852 1276 designare
1875 1235 2024 1275 spiritum
2044 1236 2117 1276 Dei,

1150 1279 1421 1322 quemadmodum
1440 1278 1590 1309 Ezechiel
1606 1278 1745 1319 loquitur
1767 1277 1831 1318 (36,
1854 1277 1919 1318 25),
1943 1278 2118 1309 Effundam

1149 1334 1244 1363 super
1261 1332 1318 1354 vos
1337 1332 1436 1362 aquas
1459 1321 1604 1358 mundas,
1629 1325 1689 1352 etc.
1726 1320 1862 1352 Summa
1885 1325 1942 1358 est,
1967 1332 2025 1352 nos
2048 1322 2118 1352 fieri

1149 1366 1272 1398 Christi
1306 1365 1477 1406 participes
1508 1364 1533 1395 si
1565 1374 1698 1404 corpore
1728 1370 1758 1394 et
1788 1364 1897 1394 anima
1927 1364 2118 1395 sanctificati

1149 1410 1187 1441 ad
1223 1419 1296 1440 eum
1330 1408 1522 1440 accedimus.
1573 1406 1670 1438 Hanc
1704 1416 1800 1446 porro
1832 1406 2118 1438 sanctificationem

1149 1463 1227 1490 esse,
1259 1462 1322 1483 non
1353 1461 1434 1491 quae
1465 1449 1582 1481 visibili
1606 1450 1884 1481 caeremoniarum
1907 1459 2024 1490 pompa
2044 1459 2118 1481 con-

1148 1500 1228 1533 stat,
1281 1494 1335 1526 sed
1383 1494 1510 1525 firmam
1555 1492 1667 1529 fidem,
1719 1502 1834 1532 puram
1877 1492 2117 1532 conscientiam,

1148 1537 1290 1578 corporis
1318 1540 1351 1568 et
1373 1537 1499 1568 animae
1527 1535 1727 1573 munditiem,
1758 1545 1839 1574 quae
1863 1535 1896 1566 in
1920 1535 2035 1575 spiritu
2054 1534 2118 1566 Dei

1149 1585 1259 1612 manat
1283 1591 1319 1611 ac
1343 1580 1518 1620 perficitur.
1547 1578 1598 1610 Ita
1614 1578 1736 1609 Paulus
1752 1578 1781 1609 2.
1799 1578 1838 1609 ad
1859 1577 1932 1609 Cor.
1953 1587 2020 1618 cap.
2039 1578 2066 1616 7,
2090 1578 2116 1615 1,

1148 1623 1259 1655 fideles
1275 1623 1424 1654 hortatur
1440 1625 1475 1653 ut
1492 1631 1526 1653 se
1543 1625 1683 1662 purgent
1706 1621 1745 1652 ab
1768 1621 1856 1652 omni
1875 1621 2118 1661 inquinamento

1148 1667 1254 1699 carnis
1287 1670 1319 1697 et
1353 1665 1497 1706 spiritus,
1530 1674 1630 1704 quum
1663 1665 1728 1695 sint
1763 1663 1903 1704 adoptati
1937 1674 1956 1694 a
1986 1664 2055 1695 Deo
2085 1664 2118 1694 in

1148 1710 1240 1742 filios.

1235 1752 1284 1783 23.
1320 1751 1491 1783 Ten-eamus
1512 1750 1735 1789 confessionem
1757 1749 1835 1789 spei.
1880 1749 2042 1788 Quoniam
2066 1748 2118 1780 hic

1150 1795 1284 1827 Iudaeos
1320 1794 1359 1825 ad
1393 1793 1668 1834 perseverantiam
1701 1792 1861 1831 hortatur,
1892 1802 1981 1833 spem
2012 1792 2118 1832 potius

1150 1849 1246 1879 quam
1280 1837 1378 1868 fidem
1412 1837 1567 1868 nominat.
1624 1836 1707 1867 Nam
1743 1845 1817 1876 spes
1847 1835 1944 1867 sicuti
1978 1845 2018 1866 ex
2055 1834 2118 1866 fide

1149 1881 1302 1918 nascitur,
1326 1880 1372 1911 ita
1387 1890 1458 1911 eam
1474 1879 1514 1910 ad
1530 1884 1712 1911 extremum
1729 1889 1829 1919 usque
1845 1878 1902 1909 alit
1918 1887 1954 1908 ac
1969 1878 2116 1909 sustinet.

1151 1923 1392 1957 Confessionem
1417 1926 1584 1963 praeterea
1607 1922 1753 1961 requirit,
1784 1921 1860 1961 quia
1882 1931 1946 1952 non
1969 1924 2018 1952 est
2041 1930 2119 1951 vera

1151 1968 1229 1998 fides
1252 1966 1315 1997 nisi
1338 1976 1418 2005 quae
1448 1976 1482 1997 se
1506 1966 1627 1997 exserit
1655 1964 1696 1995 ad
1719 1964 1875 1996 homines.
1920 1964 1965 1994 Et
1988 1963 2119 1995 videtur

1150 2010 1277 2050 oblique
1312 2008 1530 2049 perstringere
1564 2018 1676 2039 eorum
1717 2007 1955 2039 simulationem
1994 2006 2049 2046 qui
2083 2006 2117 2036 in

1150 2053 1256 2094 gentis
1286 2061 1362 2083 suae
1393 2052 1534 2091 gratiam
1568 2051 1689 2092 legales
1723 2051 1803 2082 ritus
1838 2050 1936 2080 nimis
1969 2049 2119 2090 religiose

1149 2096 1332 2127 servabant.
1378 2094 1452 2125 Non
1476 2104 1552 2135 ergo
1576 2097 1704 2125 tantum
1728 2093 1823 2125 corde
1842 2092 1981 2130 credere,
2005 2091 2060 2123 sed
2085 2101 2118 2122 re

1149 2139 1220 2179 ipsa
1235 2146 1362 2178 quoque
1384 2136 1553 2168 ostendere
1572 2147 1608 2168 ac
1627 2137 1771 2177 profiteri
1787 2146 1840 2168 eos
1855 2136 1946 2166 iubet
1962 2138 2118 2175 quantum

1149 2181 1280 2213 Christo
1319 2180 1472 2211 deferant.
1529 2179 1714 2220 Diligenter
1745 2183 1852 2210 autem
1890 2177 2034 2209 notanda
2067 2181 2118 2207 est

1150 2225 1232 2256 ratio
1246 2233 1340 2264 quam
1353 2222 1491 2260 subiicit,
1505 2222 1703 2262 Deumâ€šqui
1722 2221 1931 2262 promisit,
1948 2218 2117 2251 fidelem

1149 2277 1247 2299 esse.
1287 2266 1367 2296 Nam
1393 2265 1467 2296 inde
1487 2265 1627 2306 primum
1645 2265 1805 2302 docemur,
1830 2264 1890 2295 hoc
1907 2262 2116 2294 fundamento

1150 2310 1210 2341 niti
1243 2308 1337 2340 fidem
1370 2311 1524 2346 nostram,
1560 2307 1645 2349 quod
1670 2307 1759 2339 Deus
1787 2317 1889 2338 verax
1918 2306 1970 2337 sit.
2014 2305 2117 2336 Porro

1150 2353 1228 2384 haec
1252 2352 1370 2383 veritas
1394 2351 1606 2391 promissione
1628 2351 1826 2382 continetur:
1851 2359 1926 2380 nam
1949 2354 1985 2379 ut
2008 2346 2117 2379 creda-

1150 2406 1231 2433 mus,
1267 2394 1391 2435 praeire
1424 2393 1487 2425 Dei
1521 2404 1631 2425 vocem
1665 2395 1802 2433 oportet.
1854 2392 1921 2422 Nec
1955 2390 2118 2431 quaelibet

1151 2449 1212 2470 vox
1236 2438 1275 2469 ad
1299 2436 1493 2478 gignendam
1513 2437 1609 2468 fidem
1633 2436 1693 2467 erit
1710 2435 1840 2466 idonea:
1863 2434 1931 2465 sola
1946 2433 2117 2474 promissio

1149 2486 1198 2513 est
1220 2481 1253 2512 in
1277 2489 1372 2520 quam
1396 2480 1475 2511 fides
1498 2479 1663 2511 recumbit.
1709 2477 1862 2518 Adeoque
1892 2488 1932 2509 ex
1962 2476 2022 2507 hoc
2049 2475 2117 2506 loco

1149 2527 1262 2555 mutua
1284 2524 1369 2554 inter
1400 2522 1495 2553 fidem
1524 2521 1691 2553 hominum
1722 2525 1754 2551 et
1778 2520 1840 2552 Dei
1870 2519 2116 2560 promissionem

1149 2567 1229 2598 ratio
1254 2565 1359 2606 colligi
1382 2569 1504 2605 potest:
1529 2565 1590 2596 nisi
1606 2564 1691 2595 enim
1715 2563 1882 2604 promittat
1898 2562 1999 2601 Deus,
2023 2571 2117 2593 nemo

1149 2610 1211 2641 erit
1234 2609 1286 2650 qui
1309 2607 1428 2639 credat.
