2513 3126
296 200 352 231 411
1135 192 1265 226 EPIS'P

298 305 375 335 pore
410 304 486 325 usus
520 298 578 331 est,
614 291 774 332 praesenti
810 295 842 320 ct
872 290 1052 331 praeterito.
1104 289 1263 320 Praesens

298 337 425 378 quidem
450 335 624 375 potentiam
648 334 808 374 significat.
831 338 863 364 ot
886 333 1089 364 facultatem:
1124 337 1262 371 praeter-

297 381 374 410 itum
410 387 503 415 vero,
538 387 630 407 usum
666 376 717 408 vel
751 376 1005 416 experientiam,
1043 374 1158 406 merito
1188 374 1264 406 hinc

297 420 466 456 concludit,
501 419 627 460 plenam
659 429 730 450 esse
760 418 902 459 linguam
934 418 1099 449 mortifero
1132 426 1264 448 veneno.

298 464 370 496 Etsi
402 465 501 494 autem
536 462 610 493 hacc
639 462 743 493 omnia
765 462 872 500 primo
902 461 965 492 loco
993 461 1036 492 ad
1068 460 1266 491 circumstan-

295 507 372 537 tiam
382 506 560 545 praesentis
578 505 635 536 loci
653 504 771 544 referre
792 504 937 542 convenit,
959 503 1039 544 quod
1062 502 1158 534 nimis
1173 512 1266 542 prae-

292 551 410 589 postere
437 548 472 578 in
500 548 579 580 alios
608 547 823 588 mayisterium
849 546 911 578 sibi
939 547 1089 586 usurpent
1111 545 1165 585 qui
1186 544 1267 577 labo-

296 594 367 622 rant
381 591 544 622 deterrimo
561 591 652 622 vitio.-
673 589 803 621 tenenda
824 592 926 621 tamen
946 591 989 619 est
1011 588 1107 620 simul
1127 588 1267 620 doctrina

295 633 493 672 universalis,
523 633 561 664 Si
581 634 677 664 vitam
699 634 775 664 recte
795 642 974 672 cmnponere
995 631 1144 671 volumus,
1175 630 1268 662 corri-

293 676 410 717 yemlae
440 676 565 717 linquae
593 685 748 706 summam
770 685 897 714 operam
919 684 984 706 esse
1006 674 1159 706 dandam:
1192 673 1268 713 quia

296 718 384 750 nulla
401 729 482 758 pars
503 719 637 750 hominis
656 721 699 750 est
721 718 882 749 nocentior.

381 762 411 793 9.
438 761 500 793 Per
527 762 631 801 ipsam
659 761 877 792 benedicimus.
926 759 999 792 Hoc
1028 758 1186 791 mortiferi
1217 768 1268 790 ve-

296 805 371 836 neni
397 804 592 836 luculentum
617 808 667 834 est
689 804 861 844 specimen,
885 802 970 844 quod
994 802 1177 843 prodigiosa
1193 801 1268 832 levi-

296 852 361 878 tate
389 857 423 878 se
453 847 497 877 ita
528 847 750 887 transfigurat.
797 846 878 877 Nam
910 856 1008 886 quum
1039 844 1169 876 simulet
1200 844 1268 875 Deo

297 900 332 921 se
361 889 559 928 benedicere,
594 890 740 930 protinus
763 889 854 920 illum
878 889 911 920 in
934 888 1074 928 imagine
1097 897 1156 919 sua
1179 896 1268 918 exse-

298 937 417 968 cratur,
453 942 570 973 nempe
604 932 682 963 dum
718 932 868 963 homines
901 931 1072 963 maledicit.
1127 929 1206 960 Nam
1241 929 1268 960 si

299 975 536 1007 benedicendus
567 979 615 1006 est-
639 974 730 1006 Deus
761 975 793 1006 in
825 974 987 1005 universis
1017 972 1166 1013 operibus
1192 971 1268 1011 suis,

300 1018 332 1049 id
356 1018 545 1059 praesertim
565 1017 676 1049 valere
699 1018 733 1048 in
757 1016 943 1048 hominibus
966 1016 1073 1047 debet:
1099 1016 1129 1045 in
1155 1014 1268 1055 quibus

298 1061 504 1102 peculiariter
527 1061 648 1092 relucet
675 1060 780 1101 imago
804 1060 873 1091 eius
897 1064 929 1090 et
950 1059 1062 1100 gloria.
1108 1057 1268 1099 Hypocri·

299 1104 344 1134 sis
373 1103 475 1144 igitur
507 1113 570 1134 non
601 1103 733 1134 ferenda
755 1107 812 1140 est,
844 1112 941 1142 quum
966 1101 1101 1133 eandem
1124 1100 1268 1141 linguam

300 1146 399 1177 vertit
421 1146 516 1177 homo
540 1147 572 1177 in
594 1145 657 1177 Dei
685 1145 812 1177 laudem
836 1150 869 1176 et
891 1144 1145 1176 exsecrationem
1169 1143 1271 1174 homi-

300 1199 388 1220 num.
444 1189 586 1220 Proinde
616 1188 705 1220 nulla
733 1193 838 1229 potest
864 1197 933 1219 esse
955 1187 1017 1218 Dei
1040 1186 1208 1224 invocatio,
1239 1189 1271 1217 et

302 1232 413 1263 laudes
437 1232 505 1263 eius
528 1241 653 1263 cessare
677 1241 808 1263 necesse
831 1234 887 1268 est,
917 1229 971 1261 ubi
1001 1235 1115 1270 regnat
1139 1228 1270 1259 maledi-

300 1274 415 1307 centia.
461 1274 553 1306 Haec
582 1275 668 1306 enim
699 1274 797 1314 impia
825 1278 874 1304 est
903 1273 1044 1303 nominis
1075 1271 1136 1303 Dei
1166 1271 1271 1311 profa-

300 1317 396 1354 natio,
427 1327 527 1357 quum
551 1317 662 1358 lingua
685 1317 719 1347 in
754 1317 870 1347 fratres
894 1314 1055 1346 virulenta
1084 1315 1190 1355 ipsum
1213 1313 1272 1345 sub

300 1359 406 1391 laudis
436 1359 542 1400 specie
571 1364 717 1400 usurpat.
763 1359 873 1398 Quare
901 1362 938 1389 ut
964 1358 1026 1389 rite
1049 1357 1139 1389 illum
1162 1356 1272 1388 laude—

301 1413 373 1434 mus
389 1402 614 1444 corrigendum
632 1408 680 1433 est
698 1403 731 1433 in
754 1402 868 1442 primis
892 1399 1138 1432 maledicentiae
1161 1399 1271 1431 adver-

301 1456 357 1477 sus
389 1446 551 1485 proximos
583 1445 709 1476 vitium.
755 1445 887 1476 Interim
916 1443 1045 1475 tenenda
1083 1452 1200 1483 quoque
1228 1444 1272 1473 est

296 1488 510 1528 particularis
531 1489 681 1528 doctrina,
710 1487 910 1519 virulentiam
931 1496 1023 1518 suam
1045 1486 1177 1527 deteyere
1198 1494 1271 1517 aus-

301 1534 380 1562 teros
401 1531 477 1562 istos
498 1541 645 1569 censores,
667 1530 722 1571 qui
739 1532 907 1570 postquam
929 1529 1067 1561 suaviter
1082 1528 1184 1561 Deum
1207 1527 1273 1559 lau-

301 1573 432 1614 darunt,
472 1574 569 1605 subito
609 1576 748 1605 evomunt
790 1573 940 1605 adversus
969 1572 1088 1613 fratres
1120 1570 1274 1612 quidquid

298 1616 377 1657 finyi
393 1619 493 1656 potest
514 1616 775 1649 maledictionum.
817 1615 854 1648 Si
878 1616 950 1655 quis
973 1615 1110 1652 obiiciat,
1134 1614 1272 1646 deletam

301 1659 393 1690 Adae
421 1665 550 1700 peceato
580 1660 677 1691 fuisse
702 1659 763 1690 Dei
794 1659 969 1700 imaginem
992 1658 1026 1688 in
1051 1658 1194 1688 humana
1217 1666 1272 1687 na-

302 1708 377 1733 tura
393 1702 559 1733 fatendum
577 1702 708 1743 quidem
731 1706 779 1733 est
803 1702 900 1733 fuisse
918 1701 1033 1732 misere
1053 1700 1273 1736 deformatam,

303 1744 358 1774 sed
393 1745 440 1776 ita
473 1750 508 1775 ut
537 1745 736 1777 lineamenta
765 1745 870 1776 adhuc
900 1743 1056 1784 quaedam
1088 1745 1273 1783 appareant.

303 1787 432 1818 Iustitia
470 1794 503 1819 et
539 1788 718 1827 rectitudo,
759 1788 897 1828 bonique
934 1785 1107 1827 appetendi
1146 1785 1276 1817 libertas

304 1830 430 1861 sublata
463 1835 528 1862 est:
563 1831 618 1862 sed
653 1836 787 1862 manent
820 1829 1004 1870 praeclarae
1035 1828 1156 1860 multae
1187 1828 1276 1859 dotes

305 1873 422 1912 quibus
454 1873 572 1905 bestias
602 1873 836 1915 praecellimus.
883 1873 971 1914 Ergo
995 1873 1050 1912 qui
1075 1871 1179 1902 Deum
1203 1880 1277 1901 vere

306 1915 380 1946 colit
403 1920 498 1956 atque
521 1917 669 1954 honorat,
693 1917 726 1947 in
751 1916 911 1947 hominem
936 1914 1188 1947 contumeliosus
1208 1923 1278 1945 esse

306 1959 479 1990 verebitur.

396 2003 445 2033 11.
477 2002 530 2033 An
559 2002 638 2041 fons.
691 2001 929 2033 Similitudines
959 2001 1038 2032 istas
1068 1999 1212 2038 adducit,
1242 2003 1278 2030 ut

309 2045 458 2076 ostendat
492 2045 638 2085 linguam
674 2044 863 2076 maledicam
898 2047 1083 2084 portentum
1117 2042 1277 2083 quoddam

309 2097 394 2127 esse,
429 2087 569 2119 alienum
599 2098 618 2119 a
648 2092 716 2118 tota
745 2089 874 2125 natura,
909 2091 941 2118 et
972 2086 1058 2127 quod
1086 2086 1232 2117 ordinem
1260 2094 1279 2115 a

310 2130 380 2161 Deo
412 2131 528 2170 ubique
558 2130 697 2170 positum
728 2130 852 2161 evertit.
898 2129 982 2160 Nam
1013 2138 1094 2169 quae
1118 2127 1279 2160 contraria

311 2178 396 2211 sunt,
429 2173 520 2204 Deus
551 2174 596 2204 sic
624 2173 780 2209 distinxit,
809 2176 846 2203 ut
875 2182 926 2203 res
953 2172 1152 2203 inanimatae
1179 2180 1238 2202 nos
1261 2180 1280 2200 a

311 2217 442 2248 confusa
476 2215 702 2257 permixtione,
737 2215 839 2255 qualis
870 2219 918 2245 est
947 2214 980 2245 in
1011 2214 1123 2254 lingua
1153 2212 1279 2254 duplici,

311 2258 490 2291 absterrere
513 2258 660 2289 debeant.

400 2344 448 2376 13.
482 2344 560 2385 Quis
587 2343 713 2383 sapiens
735 2344 761 2373 et
783 2342 955 2383 intelliyens
977 2342 1057 2373 inter
1077 2341 1155 2373 vos?
1186 2343 1280 2373 osten-

311 2388 364 2419 dat
393 2398 430 2419 esc
458 2387 582 2419 honesta
608 2386 836 2418 conversatione
863 2395 956 2424 opera
985 2395 1045 2416 sua
1072 2385 1107 2416 in
1136 2393 1280 2416 mansue-

312 2430 419 2462 tudine
434 2430 615 2470 sapientiae.
655 2428 705 2459 14.
729 2427 766 2459 Si
787 2438 859 2459 vero
880 2427 1114 2459 aemulationem
1137 2436 1281 2458 amaram

313 2473 438 2510 habetis,
463 2475 489 2504 et
511 2472 726 2504 contentionem
747 2471 781 2502 in
804 2471 890 2502 eorde
911 2473 1018 2509 vestro,
1041 2480 1078 2502 ne
1093 2469 1281 2511 yloriemini,

315 2519 341 2547 et
371 2516 567 2547 mentiamini
589 2515 740 2547 adversus
761 2514 927 2546 veritatem.
975 2513 1024 2544 15.
1050 2513 1122 2544 Non
1144 2515 1188 2544 est
1209 2512 1282 2543 haec

314 2559 471 2598 sapientia
492 2559 529 2590 de
550 2567 680 2589 sursum
701 2557 840 2588 veniens.-
861 2556 915 2587 sed
937 2556 1098 2593 terrestris,
1122 2555 1282 2592 animalis,

315 2601 523 2632 daemoniaca.
566 2601 614 2632 16.
646 2600 706 2632 Ubi
728 2600 809 2631 enim
831 2598 994 2631 aemulatio
1015 2601 1042 2630 et
1063 2599 1217 2635 contentio,
1239 2597 1283 2629 ibi

312 2644 512 2684 perturbatio,
541 2646 567 2675 et
595 2653 683 2675 omne
708 2652 843 2683 pravum
865 2651 951 2681 opus.
998 2641 1045 2673 17.
1074 2641 1159 2681 Quae
1182 2642 1283 2677 autem

1267 216 1275 225 .
1299 193 1457 226 IAOOBI
2223 192 2286 225 412

1315 298 1331 320 e
1353 297 1479 320 sursum
1501 289 1544 318 est
1570 286 1733 326 sapientia,
1756 286 1899 326 primum
1917 297 2002 327 pura
2023 289 2076 328 est,
2098 287 2209 320 deinde
2225 297 2285 328 pa-

1316 334 1394 369 cata,
1428 340 1534 370 aequa,
1568 329 1671 367 comis,
1699 329 1795 369 plena
1825 330 2056 361 misericordiae
2085 332 2112 361 et
2138 330 2286 363 bonorum

1317 383 1458 414 operum:
1470 373 1536 403 sinc
1547 371 1772 412 disquisitione,
1783 372 1851 404 sine
1862 372 2069 404 simulatione.
2087 372 2137 404 18.
2151 372 2286 406 Fructus

1317 419 1419 448 autem
1448 415 1585 446 iustitiae
1613 415 1647 445 in
1672 424 1749 454 pace
1774 415 1946 446 seminatur
1964 414 2151 455 facientibus
2168 425 2285 455 pacem.

1405 501 1453 533 13.
1487 499 1564 539 Quis
1585 500 1719 540 sapiens.
1765 499 1927 539 Quoniam
1951 499 2162 532 maledicendi
2187 500 2284 532 libido

1319 554 1358 575 ex
1396 543 1546 584 superbia
1582 543 1648 573 fero
1686 542 1843 574 nascitur:
1882 542 2065 582 superbiam
2104 550 2213 574 autem
2251 547 2287 574 ut

1320 587 1492 628 plurimum
1523 590 1657 626 generat
1684 585 1763 616 salsa
1796 585 1961 625 persuasio
1992 585 2186 626 sapientiae:
2216 585 2286 618 ideo

1322 630 1360 660 de
1389 628 1546 669 sapientia
1574 628 1626 659 hic
1656 628 1807 669 loquitur.
1860 627 2001 659 Solenne
2031 633 2079 659 est
2109 627 2287 668 hypocritis

1321 672 1435 703 efferre
1465 681 1499 702 se
1530 680 1566 703 ac
1589 671 1716 708 iactare,
1747 681 1859 702 omnes
1882 670 2094 702 criminando.
2140 670 2288 710 Qualiter

1321 715 1414 746 multi
1446 714 1520 745 olim
1551 724 1591 745 ex
1621 713 1821 754 philosophis
1848 713 1984 754 gloriam
2015 724 2055 744 ex
2085 713 2289 745 amarulenta

1321 758 1470 789 ordinum
1509 756 1652 788 omnium
1690 756 1901 788 insectatione
1938 756 2118 796 captabant.
2173 756 2286 788 Talem

1321 801 1448 840 fastum,
1479 808 1542 839 quo
1573 804 1704 839 turgent
1722 803 1755 830 et
1777 799 1939 830 excaecati
1962 803 2040 830 sunt
2062 798 2207 830 maledici
2231 799 2288 831 ho·

1322 844 1435 877 mines.
1456 841 1600 873 retundit
1616 841 1759 880 Iacobus,
1779 852 1879 882 quum
1898 842 2075 882 sapientiae
2094 842 2289 881 opinionem,

1322 896 1385 925 qua
1412 885 1471 917 sibi
1495 884 1631 925 placent,
1662 884 1838 924 quidquam
1863 884 2008 915 divinum
2033 884 2152 916 habere
2174 890 2287 925 negat:

1322 928 1377 960 sed
1407 928 1512 968 potius
1540 937 1612 959 esse
1642 937 1682 958 ex
1712 926 1839 958 diabolo
1867 927 2042 958 contendit.
2088 926 2213 959 Sensus
2241 932 2290 958 est

1322 972 1437 1011 igitur:
1469 969 1679 1011 Superciliosi
1703 969 1756 1001 isti
1780 979 1938 1006 censores,
1970 970 2022 1009 qui
2046 969 2106 1000 sibi
2128 969 2218 1010 large
2240 970 2288 1000 in-

1323 1014 1468 1055 dulgent,
1502 1018 1670 1054 praeterea
1704 1012 1826 1043 nemini
1859 1016 2011 1052 parcunt,
2047 1011 2200 1043 videntur
2231 1012 2292 1044 sibi

1323 1067 1399 1098 prae
1418 1056 1487 1087 aliis
1506 1066 1634 1096 sapere:
1654 1055 1710 1086 sed
1730 1055 1868 1086 multum
1888 1053 2054 1086 falluntur.
2093 1054 2177 1086 Nam
2193 1055 2289 1087 aliter

1324 1109 1454 1140 prorsus
1476 1109 1550 1131 suos
1574 1098 1715 1130 instituit
1730 1097 1906 1129 Dominus:
1931 1107 2047 1137 nempe
2070 1102 2105 1128 ut
2129 1098 2291 1129 mansueti

1323 1143 1390 1174 sint
1419 1147 1450 1173 et
1473 1141 1609 1173 humani
1632 1151 1710 1181 erga
1732 1140 1823 1172 alios.
1869 1139 1937 1172 Soli
1960 1140 2061 1180 igitur
2085 1149 2160 1171 vere
2183 1149 2292 1172 coram

1324 1185 1394 1216 Deo
1424 1185 1553 1224 sapiunt
1581 1184 1635 1224 qui
1667 1184 1751 1215 hanc
1778 1183 2062 1214 mansuetudinem
2090 1183 2295 1224 coniungunt

1324 1238 1398 1260 cum
1420 1227 1556 1259 honesta
1579 1227 1840 1258 conversatione:
1865 1235 1940 1257 nam
1964 1226 2019 1265 qui
2039 1230 2145 1257 truces
2163 1230 2240 1257 sunt
2258 1236 2294 1258 ae

1324 1269 1547 1308 inexorabiles,
1571 1269 1698 1301 etiamsi
1717 1269 1797 1300 alias
1816 1268 1929 1300 multis
1945 1267 2122 1300 virtutibus
2140 1268 2292 1308 polleant,

1325 1324 1389 1345 non
1413 1319 1525 1344 tenent
1548 1314 1666 1344 iustam
1690 1311 1837 1352 sapiendi
1860 1312 2026 1342 rationem.

1412 1355 1461 1387 14.
1494 1355 1531 1387 Si
1563 1355 1800 1387 aemulationem
1832 1363 1984 1386 amaram.
2036 1353 2134 1385 Notat
2169 1353 2294 1385 fructus

1325 1399 1379 1439 qui
1408 1410 1448 1430 ex
1480 1398 1582 1430 nimia
1609 1398 1799 1429 austeritate
1822 1402 2008 1434 nascuntur,
2039 1406 2120 1436 quae
2143 1406 2294 1428 mansue-

1326 1441 1429 1472 tudini
1455 1446 1504 1473 est
1526 1441 1697 1473 contraria.
1744 1440 1881 1471 Necesse
1904 1444 1953 1470 est
1976 1438 2063 1470 enim
2086 1442 2123 1470 ut
2146 1439 2294 1471 immodi-

1325 1495 1381 1516 cus
1406 1484 1492 1525 rigor
1515 1494 1633 1524 pravas
1656 1482 1888 1514 aemulationes
1911 1482 2034 1523 gignat,
2057 1491 2140 1521 quae
2162 1482 2194 1512 in
2219 1492 2295 1513 con-

1327 1527 1506 1558 tentionem
1537 1536 1614 1558 mox
1644 1530 1828 1567 erumpunt.
1880 1524 2061 1565 Improprie
2091 1523 2222 1564 quidem
2251 1523 2296 1556 lo-

1326 1570 1448 1611 quitur,
1480 1570 1555 1600 dum
1586 1569 1620 1600 in
1651 1568 1746 1601 corde
1774 1567 1995 1600 contentiones
2025 1566 2126 1598 locat:
2158 1565 2213 1598 sed
2236 1566 2297 1599 hoo

1327 1613 1366 1644 ad
1397 1623 1527 1644 sensum
1558 1612 1639 1643 nihil
1670 1616 1727 1642 aut
1757 1621 1870 1652 parum
1902 1610 2009 1641 refert.
2062 1609 2146 1641 Nam
2175 1609 2297 1641 fontem

1327 1657 1461 1687 istorum
1496 1655 1653 1686 malorum
1687 1654 1830 1686 indicare
1864 1652 1985 1692 voluit,
2019 1662 2158 1692 pravum
2191 1652 2297 1684 cordis

1328 1699 1486 1730 affectum.
1545 1697 1925 1729 Aemulationem
1963 1695 2045 1726 dixit
2080 1704 2297 1734 amaram,

1328 1743 1402 1782 quia
1430 1752 1492 1773 non
1523 1746 1650 1782 regnat,
1680 1739 1743 1771 nisi
1775 1739 1850 1770 dum
1876 1738 1975 1769 animi
1998 1748 2125 1769 veneno
2147 1737 2297 1779 maligni·

1329 1785 1403 1816 tatis
1430 1784 1540 1815 infecti
1569 1788 1654 1821 sunt,
1686 1787 1722 1814 ut
1751 1782 1859 1814 omnia
1888 1781 1922 1812 in
1952 1780 2199 1812 amarulenti-am
2222 1791 2298 1812 con-

1329 1833 1468 1859 vertant.
1524 1827 1612 1867 Ergo
1649 1828 1686 1857 ut
1717 1835 1794 1856 vere
1828 1824 2006 1866 gloriemur
2040 1833 2099 1855 nos
2132 1834 2201 1855 esse
2235 1823 2299 1855 Dei

1329 1871 1422 1907 filios,
1453 1869 1542 1901 iubet
1574 1879 1631 1901 nos
1652 1868 1775 1909 placide
1798 1870 1830 1899 et
1853 1866 1998 1898 modeste
2022 1876 2117 1907 agere
2139 1876 2213 1898 cum
2237 1866 2300 1897 fra-

1330 1913 1449 1945 tribus:
1474 1912 1573 1953 aliqui
1597 1911 1726 1943 mentiri
1750 1920 1807 1942 nos
1836 1909 2025 1951 pronuntiat
2056 1908 2132 1940 dum
2152 1909 2299 1940 christia-

1331 1966 1407 1987 num
1427 1966 1544 1986 nomen
1560 1955 1728 1986 iactamus.
1767 1953 1940 1985 Caeterum
1957 1962 2020 1983 non
2037 1952 2093 1983 abs
2109 1962 2143 1983 re
2159 1952 2300 1983 aemula-

1332 1998 1410 2029 tioni
1439 1998 1556 2029 sociam
1588 1996 1712 2029 addidit
1741 1995 2125 2027 contentionem:
2157 1995 2232 2035 quia
2258 2004 2299 2026 ex

1330 2041 1533 2082 malignitate
1562 2044 1595 2071 et
1623 2039 1757 2078 invidia,
1786 2037 1964 2070 certamina
1997 2042 2030 2069 et
2060 2038 2150 2069 rixae
2173 2047 2299 2077 semper

1331 2083 1499 2116 ebulliunt.

1417 2126 1466 2158 15.
1503 2126 1575 2157 Non
1607 2127 1651 2157 est
1683 2124 1756 2156 haec
1788 2123 1951 2164 sapientia.
2005 2121 2092 2161 Quia
2125 2121 2299 2153 difficulter

1332 2169 1452 2201 cedunt
1482 2168 1688 2210 hypocritae:
1720 2167 1840 2198 fastum
1869 2175 1980 2197 eorum
2004 2164 2121 2196 aeriter
2144 2164 2298 2203 retundit,

1332 2222 1455 2253 negans
1479 2222 1589 2243 veram
1612 2220 1682 2242 esse
1705 2209 1897 2250 sapientiam
1921 2218 1984 2248 qua
2003 2212 2145 2247 turgent,
2169 2206 2245 2238 dum
2264 2207 2298 2238 in

1332 2254 1536 2286 excutiendis
1551 2254 1687 2285 aliorum
1704 2253 1790 2285 vitiis
1806 2251 1903 2284 nimis
1919 2255 1993 2283 sunt
2010 2250 2136 2281 morosi.
2169 2250 2298 2281 Nomen

1332 2302 1438 2328 tamen
1471 2296 1744 2338 sapientiae
1771 2295 1834 2326 illis
1856 2293 2043 2330 concedens,
2068 2292 2221 2333 epithetis
2244 2292 2298 2323 de-

1333 2344 1492 2371 monstrat
1532 2339 1635 2381 qualis
1671 2339 1729 2376 sit,
1771 2347 1885 2378 nempe
1922 2335 2100 2374 terrestris,
2141 2334 2298 2374 animalis,

1333 2383 1555 2414 daemoniaca:
1588 2392 1686 2422 quum
1710 2390 1821 2413 veram
1851 2382 1996 2420 oporteat
2026 2387 2096 2409 esse
2118 2377 2299 2416 coelestem,

1333 2425 1548 2466 spiritualem,
1591 2425 1744 2456 divinam.
1804 2422 1899 2462 Quae
1938 2421 2000 2452 tria
2037 2419 2099 2452 illis
2136 2420 2299 2461 prioribus

1333 2468 1452 2500 directe
1486 2472 1563 2500 sunt
1595 2467 1751 2507 opposita.
1804 2464 1913 2498 Sumit
1946 2463 2032 2495 enim
2066 2473 2123 2504 pro
2154 2463 2298 2495 confesso

1306 2545 1308 2549 ,
1334 2510 1477 2550 Iacobus,
1509 2521 1573 2542 non
1602 2509 1695 2541 aliter
1726 2519 1783 2540 nos
1813 2517 1925 2548 sapere
1952 2515 2047 2546 quam
2070 2506 2098 2538 si
2120 2506 2257 2538 coelitus
2279 2515 2299 2537 a

1334 2553 1404 2585 Deo
1434 2564 1492 2594 per
1515 2553 1665 2594 spiritum
1690 2552 1790 2584 simus
1813 2549 1997 2581 illuminati.
2044 2549 2132 2590 Ergo
2155 2558 2296 2589 quaqua-

1335 2607 1463 2628 versum
1493 2607 1528 2628 se
1557 2594 1710 2627 extendat
1739 2604 1831 2626 mens
1861 2592 2010 2630 hominis,
2039 2596 2108 2623 tota
2134 2592 2204 2624 eius
2226 2600 2297 2631 per-

1334 2639 1470 2679 spicacia
1500 2638 1560 2670 erit
1582 2638 1726 2670 vanitas:
1755 2646 1858 2677 neque
1887 2635 1919 2666 id
1950 2634 2054 2674 modo,
2084 2634 2139 2667 sed
2167 2633 2296 2665 tandem
