<?xml version="1.0" encoding="UTF-8"?>
<!DOCTYPE html PUBLIC "-//W3C//DTD XHTML 1.0 Transitional//EN"
    "http://www.w3.org/TR/xhtml1/DTD/xhtml1-transitional.dtd">
<html xmlns="http://www.w3.org/1999/xhtml" xml:lang="en" lang="en">
 <head>
  <title>
</title>
<meta http-equiv="Content-Type" content="text/html;charset=utf-8" />
  <meta name='ocr-system' content='tesseract 3.04.00' />
  <meta name='ocr-capabilities' content='ocr_page ocr_carea ocr_par ocr_line ocrx_word'/>
</head>
<body>
  <div class='ocr_page' id='page_1' title='image "./ioanniscalviniop55calv_0015.png"; bbox 0 0 2513 3126; ppageno 0'>
   <div class='ocr_carea' id='block_1_1' title="bbox 606 773 840 814">
    <p class='ocr_par' dir='ltr' id='par_1_1' title="bbox 606 773 840 814">
     <span class='ocr_line' id='line_1_1' title="bbox 606 773 840 814; baseline -0.004 -1"><span class='ocrx_word' id='word_1_1' title='bbox 606 773 787 814; x_wconf 87' lang='lat' dir='ltr'><strong>CAPUT</strong></span> <span class='ocrx_word' id='word_1_2' title='bbox 809 773 840 812; x_wconf 90' lang='grc' dir='ltr'>Ι.</span> 
     </span>
    </p>
   </div>
   <div class='ocr_carea' id='block_1_2' title="bbox 236 856 1213 1027">
    <p class='ocr_par' dir='ltr' id='par_1_2' title="bbox 236 856 1213 1027">
     <span class='ocr_line' id='line_1_2' title="bbox 325 856 1211 897; baseline -0.003 -6"><span class='ocrx_word' id='word_1_3' title='bbox 325 860 352 891; x_wconf 93' lang='grc'>1.</span> <span class='ocrx_word' id='word_1_4' title='bbox 383 859 472 891; x_wconf 85' lang='lat' dir='ltr'>Deus</span> <span class='ocrx_word' id='word_1_5' title='bbox 504 859 576 890; x_wconf 79' lang='lat' dir='ltr'>olim</span> <span class='ocrx_word' id='word_1_6' title='bbox 608 857 817 897; x_wconf 77' lang='lat' dir='ltr'>multifariam</span> <span class='ocrx_word' id='word_1_7' title='bbox 846 857 1011 897; x_wconf 77' lang='lat' dir='ltr'>multisque</span> <span class='ocrx_word' id='word_1_8' title='bbox 1043 857 1143 888; x_wconf 81' lang='lat' dir='ltr'>modis</span> <span class='ocrx_word' id='word_1_9' title='bbox 1171 856 1211 888; x_wconf 81' lang='lat' dir='ltr'>lo-</span> 
     </span>
     <span class='ocr_line' id='line_1_3' title="bbox 239 899 1211 943; baseline -0.004 -9"><span class='ocrx_word' id='word_1_10' title='bbox 239 906 353 943; x_wconf 77' lang='lat' dir='ltr'>quutus</span> <span class='ocrx_word' id='word_1_11' title='bbox 380 901 526 942; x_wconf 75' lang='lat' dir='ltr'>patribus</span> <span class='ocrx_word' id='word_1_12' title='bbox 553 911 614 940; x_wconf 74' lang='lat' dir='ltr'>per</span> <span class='ocrx_word' id='word_1_13' title='bbox 641 900 823 940; x_wconf 73' lang='lat' dir='ltr'>prophetas,</span> <span class='ocrx_word' id='word_1_14' title='bbox 874 900 904 931; x_wconf 83' lang='lat'>2.</span> <span class='ocrx_word' id='word_1_15' title='bbox 940 900 1098 931; x_wconf 72' lang='lat' dir='ltr'>Extremis</span> <span class='ocrx_word' id='word_1_16' title='bbox 1130 899 1211 931; x_wconf 78' lang='lat' dir='ltr'>hisce</span> 
     </span>
     <span class='ocr_line' id='line_1_4' title="bbox 236 943 1213 984; baseline -0.004 -7"><span class='ocrx_word' id='word_1_17' title='bbox 236 945 343 977; x_wconf 75' lang='lat' dir='ltr'>diebus</span> <span class='ocrx_word' id='word_1_18' title='bbox 371 944 513 984; x_wconf 72' lang='lat' dir='ltr'><em>loquutus</em></span> <span class='ocrx_word' id='word_1_19' title='bbox 540 946 584 975; x_wconf 75' lang='lat' dir='ltr'>est</span> <span class='ocrx_word' id='word_1_20' title='bbox 611 943 699 975; x_wconf 78' lang='lat' dir='ltr'>nobis</span> <span class='ocrx_word' id='word_1_21' title='bbox 727 953 786 982; x_wconf 77' lang='lat' dir='ltr'>per</span> <span class='ocrx_word' id='word_1_22' title='bbox 806 943 918 983; x_wconf 76' lang='lat' dir='ltr'>filium,</span> <span class='ocrx_word' id='word_1_23' title='bbox 948 953 1036 982; x_wconf 80' lang='lat' dir='ltr'>quem</span> <span class='ocrx_word' id='word_1_24' title='bbox 1058 943 1213 974; x_wconf 72' lang='lat' dir='ltr'>constituit</span> 
     </span>
     <span class='ocr_line' id='line_1_5' title="bbox 237 986 1166 1027; baseline -0.002 -9"><span class='ocrx_word' id='word_1_25' title='bbox 237 987 396 1020; x_wconf 75' lang='lat' dir='ltr'><em>haeredem</em></span> <span class='ocrx_word' id='word_1_26' title='bbox 415 987 560 1027; x_wconf 76' lang='lat' dir='ltr'>omnium,</span> <span class='ocrx_word' id='word_1_27' title='bbox 579 996 637 1027; x_wconf 78' lang='lat' dir='ltr'>per</span> <span class='ocrx_word' id='word_1_28' title='bbox 659 995 747 1025; x_wconf 77' lang='lat' dir='ltr'>quem</span> <span class='ocrx_word' id='word_1_29' title='bbox 769 987 861 1017; x_wconf 69' lang='lat' dir='ltr'>etiam</span> <span class='ocrx_word' id='word_1_30' title='bbox 881 986 1006 1018; x_wconf 81' lang='lat' dir='ltr'>saecula</span> <span class='ocrx_word' id='word_1_31' title='bbox 1024 986 1166 1017; x_wconf 75' lang='lat' dir='ltr'><em>condidit.</em></span> 
     </span>
    </p>
   </div>
   <div class='ocr_carea' id='block_1_3' title="bbox 240 1071 1215 2692">
    <p class='ocr_par' dir='ltr' id='par_1_3' title="bbox 240 1071 1213 1669">
     <span class='ocr_line' id='line_1_6' title="bbox 324 1071 1210 1112; baseline -0.002 -9"><span class='ocrx_word' id='word_1_32' title='bbox 324 1073 351 1103; x_wconf 92' lang='lat'>1.</span> <span class='ocrx_word' id='word_1_33' title='bbox 378 1071 468 1105; x_wconf 82' lang='lat' dir='ltr'>Deus</span> <span class='ocrx_word' id='word_1_34' title='bbox 490 1072 572 1112; x_wconf 80' lang='lat' dir='ltr'>olim,</span> <span class='ocrx_word' id='word_1_35' title='bbox 596 1074 645 1103; x_wconf 79' lang='lat' dir='ltr'>etc.</span> <span class='ocrx_word' id='word_1_36' title='bbox 690 1071 762 1102; x_wconf 88' lang='lat' dir='ltr'>Hoc</span> <span class='ocrx_word' id='word_1_37' title='bbox 792 1071 962 1102; x_wconf 77' lang='lat' dir='ltr'>exordium</span> <span class='ocrx_word' id='word_1_38' title='bbox 987 1071 1026 1102; x_wconf 88' lang='lat' dir='ltr'>ad</span> <span class='ocrx_word' id='word_1_39' title='bbox 1048 1081 1210 1103; x_wconf 86' lang='lat' dir='ltr'>commen-</span> 
     </span>
     <span class='ocr_line' id='line_1_7' title="bbox 241 1113 1210 1154; baseline -0.002 -8"><span class='ocrx_word' id='word_1_40' title='bbox 241 1115 401 1147; x_wconf 83' lang='lat' dir='ltr'>dationem</span> <span class='ocrx_word' id='word_1_41' title='bbox 433 1115 599 1146; x_wconf 79' lang='lat' dir='ltr'>doctrinae</span> <span class='ocrx_word' id='word_1_42' title='bbox 630 1114 751 1146; x_wconf 81' lang='lat' dir='ltr'>Christi</span> <span class='ocrx_word' id='word_1_43' title='bbox 782 1115 931 1154; x_wconf 80' lang='lat' dir='ltr'><strong>pertinet.</strong></span> <span class='ocrx_word' id='word_1_44' title='bbox 985 1113 1096 1154; x_wconf 82' lang='lat' dir='ltr'>Neque</span> <span class='ocrx_word' id='word_1_45' title='bbox 1126 1114 1210 1144; x_wconf 90' lang='lat' dir='ltr'>enim</span> 
     </span>
     <span class='ocr_line' id='line_1_8' title="bbox 240 1156 1210 1197; baseline -0.002 -8"><span class='ocrx_word' id='word_1_46' title='bbox 240 1163 428 1190; x_wconf 78' lang='lat' dir='ltr'>reverenter</span> <span class='ocrx_word' id='word_1_47' title='bbox 457 1160 584 1188; x_wconf 90' lang='lat' dir='ltr'>tantum</span> <span class='ocrx_word' id='word_1_48' title='bbox 616 1156 838 1197; x_wconf 80' lang='lat' dir='ltr'>excipiendam</span> <span class='ocrx_word' id='word_1_49' title='bbox 870 1167 939 1188; x_wconf 88' lang='lat' dir='ltr'>esse</span> <span class='ocrx_word' id='word_1_50' title='bbox 970 1156 1070 1197; x_wconf 84' lang='lat' dir='ltr'>docet⁷</span> <span class='ocrx_word' id='word_1_51' title='bbox 1099 1156 1154 1187; x_wconf 89' lang='lat' dir='ltr'>sed</span> <span class='ocrx_word' id='word_1_52' title='bbox 1178 1157 1210 1187; x_wconf 91' lang='lat' dir='ltr'>in</span> 
     </span>
     <span class='ocr_line' id='line_1_9' title="bbox 241 1199 1211 1240; baseline -0.003 -8"><span class='ocrx_word' id='word_1_53' title='bbox 241 1211 278 1232; x_wconf 86' lang='lat' dir='ltr'>ea</span> <span class='ocrx_word' id='word_1_54' title='bbox 300 1201 367 1232; x_wconf 87' lang='lat' dir='ltr'>sola</span> <span class='ocrx_word' id='word_1_55' title='bbox 389 1199 664 1240; x_wconf 86' lang='lat' dir='ltr'>acquiescendum.</span> <span class='ocrx_word' id='word_1_56' title='bbox 710 1199 784 1238; x_wconf 78' lang='lat' dir='ltr'>Quo</span> <span class='ocrx_word' id='word_1_57' title='bbox 806 1199 838 1230; x_wconf 92' lang='lat' dir='ltr'>id</span> <span class='ocrx_word' id='word_1_58' title='bbox 862 1199 977 1231; x_wconf 90' lang='lat' dir='ltr'>melius</span> <span class='ocrx_word' id='word_1_59' title='bbox 1000 1199 1211 1240; x_wconf 86' lang='lat' dir='ltr'>intelligatur,</span> 
     </span>
     <span class='ocr_line' id='line_1_10' title="bbox 240 1241 1211 1283; baseline -0.003 -8"><span class='ocrx_word' id='word_1_60' title='bbox 240 1243 381 1275; x_wconf 83' lang='lat' dir='ltr'>notanda</span> <span class='ocrx_word' id='word_1_61' title='bbox 401 1249 449 1274; x_wconf 85' lang='lat' dir='ltr'>est</span> <span class='ocrx_word' id='word_1_62' title='bbox 470 1243 671 1283; x_wconf 86' lang='lat' dir='ltr'>singulorum</span> <span class='ocrx_word' id='word_1_63' title='bbox 688 1243 906 1274; x_wconf 87' lang='lat' dir='ltr'>membrorum</span> <span class='ocrx_word' id='word_1_64' title='bbox 922 1242 1101 1274; x_wconf 78' lang='lat' dir='ltr'>antithesis.</span> <span class='ocrx_word' id='word_1_65' title='bbox 1140 1241 1211 1273; x_wconf 86' lang='lat' dir='ltr'>Pri·</span> 
     </span>
     <span class='ocr_line' id='line_1_11' title="bbox 240 1284 1213 1325; baseline -0.002 -8"><span class='ocrx_word' id='word_1_66' title='bbox 240 1296 344 1324; x_wconf 90' lang='lat' dir='ltr'>mum,</span> <span class='ocrx_word' id='word_1_67' title='bbox 378 1285 477 1317; x_wconf 89' lang='lat' dir='ltr'>filium</span> <span class='ocrx_word' id='word_1_68' title='bbox 508 1285 571 1316; x_wconf 91' lang='lat' dir='ltr'>Dei</span> <span class='ocrx_word' id='word_1_69' title='bbox 610 1285 776 1325; x_wconf 89' lang='lat' dir='ltr'>prophetis</span> <span class='ocrx_word' id='word_1_70' title='bbox 810 1285 960 1325; x_wconf 87' lang='lat' dir='ltr'>opponit:</span> <span class='ocrx_word' id='word_1_71' title='bbox 1006 1284 1120 1315; x_wconf 90' lang='lat' dir='ltr'>deinde</span> <span class='ocrx_word' id='word_1_72' title='bbox 1154 1295 1213 1315; x_wconf 88' lang='lat' dir='ltr'>nos</span> 
     </span>
     <span class='ocr_line' id='line_1_12' title="bbox 240 1326 1212 1369; baseline -0.001 -10"><span class='ocrx_word' id='word_1_73' title='bbox 240 1328 401 1369; x_wconf 86' lang='lat' dir='ltr'>patribus:</span> <span class='ocrx_word' id='word_1_74' title='bbox 425 1329 522 1360; x_wconf 87' lang='lat' dir='ltr'>tertio</span> <span class='ocrx_word' id='word_1_75' title='bbox 546 1328 668 1359; x_wconf 83' lang='lat' dir='ltr'>variam</span> <span class='ocrx_word' id='word_1_76' title='bbox 694 1337 730 1358; x_wconf 88' lang='lat' dir='ltr'>ac</span> <span class='ocrx_word' id='word_1_77' title='bbox 753 1327 963 1368; x_wconf 80' lang='lat' dir='ltr'>multiplicem</span> <span class='ocrx_word' id='word_1_78' title='bbox 989 1326 1140 1367; x_wconf 89' lang='lat' dir='ltr'>loquendi</span> <span class='ocrx_word' id='word_1_79' title='bbox 1165 1337 1212 1358; x_wconf 88' lang='lat' dir='ltr'>ra-</span> 
     </span>
     <span class='ocr_line' id='line_1_13' title="bbox 241 1370 1213 1412; baseline -0.002 -10"><span class='ocrx_word' id='word_1_80' title='bbox 241 1372 373 1412; x_wconf 88' lang='lat' dir='ltr'>tionem,</span> <span class='ocrx_word' id='word_1_81' title='bbox 404 1381 500 1412; x_wconf 88' lang='lat' dir='ltr'>quam</span> <span class='ocrx_word' id='word_1_82' title='bbox 526 1370 615 1402; x_wconf 90' lang='lat' dir='ltr'>Deus</span> <span class='ocrx_word' id='word_1_83' title='bbox 646 1371 729 1411; x_wconf 86' lang='lat' dir='ltr'>apud</span> <span class='ocrx_word' id='word_1_84' title='bbox 759 1375 866 1409; x_wconf 81' lang='lat' dir='ltr'>patres</span> <span class='ocrx_word' id='word_1_85' title='bbox 889 1370 1002 1408; x_wconf 89' lang='lat' dir='ltr'>tenuit,</span> <span class='ocrx_word' id='word_1_86' title='bbox 1033 1375 1213 1410; x_wconf 80' lang='lat' dir='ltr'>postremae</span> 
     </span>
     <span class='ocr_line' id='line_1_14' title="bbox 240 1412 1212 1454; baseline -0.001 -9"><span class='ocrx_word' id='word_1_87' title='bbox 240 1415 442 1454; x_wconf 83' lang='lat' dir='ltr'>revelationi,</span> <span class='ocrx_word' id='word_1_88' title='bbox 465 1424 546 1454; x_wconf 87' lang='lat' dir='ltr'>quae</span> <span class='ocrx_word' id='word_1_89' title='bbox 566 1412 656 1444; x_wconf 91' lang='lat' dir='ltr'>nobis</span> <span class='ocrx_word' id='word_1_90' title='bbox 676 1424 732 1453; x_wconf 87' lang='lat' dir='ltr'>per</span> <span class='ocrx_word' id='word_1_91' title='bbox 749 1413 917 1445; x_wconf 84' lang='lat' dir='ltr'>Christum</span> <span class='ocrx_word' id='word_1_92' title='bbox 942 1412 1040 1444; x_wconf 87' lang='lat' dir='ltr'>allata</span> <span class='ocrx_word' id='word_1_93' title='bbox 1055 1417 1113 1444; x_wconf 89' lang='lat' dir='ltr'>est.</span> <span class='ocrx_word' id='word_1_94' title='bbox 1148 1412 1212 1444; x_wconf 86' lang='lat' dir='ltr'>Sed</span> 
     </span>
     <span class='ocr_line' id='line_1_15' title="bbox 240 1456 1212 1496; baseline -0.002 -8"><span class='ocrx_word' id='word_1_95' title='bbox 240 1458 274 1488; x_wconf 92' lang='lat' dir='ltr'>in</span> <span class='ocrx_word' id='word_1_96' title='bbox 307 1456 367 1489; x_wconf 85' lang='lat' dir='ltr'>hac</span> <span class='ocrx_word' id='word_1_97' title='bbox 399 1457 586 1488; x_wconf 85' lang='lat' dir='ltr'>diversitate</span> <span class='ocrx_word' id='word_1_98' title='bbox 615 1467 713 1487; x_wconf 91' lang='lat' dir='ltr'>uuum</span> <span class='ocrx_word' id='word_1_99' title='bbox 745 1461 852 1487; x_wconf 87' lang='lat' dir='ltr'>tamen</span> <span class='ocrx_word' id='word_1_100' title='bbox 877 1456 983 1486; x_wconf 89' lang='lat' dir='ltr'>Deum</span> <span class='ocrx_word' id='word_1_101' title='bbox 1016 1456 1106 1487; x_wconf 90' lang='lat' dir='ltr'>nobis</span> <span class='ocrx_word' id='word_1_102' title='bbox 1140 1466 1212 1496; x_wconf 75' lang='lat' dir='ltr'>pro=</span> 
     </span>
     <span class='ocr_line' id='line_1_16' title="bbox 240 1498 1213 1540; baseline -0.001 -10"><span class='ocrx_word' id='word_1_103' title='bbox 240 1500 350 1540; x_wconf 89' lang='lat' dir='ltr'>ponit:</span> <span class='ocrx_word' id='word_1_104' title='bbox 373 1510 413 1530; x_wconf 88' lang='lat' dir='ltr'>ne</span> <span class='ocrx_word' id='word_1_105' title='bbox 436 1500 507 1540; x_wconf 87' lang='lat' dir='ltr'>quis</span> <span class='ocrx_word' id='word_1_106' title='bbox 531 1503 622 1539; x_wconf 87' lang='lat' dir='ltr'>putet</span> <span class='ocrx_word' id='word_1_107' title='bbox 644 1499 748 1539; x_wconf 88' lang='lat' dir='ltr'>legem</span> <span class='ocrx_word' id='word_1_108' title='bbox 772 1509 843 1530; x_wconf 90' lang='lat' dir='ltr'>cum</span> <span class='ocrx_word' id='word_1_109' title='bbox 866 1498 1034 1539; x_wconf 85' lang='lat' dir='ltr'>evangelio</span> <span class='ocrx_word' id='word_1_110' title='bbox 1057 1509 1213 1539; x_wconf 84' lang='lat' dir='ltr'>pugnare,</span> 
     </span>
     <span class='ocr_line' id='line_1_17' title="bbox 241 1541 1213 1582; baseline -0.001 -9"><span class='ocrx_word' id='word_1_111' title='bbox 241 1542 291 1573; x_wconf 90' lang='lat' dir='ltr'>vel</span> <span class='ocrx_word' id='word_1_112' title='bbox 317 1542 415 1573; x_wconf 88' lang='lat' dir='ltr'>alium</span> <span class='ocrx_word' id='word_1_113' title='bbox 438 1552 507 1573; x_wconf 89' lang='lat' dir='ltr'>esse</span> <span class='ocrx_word' id='word_1_114' title='bbox 530 1541 638 1582; x_wconf 86' lang='lat' dir='ltr'>huius,</span> <span class='ocrx_word' id='word_1_115' title='bbox 669 1552 764 1582; x_wconf 90' lang='lat' dir='ltr'>quam</span> <span class='ocrx_word' id='word_1_116' title='bbox 789 1541 875 1572; x_wconf 88' lang='lat' dir='ltr'>illius</span> <span class='ocrx_word' id='word_1_117' title='bbox 898 1546 1052 1572; x_wconf 85' lang='lat' dir='ltr'>autorem.</span> <span class='ocrx_word' id='word_1_118' title='bbox 1098 1541 1213 1581; x_wconf 89' lang='lat' dir='ltr'>Itaque</span> 
     </span>
     <span class='ocr_line' id='line_1_18' title="bbox 241 1583 1213 1625; baseline -0.002 -9"><span class='ocrx_word' id='word_1_119' title='bbox 241 1591 276 1616; x_wconf 86' lang='lat' dir='ltr'>ut</span> <span class='ocrx_word' id='word_1_120' title='bbox 310 1595 468 1616; x_wconf 86' lang='lat' dir='ltr'>summam</span> <span class='ocrx_word' id='word_1_121' title='bbox 503 1584 598 1616; x_wconf 89' lang='lat' dir='ltr'>huius</span> <span class='ocrx_word' id='word_1_122' title='bbox 632 1584 857 1625; x_wconf 87' lang='lat' dir='ltr'>propositionis</span> <span class='ocrx_word' id='word_1_123' title='bbox 888 1589 1012 1624; x_wconf 84' lang='lat' dir='ltr'>teneas,</span> <span class='ocrx_word' id='word_1_124' title='bbox 1046 1583 1126 1615; x_wconf 85' lang='lat' dir='ltr'>haec</span> <span class='ocrx_word' id='word_1_125' title='bbox 1157 1583 1213 1615; x_wconf 92' lang='lat' dir='ltr'>tibi</span> 
     </span>
     <span class='ocr_line' id='line_1_19' title="bbox 241 1627 613 1669; baseline 0 -11"><span class='ocrx_word' id='word_1_126' title='bbox 241 1628 344 1669; x_wconf 86' lang='lat' dir='ltr'>figura</span> <span class='ocrx_word' id='word_1_127' title='bbox 368 1627 527 1668; x_wconf 86' lang='lat' dir='ltr'>pingenda</span> <span class='ocrx_word' id='word_1_128' title='bbox 549 1632 613 1659; x_wconf 91' lang='lat' dir='ltr'>est:</span> 
     </span>
    </p>

    <p class='ocr_par' dir='ltr' id='par_1_4' title="bbox 284 1669 1211 1838">
     <span class='ocr_line' id='line_1_20' title="bbox 562 1669 893 1709; baseline -0.003 -8"><span class='ocrx_word' id='word_1_129' title='bbox 562 1670 652 1701; x_wconf 91' lang='lat' dir='ltr'>Deus</span> <span class='ocrx_word' id='word_1_130' title='bbox 671 1669 824 1709; x_wconf 87' lang='lat' dir='ltr'>loquutus</span> <span class='ocrx_word' id='word_1_131' title='bbox 846 1674 893 1701; x_wconf 88' lang='lat' dir='ltr'>est</span> 
     </span>
     <span class='ocr_line' id='line_1_21' title="bbox 284 1712 1012 1753; baseline -0.003 -9"><span class='ocrx_word' id='word_1_132' title='bbox 284 1713 370 1744; x_wconf 89' lang='lat' dir='ltr'>Olim</span> <span class='ocrx_word' id='word_1_133' title='bbox 391 1724 448 1753; x_wconf 90' lang='lat' dir='ltr'>per</span> <span class='ocrx_word' id='word_1_134' title='bbox 467 1713 655 1752; x_wconf 88' lang='lat' dir='ltr'>prophetas:</span> <span class='ocrx_word' id='word_1_135' title='bbox 700 1712 795 1743; x_wconf 88' lang='lat' dir='ltr'>Nunc</span> <span class='ocrx_word' id='word_1_136' title='bbox 818 1723 876 1753; x_wconf 91' lang='lat' dir='ltr'>per</span> <span class='ocrx_word' id='word_1_137' title='bbox 899 1712 1012 1743; x_wconf 88' lang='lat' dir='ltr'>filium.</span> 
     </span>
     <span class='ocr_line' id='line_1_22' title="bbox 284 1754 1048 1796; baseline -0.003 -9"><span class='ocrx_word' id='word_1_138' title='bbox 284 1756 374 1788; x_wconf 78' lang='lat' dir='ltr'>&#39;I&#39;unc</span> <span class='ocrx_word' id='word_1_139' title='bbox 398 1756 560 1796; x_wconf 86' lang='lat' dir='ltr'>patribus:</span> <span class='ocrx_word' id='word_1_140' title='bbox 700 1755 794 1786; x_wconf 87' lang='lat' dir='ltr'>Nunc</span> <span class='ocrx_word' id='word_1_141' title='bbox 817 1761 923 1786; x_wconf 88' lang='lat' dir='ltr'>autem</span> <span class='ocrx_word' id='word_1_142' title='bbox 949 1754 1048 1786; x_wconf 87' lang='lat' dir='ltr'>nobis.</span> 
     </span>
     <span class='ocr_line' id='line_1_23' title="bbox 284 1798 1211 1838; baseline -0.002 -8"><span class='ocrx_word' id='word_1_143' title='bbox 284 1799 377 1830; x_wconf 81' lang='lat' dir='ltr'>Tunc</span> <span class='ocrx_word' id='word_1_144' title='bbox 401 1798 624 1829; x_wconf 83' lang='lat' dir='ltr'>multifariam:</span> <span class='ocrx_word' id='word_1_145' title='bbox 701 1798 795 1829; x_wconf 90' lang='lat' dir='ltr'>Nunc</span> <span class='ocrx_word' id='word_1_146' title='bbox 818 1803 856 1829; x_wconf 92' lang='lat' dir='ltr'>ut</span> <span class='ocrx_word' id='word_1_147' title='bbox 878 1798 912 1828; x_wconf 92' lang='lat' dir='ltr'>in</span> <span class='ocrx_word' id='word_1_148' title='bbox 936 1798 1001 1828; x_wconf 90' lang='lat' dir='ltr'>fine</span> <span class='ocrx_word' id='word_1_149' title='bbox 1020 1800 1211 1838; x_wconf 87' lang='lat' dir='ltr'>temporum.</span> 
     </span>
    </p>

    <p class='ocr_par' dir='ltr' id='par_1_5' title="bbox 241 1840 1215 2692">
     <span class='ocr_line' id='line_1_24' title="bbox 327 1840 1212 1881; baseline -0.001 -9"><span class='ocrx_word' id='word_1_150' title='bbox 327 1841 398 1872; x_wconf 84' lang='lat' dir='ltr'>Hoc</span> <span class='ocrx_word' id='word_1_151' title='bbox 427 1842 509 1872; x_wconf 88' lang='lat' dir='ltr'>iacto</span> <span class='ocrx_word' id='word_1_152' title='bbox 538 1840 761 1878; x_wconf 83' lang='lat' dir='ltr'>fundamento,</span> <span class='ocrx_word' id='word_1_153' title='bbox 796 1851 970 1872; x_wconf 84' lang='lat' dir='ltr'>consensus</span> <span class='ocrx_word' id='word_1_154' title='bbox 1000 1840 1085 1871; x_wconf 90' lang='lat' dir='ltr'>inter</span> <span class='ocrx_word' id='word_1_155' title='bbox 1109 1840 1212 1881; x_wconf 87' lang='lat' dir='ltr'>legem</span> 
     </span>
     <span class='ocr_line' id='line_1_25' title="bbox 241 1883 1209 1924; baseline -0.002 -8"><span class='ocrx_word' id='word_1_156' title='bbox 241 1889 274 1916; x_wconf 89' lang='lat' dir='ltr'>et</span> <span class='ocrx_word' id='word_1_157' title='bbox 296 1884 499 1924; x_wconf 85' lang='lat' dir='ltr'>evangelium</span> <span class='ocrx_word' id='word_1_158' title='bbox 522 1884 692 1914; x_wconf 81' lang='lat' dir='ltr'>statuitur:</span> <span class='ocrx_word' id='word_1_159' title='bbox 722 1884 797 1923; x_wconf 86' lang='lat' dir='ltr'>quia</span> <span class='ocrx_word' id='word_1_160' title='bbox 820 1884 909 1914; x_wconf 87' lang='lat' dir='ltr'>Deus</span> <span class='ocrx_word' id='word_1_161' title='bbox 932 1883 987 1923; x_wconf 90' lang='lat' dir='ltr'>qui</span> <span class='ocrx_word' id='word_1_162' title='bbox 1011 1893 1137 1923; x_wconf 85' lang='lat' dir='ltr'>semper</span> <span class='ocrx_word' id='word_1_163' title='bbox 1160 1890 1209 1914; x_wconf 89' lang='lat' dir='ltr'>est</span> 
     </span>
     <span class='ocr_line' id='line_1_26' title="bbox 243 1926 1214 1967; baseline -0.002 -9"><span class='ocrx_word' id='word_1_164' title='bbox 243 1927 293 1958; x_wconf 87' lang='lat' dir='ltr'>sui</span> <span class='ocrx_word' id='word_1_165' title='bbox 313 1926 436 1967; x_wconf 87' lang='lat' dir='ltr'>similis,</span> <span class='ocrx_word' id='word_1_166' title='bbox 459 1929 491 1958; x_wconf 85' lang='lat' dir='ltr'>et</span> <span class='ocrx_word' id='word_1_167' title='bbox 509 1927 599 1958; x_wconf 88' lang='lat' dir='ltr'>cuius</span> <span class='ocrx_word' id='word_1_168' title='bbox 615 1937 721 1958; x_wconf 90' lang='lat' dir='ltr'>sermo</span> <span class='ocrx_word' id='word_1_169' title='bbox 737 1931 888 1957; x_wconf 78' lang='lat' dir='ltr'>constans</span> <span class='ocrx_word' id='word_1_170' title='bbox 907 1929 964 1963; x_wconf 89' lang='lat' dir='ltr'>est,</span> <span class='ocrx_word' id='word_1_171' title='bbox 989 1936 1024 1957; x_wconf 84' lang='lat' dir='ltr'>ac</span> <span class='ocrx_word' id='word_1_172' title='bbox 1040 1926 1214 1957; x_wconf 89' lang='lat' dir='ltr'>immobilis</span> 
     </span>
     <span class='ocr_line' id='line_1_27' title="bbox 243 1968 1213 2009; baseline -0.002 -8"><span class='ocrx_word' id='word_1_173' title='bbox 243 1970 373 2009; x_wconf 84' lang='lat' dir='ltr'>veritas,</span> <span class='ocrx_word' id='word_1_174' title='bbox 396 1970 540 2009; x_wconf 82' lang='lat' dir='ltr'>utrisque</span> <span class='ocrx_word' id='word_1_175' title='bbox 563 1969 775 2000; x_wconf 87' lang='lat' dir='ltr'>communiter</span> <span class='ocrx_word' id='word_1_176' title='bbox 798 1974 847 1999; x_wconf 86' lang='lat' dir='ltr'>est</span> <span class='ocrx_word' id='word_1_177' title='bbox 870 1969 1031 2009; x_wconf 81' lang='lat' dir='ltr'>loquutus.</span> <span class='ocrx_word' id='word_1_178' title='bbox 1070 1968 1135 2000; x_wconf 88' lang='lat' dir='ltr'>Sed</span> <span class='ocrx_word' id='word_1_179' title='bbox 1160 1979 1213 2000; x_wconf 92' lang='lat' dir='ltr'>no-</span> 
     </span>
     <span class='ocr_line' id='line_1_28' title="bbox 243 2011 1214 2052; baseline -0.001 -9"><span class='ocrx_word' id='word_1_180' title='bbox 243 2013 378 2043; x_wconf 88' lang='lat' dir='ltr'>tandum</span> <span class='ocrx_word' id='word_1_181' title='bbox 412 2017 462 2043; x_wconf 90' lang='lat' dir='ltr'>est</span> <span class='ocrx_word' id='word_1_182' title='bbox 494 2012 578 2043; x_wconf 87' lang='lat' dir='ltr'>inter</span> <span class='ocrx_word' id='word_1_183' title='bbox 613 2022 669 2043; x_wconf 84' lang='lat' dir='ltr'>nos</span> <span class='ocrx_word' id='word_1_184' title='bbox 704 2017 736 2043; x_wconf 87' lang='lat' dir='ltr'>et</span> <span class='ocrx_word' id='word_1_185' title='bbox 770 2017 879 2052; x_wconf 86' lang='lat' dir='ltr'>patres</span> <span class='ocrx_word' id='word_1_186' title='bbox 913 2011 1104 2042; x_wconf 78' lang='lat' dir='ltr'>discrimen:</span> <span class='ocrx_word' id='word_1_187' title='bbox 1139 2012 1214 2052; x_wconf 88' lang='lat' dir='ltr'>quia</span> 
     </span>
     <span class='ocr_line' id='line_1_29' title="bbox 243 2054 1213 2095; baseline -0.002 -9"><span class='ocrx_word' id='word_1_188' title='bbox 243 2055 337 2087; x_wconf 85' lang='lat' dir='ltr'>aliter</span> <span class='ocrx_word' id='word_1_189' title='bbox 366 2054 441 2086; x_wconf 91' lang='lat' dir='ltr'>olim</span> <span class='ocrx_word' id='word_1_190' title='bbox 473 2054 557 2095; x_wconf 88' lang='lat' dir='ltr'>apud</span> <span class='ocrx_word' id='word_1_191' title='bbox 586 2065 640 2086; x_wconf 85' lang='lat' dir='ltr'>eos</span> <span class='ocrx_word' id='word_1_192' title='bbox 681 2064 858 2086; x_wconf 89' lang='lat' dir='ltr'>sermonem</span> <span class='ocrx_word' id='word_1_193' title='bbox 887 2054 1084 2094; x_wconf 80' lang='lat' dir='ltr'>temperavit</span> <span class='ocrx_word' id='word_1_194' title='bbox 1116 2063 1213 2094; x_wconf 89' lang='lat' dir='ltr'>quam</span> 
     </span>
     <span class='ocr_line' id='line_1_30' title="bbox 242 2096 1214 2137; baseline -0.002 -8"><span class='ocrx_word' id='word_1_195' title='bbox 242 2098 338 2129; x_wconf 91' lang='lat' dir='ltr'>hodie</span> <span class='ocrx_word' id='word_1_196' title='bbox 370 2098 455 2137; x_wconf 86' lang='lat' dir='ltr'>apud</span> <span class='ocrx_word' id='word_1_197' title='bbox 490 2108 556 2129; x_wconf 89' lang='lat' dir='ltr'>nos.</span> <span class='ocrx_word' id='word_1_198' title='bbox 608 2097 657 2129; x_wconf 85' lang='lat' dir='ltr'>Ac</span> <span class='ocrx_word' id='word_1_199' title='bbox 690 2098 828 2137; x_wconf 89' lang='lat' dir='ltr'>primum</span> <span class='ocrx_word' id='word_1_200' title='bbox 863 2096 990 2137; x_wconf 82' lang='lat' dir='ltr'>quidem</span> <span class='ocrx_word' id='word_1_201' title='bbox 1026 2096 1112 2137; x_wconf 86' lang='lat' dir='ltr'>apud</span> <span class='ocrx_word' id='word_1_202' title='bbox 1142 2097 1214 2128; x_wconf 89' lang='lat' dir='ltr'>illos</span> 
     </span>
     <span class='ocr_line' id='line_1_31' title="bbox 243 2139 1215 2181; baseline 0 -11"><span class='ocrx_word' id='word_1_203' title='bbox 243 2140 409 2181; x_wconf 89' lang='lat' dir='ltr'>prophetis</span> <span class='ocrx_word' id='word_1_204' title='bbox 439 2151 516 2171; x_wconf 87' lang='lat' dir='ltr'>usus</span> <span class='ocrx_word' id='word_1_205' title='bbox 545 2145 608 2171; x_wconf 89' lang='lat' dir='ltr'>est:</span> <span class='ocrx_word' id='word_1_206' title='bbox 644 2140 734 2171; x_wconf 89' lang='lat' dir='ltr'>nobis</span> <span class='ocrx_word' id='word_1_207' title='bbox 759 2150 833 2171; x_wconf 89' lang='lat' dir='ltr'>vero</span> <span class='ocrx_word' id='word_1_208' title='bbox 857 2140 1021 2180; x_wconf 90' lang='lat' dir='ltr'>proprium</span> <span class='ocrx_word' id='word_1_209' title='bbox 1046 2139 1145 2170; x_wconf 89' lang='lat' dir='ltr'>filium</span> <span class='ocrx_word' id='word_1_210' title='bbox 1171 2139 1215 2170; x_wconf 91' lang='lat' dir='ltr'>le-</span> 
     </span>
     <span class='ocr_line' id='line_1_32' title="bbox 242 2182 1214 2224; baseline -0.001 -10"><span class='ocrx_word' id='word_1_211' title='bbox 242 2188 352 2224; x_wconf 86' lang='lat' dir='ltr'>gatum</span> <span class='ocrx_word' id='word_1_212' title='bbox 387 2182 566 2215; x_wconf 84' lang='lat' dir='ltr'>constituit.</span> <span class='ocrx_word' id='word_1_213' title='bbox 621 2182 772 2214; x_wconf 89' lang='lat' dir='ltr'>Conditio</span> <span class='ocrx_word' id='word_1_214' title='bbox 809 2182 907 2223; x_wconf 87' lang='lat' dir='ltr'>igitur</span> <span class='ocrx_word' id='word_1_215' title='bbox 945 2187 1054 2213; x_wconf 82' lang='lat' dir='ltr'>nostra</span> <span class='ocrx_word' id='word_1_216' title='bbox 1087 2182 1118 2213; x_wconf 92' lang='lat' dir='ltr'>in</span> <span class='ocrx_word' id='word_1_217' title='bbox 1153 2182 1214 2213; x_wconf 82' lang='lat' dir='ltr'>hac</span> 
     </span>
     <span class='ocr_line' id='line_1_33' title="bbox 242 2224 1212 2266; baseline -0.001 -10"><span class='ocrx_word' id='word_1_218' title='bbox 242 2233 332 2266; x_wconf 87' lang='lat' dir='ltr'>parte</span> <span class='ocrx_word' id='word_1_219' title='bbox 354 2226 416 2256; x_wconf 90' lang='lat' dir='ltr'>iam</span> <span class='ocrx_word' id='word_1_220' title='bbox 442 2225 546 2266; x_wconf 85' lang='lat' dir='ltr'>potior</span> <span class='ocrx_word' id='word_1_221' title='bbox 569 2230 625 2257; x_wconf 88' lang='lat' dir='ltr'>est.</span> <span class='ocrx_word' id='word_1_222' title='bbox 666 2226 767 2256; x_wconf 89' lang='lat' dir='ltr'>Porro</span> <span class='ocrx_word' id='word_1_223' title='bbox 790 2226 823 2256; x_wconf 89' lang='lat' dir='ltr'>iu</span> <span class='ocrx_word' id='word_1_224' title='bbox 846 2225 958 2256; x_wconf 88' lang='lat' dir='ltr'>ordine</span> <span class='ocrx_word' id='word_1_225' title='bbox 981 2224 1212 2265; x_wconf 86' lang='lat' dir='ltr'>prophetarum</span> 
     </span>
     <span class='ocr_line' id='line_1_34' title="bbox 243 2268 1213 2304; baseline -0.001 -5"><span class='ocrx_word' id='word_1_226' title='bbox 243 2274 393 2300; x_wconf 85' lang='lat' dir='ltr'>censetur</span> <span class='ocrx_word' id='word_1_227' title='bbox 418 2274 450 2299; x_wconf 89' lang='lat' dir='ltr'>et</span> <span class='ocrx_word' id='word_1_228' title='bbox 473 2268 598 2299; x_wconf 78' lang='lat' dir='ltr'>Moses:</span> <span class='ocrx_word' id='word_1_229' title='bbox 630 2273 666 2299; x_wconf 86' lang='lat' dir='ltr'>ut</span> <span class='ocrx_word' id='word_1_230' title='bbox 689 2269 730 2299; x_wconf 90' lang='lat' dir='ltr'>sit</span> <span class='ocrx_word' id='word_1_231' title='bbox 761 2279 845 2299; x_wconf 88' lang='lat' dir='ltr'>unus</span> <span class='ocrx_word' id='word_1_232' title='bbox 868 2278 907 2299; x_wconf 85' lang='lat' dir='ltr'>ex</span> <span class='ocrx_word' id='word_1_233' title='bbox 931 2278 1041 2298; x_wconf 88' lang='lat' dir='ltr'>eorum</span> <span class='ocrx_word' id='word_1_234' title='bbox 1066 2277 1213 2304; x_wconf 82' lang='lat' dir='ltr'>numero,</span> 
     </span>
     <span class='ocr_line' id='line_1_35' title="bbox 244 2310 1214 2351; baseline -0.001 -9"><span class='ocrx_word' id='word_1_235' title='bbox 244 2312 298 2351; x_wconf 89' lang='lat' dir='ltr'>qui</span> <span class='ocrx_word' id='word_1_236' title='bbox 330 2310 395 2342; x_wconf 84' lang='lat' dir='ltr'>filio</span> <span class='ocrx_word' id='word_1_237' title='bbox 423 2317 499 2342; x_wconf 85' lang='lat' dir='ltr'>sunt</span> <span class='ocrx_word' id='word_1_238' title='bbox 526 2311 621 2351; x_wconf 86' lang='lat' dir='ltr'>longe</span> <span class='ocrx_word' id='word_1_239' title='bbox 643 2311 793 2342; x_wconf 85' lang='lat' dir='ltr'>minores.</span> <span class='ocrx_word' id='word_1_240' title='bbox 839 2311 877 2341; x_wconf 90' lang='lat' dir='ltr'>Iu</span> <span class='ocrx_word' id='word_1_241' title='bbox 901 2310 995 2341; x_wconf 91' lang='lat' dir='ltr'>modo</span> <span class='ocrx_word' id='word_1_242' title='bbox 1018 2319 1144 2350; x_wconf 91' lang='lat' dir='ltr'>quoque</span> <span class='ocrx_word' id='word_1_243' title='bbox 1167 2321 1214 2341; x_wconf 89' lang='lat' dir='ltr'>re-</span> 
     </span>
     <span class='ocr_line' id='line_1_36' title="bbox 244 2353 1212 2393; baseline -0.001 -9"><span class='ocrx_word' id='word_1_244' title='bbox 244 2353 413 2384; x_wconf 84' lang='lat' dir='ltr'>velationis</span> <span class='ocrx_word' id='word_1_245' title='bbox 436 2354 632 2385; x_wconf 78' lang='lat' dir='ltr'>excellimus,</span> <span class='ocrx_word' id='word_1_246' title='bbox 679 2354 761 2384; x_wconf 87' lang='lat' dir='ltr'>Nam</span> <span class='ocrx_word' id='word_1_247' title='bbox 786 2354 948 2385; x_wconf 86' lang='lat' dir='ltr'>visionum</span> <span class='ocrx_word' id='word_1_248' title='bbox 973 2358 1005 2384; x_wconf 90' lang='lat' dir='ltr'>et</span> <span class='ocrx_word' id='word_1_249' title='bbox 1028 2353 1142 2393; x_wconf 85' lang='lat' dir='ltr'>reliqui</span> <span class='ocrx_word' id='word_1_250' title='bbox 1166 2364 1212 2384; x_wconf 90' lang='lat' dir='ltr'>re-</span> 
     </span>
     <span class='ocr_line' id='line_1_37' title="bbox 244 2396 1213 2436; baseline 0.001 -10"><span class='ocrx_word' id='word_1_251' title='bbox 244 2396 374 2436; x_wconf 87' lang='lat' dir='ltr'>giminis</span> <span class='ocrx_word' id='word_1_252' title='bbox 397 2396 578 2435; x_wconf 90' lang='lat' dir='ltr'>diversitas,</span> <span class='ocrx_word' id='word_1_253' title='bbox 608 2405 688 2436; x_wconf 86' lang='lat' dir='ltr'>quae</span> <span class='ocrx_word' id='word_1_254' title='bbox 716 2396 779 2427; x_wconf 87' lang='lat' dir='ltr'>fuit</span> <span class='ocrx_word' id='word_1_255' title='bbox 801 2396 861 2428; x_wconf 89' lang='lat' dir='ltr'>sub</span> <span class='ocrx_word' id='word_1_256' title='bbox 884 2396 986 2427; x_wconf 90' lang='lat' dir='ltr'>veteri</span> <span class='ocrx_word' id='word_1_257' title='bbox 1010 2400 1213 2434; x_wconf 87' lang='lat' dir='ltr'>testamento,</span> 
     </span>
     <span class='ocr_line' id='line_1_38' title="bbox 245 2439 1213 2479; baseline 0 -10"><span class='ocrx_word' id='word_1_258' title='bbox 245 2443 434 2479; x_wconf 88' lang='lat' dir='ltr'>argumento</span> <span class='ocrx_word' id='word_1_259' title='bbox 456 2443 534 2477; x_wconf 89' lang='lat' dir='ltr'>erat,</span> <span class='ocrx_word' id='word_1_260' title='bbox 565 2439 707 2470; x_wconf 92' lang='lat' dir='ltr'>nondum</span> <span class='ocrx_word' id='word_1_261' title='bbox 732 2443 852 2470; x_wconf 80' lang='lat' dir='ltr'>statum</span> <span class='ocrx_word' id='word_1_262' title='bbox 876 2449 955 2477; x_wconf 84' lang='lat' dir='ltr'>esse,</span> <span class='ocrx_word' id='word_1_263' title='bbox 978 2439 1144 2478; x_wconf 85' lang='lat' dir='ltr'>fixumque</span> <span class='ocrx_word' id='word_1_264' title='bbox 1167 2449 1213 2469; x_wconf 91' lang='lat' dir='ltr'>re-</span> 
     </span>
     <span class='ocr_line' id='line_1_39' title="bbox 245 2481 1214 2522; baseline 0.002 -11"><span class='ocrx_word' id='word_1_265' title='bbox 245 2481 366 2520; x_wconf 88' lang='lat' dir='ltr'>gimen,</span> <span class='ocrx_word' id='word_1_266' title='bbox 400 2481 494 2521; x_wconf 86' lang='lat' dir='ltr'>quale</span> <span class='ocrx_word' id='word_1_267' title='bbox 523 2481 619 2512; x_wconf 87' lang='lat' dir='ltr'>rebus</span> <span class='ocrx_word' id='word_1_268' title='bbox 647 2482 768 2522; x_wconf 89' lang='lat' dir='ltr'>optime</span> <span class='ocrx_word' id='word_1_269' title='bbox 801 2481 987 2522; x_wconf 85' lang='lat' dir='ltr'>compositis</span> <span class='ocrx_word' id='word_1_270' title='bbox 1015 2491 1084 2512; x_wconf 90' lang='lat' dir='ltr'>esse</span> <span class='ocrx_word' id='word_1_271' title='bbox 1113 2481 1214 2513; x_wconf 84' lang='lat' dir='ltr'>decet.</span> 
     </span>
     <span class='ocr_line' id='line_1_40' title="bbox 245 2522 1214 2564; baseline 0.001 -11"><span class='ocrx_word' id='word_1_272' title='bbox 245 2522 319 2554; x_wconf 83' lang='lat' dir='ltr'>Huc</span> <span class='ocrx_word' id='word_1_273' title='bbox 343 2524 482 2562; x_wconf 86' lang='lat' dir='ltr'>pertinet</span> <span class='ocrx_word' id='word_1_274' title='bbox 504 2524 586 2564; x_wconf 92' lang='lat' dir='ltr'>quod</span> <span class='ocrx_word' id='word_1_275' title='bbox 611 2524 696 2562; x_wconf 81' lang='lat' dir='ltr'>dicit,</span> <span class='ocrx_word' id='word_1_276' title='bbox 719 2524 976 2555; x_wconf 84' lang='lat' dir='ltr'>multifariam</span> <span class='ocrx_word' id='word_1_277' title='bbox 1002 2523 1214 2564; x_wconf 89' lang='lat' dir='ltr'>multisque</span> 
     </span>
     <span class='ocr_line' id='line_1_41' title="bbox 245 2564 1213 2606; baseline 0.002 -11"><span class='ocrx_word' id='word_1_278' title='bbox 245 2564 383 2596; x_wconf 89' lang='lat' dir='ltr'>modis.</span> <span class='ocrx_word' id='word_1_279' title='bbox 427 2566 571 2597; x_wconf 88' lang='lat' dir='ltr'>Eandem</span> <span class='ocrx_word' id='word_1_280' title='bbox 600 2567 686 2598; x_wconf 90' lang='lat' dir='ltr'>enim</span> <span class='ocrx_word' id='word_1_281' title='bbox 717 2567 852 2598; x_wconf 86' lang='lat' dir='ltr'>formam</span> <span class='ocrx_word' id='word_1_282' title='bbox 880 2570 1034 2606; x_wconf 88' lang='lat' dir='ltr'>perpetuo</span> <span class='ocrx_word' id='word_1_283' title='bbox 1058 2576 1158 2606; x_wconf 88' lang='lat' dir='ltr'>usque</span> <span class='ocrx_word' id='word_1_284' title='bbox 1182 2567 1213 2597; x_wconf 92' lang='lat' dir='ltr'>in</span> 
     </span>
     <span class='ocr_line' id='line_1_42' title="bbox 245 2608 1215 2647; baseline 0.003 -10"><span class='ocrx_word' id='word_1_285' title='bbox 245 2608 342 2638; x_wconf 87' lang='lat' dir='ltr'>finem</span> <span class='ocrx_word' id='word_1_286' title='bbox 366 2613 577 2647; x_wconf 77' lang='lat' dir='ltr'>prosequutus</span> <span class='ocrx_word' id='word_1_287' title='bbox 600 2614 683 2640; x_wconf 89' lang='lat' dir='ltr'>esset</span> <span class='ocrx_word' id='word_1_288' title='bbox 701 2609 797 2645; x_wconf 86' lang='lat' dir='ltr'>Deus,</span> <span class='ocrx_word' id='word_1_289' title='bbox 821 2610 847 2640; x_wconf 90' lang='lat' dir='ltr'>si</span> <span class='ocrx_word' id='word_1_290' title='bbox 872 2609 985 2640; x_wconf 85' lang='lat' dir='ltr'>fuisset</span> <span class='ocrx_word' id='word_1_291' title='bbox 1001 2609 1056 2639; x_wconf 88' lang='lat' dir='ltr'>illa</span> <span class='ocrx_word' id='word_1_292' title='bbox 1073 2610 1215 2641; x_wconf 90' lang='lat' dir='ltr'>numeris</span> 
     </span>
     <span class='ocr_line' id='line_1_43' title="bbox 245 2649 1214 2692; baseline 0.001 -10"><span class='ocrx_word' id='word_1_293' title='bbox 245 2649 393 2682; x_wconf 88' lang='lat' dir='ltr'>omnibus</span> <span class='ocrx_word' id='word_1_294' title='bbox 417 2649 571 2682; x_wconf 86' lang='lat' dir='ltr'>absoluta.</span> <span class='ocrx_word' id='word_1_295' title='bbox 616 2651 770 2691; x_wconf 84' lang='lat' dir='ltr'>Sequitur</span> <span class='ocrx_word' id='word_1_296' title='bbox 792 2662 881 2692; x_wconf 85' lang='lat' dir='ltr'>ergo,</span> <span class='ocrx_word' id='word_1_297' title='bbox 904 2652 1092 2683; x_wconf 86' lang='lat' dir='ltr'>varietatem</span> <span class='ocrx_word' id='word_1_298' title='bbox 1118 2652 1214 2683; x_wconf 87' lang='lat' dir='ltr'>fuisse</span> 
     </span>
    </p>
   </div>
   <div class='ocr_carea' id='block_1_4' title="bbox 1241 1979 1245 2696">
    <p class='ocr_par' dir='ltr' id='par_1_6' title="bbox 1241 1979 1245 2696">
     <span class='ocr_line' id='line_1_44' title="bbox 1241 1979 1245 2696; baseline 0 0"><span class='ocrx_word' id='word_1_299' title='bbox 1241 1979 1245 2696; x_wconf 95' lang='lat' dir='ltr'> </span> 
     </span>
    </p>
   </div>
   <div class='ocr_carea' id='block_1_5' title="bbox 1264 772 2242 2694">
    <p class='ocr_par' dir='ltr' id='par_1_7' title="bbox 1264 772 2241 2093">
     <span class='ocr_line' id='line_1_45' title="bbox 1264 772 2236 811; baseline 0.001 -9"><span class='ocrx_word' id='word_1_300' title='bbox 1264 772 1517 811; x_wconf 84' lang='lat' dir='ltr'>imperfectionis</span> <span class='ocrx_word' id='word_1_301' title='bbox 1552 776 1669 804; x_wconf 87' lang='lat' dir='ltr'>notam.</span> <span class='ocrx_word' id='word_1_302' title='bbox 1722 773 1823 804; x_wconf 83' lang='lat' dir='ltr'>Porro</span> <span class='ocrx_word' id='word_1_303' title='bbox 1857 772 1915 804; x_wconf 89' lang='lat' dir='ltr'>has</span> <span class='ocrx_word' id='word_1_304' title='bbox 1950 772 2029 803; x_wconf 91' lang='lat' dir='ltr'>duas</span> <span class='ocrx_word' id='word_1_305' title='bbox 2063 782 2159 804; x_wconf 89' lang='lat' dir='ltr'>voces</span> <span class='ocrx_word' id='word_1_306' title='bbox 2193 773 2236 803; x_wconf 85' lang='lat' dir='ltr'>ita</span> 
     </span>
     <span class='ocr_line' id='line_1_46' title="bbox 1265 814 2234 854; baseline 0.002 -10"><span class='ocrx_word' id='word_1_307' title='bbox 1265 814 1394 854; x_wconf 84' lang='lat' dir='ltr'>accipio,</span> <span class='ocrx_word' id='word_1_308' title='bbox 1425 819 1462 845; x_wconf 90' lang='lat' dir='ltr'>ut</span> <span class='ocrx_word' id='word_1_309' title='bbox 1485 814 1691 846; x_wconf 86' lang='lat' dir='ltr'>multifariam</span> <span class='ocrx_word' id='word_1_310' title='bbox 1722 816 1857 846; x_wconf 82' lang='lat' dir='ltr'>referam</span> <span class='ocrx_word' id='word_1_311' title='bbox 1881 815 1921 846; x_wconf 92' lang='lat' dir='ltr'>ad</span> <span class='ocrx_word' id='word_1_312' title='bbox 1945 814 2091 846; x_wconf 83' lang='lat' dir='ltr'>diversas</span> <span class='ocrx_word' id='word_1_313' title='bbox 2114 819 2234 854; x_wconf 90' lang='lat' dir='ltr'>tempo-</span> 
     </span>
     <span class='ocr_line' id='line_1_47' title="bbox 1265 857 2237 899; baseline -0.001 -12"><span class='ocrx_word' id='word_1_314' title='bbox 1265 867 1337 887; x_wconf 89' lang='lat' dir='ltr'>rum</span> <span class='ocrx_word' id='word_1_315' title='bbox 1355 857 1452 888; x_wconf 91' lang='lat' dir='ltr'>vices.</span> <span class='ocrx_word' id='word_1_316' title='bbox 1486 857 1547 888; x_wconf 86' lang='lat' dir='ltr'>Est</span> <span class='ocrx_word' id='word_1_317' title='bbox 1570 858 1655 888; x_wconf 92' lang='lat' dir='ltr'>enim</span> <span class='ocrx_word' id='word_1_318' title='bbox 1676 868 1788 898; x_wconf 81' lang='lat' dir='ltr'>graece</span> <span class='ocrx_word' id='word_1_319' title='bbox 1804 857 2005 899; x_wconf 75' lang='grc' dir='ltr'>πολυμερῶςτ</span> <span class='ocrx_word' id='word_1_320' title='bbox 2029 857 2111 898; x_wconf 92' lang='lat' dir='ltr'>quod</span> <span class='ocrx_word' id='word_1_321' title='bbox 2129 857 2237 889; x_wconf 85' lang='lat' dir='ltr'>licebit</span> 
     </span>
     <span class='ocr_line' id='line_1_48' title="bbox 1264 899 2236 940; baseline 0 -10"><span class='ocrx_word' id='word_1_322' title='bbox 1264 899 1304 930; x_wconf 89' lang='lat' dir='ltr'>ad</span> <span class='ocrx_word' id='word_1_323' title='bbox 1328 899 1460 930; x_wconf 88' lang='lat' dir='ltr'>verbum</span> <span class='ocrx_word' id='word_1_324' title='bbox 1486 900 1669 938; x_wconf 79' lang='lat' dir='ltr'>transferre,</span> <span class='ocrx_word' id='word_1_325' title='bbox 1693 911 1750 940; x_wconf 87' lang='lat' dir='ltr'>per</span> <span class='ocrx_word' id='word_1_326' title='bbox 1774 901 1893 931; x_wconf 86' lang='lat' dir='ltr'>multas</span> <span class='ocrx_word' id='word_1_327' title='bbox 1916 905 2032 940; x_wconf 86' lang='lat' dir='ltr'>partes.</span> <span class='ocrx_word' id='word_1_328' title='bbox 2074 900 2236 939; x_wconf 82' lang='lat' dir='ltr'>Quemad-</span> 
     </span>
     <span class='ocr_line' id='line_1_49' title="bbox 1265 942 2236 983; baseline 0.001 -11"><span class='ocrx_word' id='word_1_329' title='bbox 1265 942 1394 973; x_wconf 85' lang='lat' dir='ltr'>modum</span> <span class='ocrx_word' id='word_1_330' title='bbox 1426 943 1494 973; x_wconf 88' lang='lat' dir='ltr'>fieri</span> <span class='ocrx_word' id='word_1_331' title='bbox 1517 942 1608 979; x_wconf 86' lang='lat' dir='ltr'>solet,</span> <span class='ocrx_word' id='word_1_332' title='bbox 1639 953 1736 981; x_wconf 87' lang='lat' dir='ltr'>quum</span> <span class='ocrx_word' id='word_1_333' title='bbox 1762 944 1792 973; x_wconf 90' lang='lat' dir='ltr'>in</span> <span class='ocrx_word' id='word_1_334' title='bbox 1818 948 1978 983; x_wconf 88' lang='lat' dir='ltr'>posterum</span> <span class='ocrx_word' id='word_1_335' title='bbox 2003 942 2129 983; x_wconf 87' lang='lat' dir='ltr'>plenius</span> <span class='ocrx_word' id='word_1_336' title='bbox 2151 943 2236 983; x_wconf 90' lang='lat' dir='ltr'>loqui</span> 
     </span>
     <span class='ocr_line' id='line_1_50' title="bbox 1266 983 2238 1026; baseline 0.001 -11"><span class='ocrx_word' id='word_1_337' title='bbox 1266 985 1476 1016; x_wconf 83' lang='lat' dir='ltr'>instituimus.</span> <span class='ocrx_word' id='word_1_338' title='bbox 1514 983 1726 1026; x_wconf 74' lang='grc' dir='ltr'>Πολυτρὸπῶς</span> <span class='ocrx_word' id='word_1_339' title='bbox 1750 996 1826 1016; x_wconf 89' lang='lat' dir='ltr'>vero</span> <span class='ocrx_word' id='word_1_340' title='bbox 1850 985 2069 1017; x_wconf 87' lang='lat' dir='ltr'>diversitatem</span> <span class='ocrx_word' id='word_1_341' title='bbox 2092 985 2176 1026; x_wconf 90' lang='lat' dir='ltr'>(meo</span> <span class='ocrx_word' id='word_1_342' title='bbox 2192 986 2238 1016; x_wconf 91' lang='lat' dir='ltr'>iu-</span> 
     </span>
     <span class='ocr_line' id='line_1_51' title="bbox 1265 1027 2236 1069; baseline 0.002 -12"><span class='ocrx_word' id='word_1_343' title='bbox 1265 1027 1361 1069; x_wconf 90' lang='lat' dir='ltr'>dicio)</span> <span class='ocrx_word' id='word_1_344' title='bbox 1390 1028 1421 1058; x_wconf 90' lang='lat' dir='ltr'>in</span> <span class='ocrx_word' id='word_1_345' title='bbox 1454 1027 1557 1058; x_wconf 83' lang='lat' dir='ltr'>forma</span> <span class='ocrx_word' id='word_1_346' title='bbox 1589 1028 1660 1067; x_wconf 82' lang='lat' dir='ltr'>ipsa</span> <span class='ocrx_word' id='word_1_347' title='bbox 1691 1028 1847 1068; x_wconf 85' lang='lat' dir='ltr'>designat.</span> <span class='ocrx_word' id='word_1_348' title='bbox 1900 1028 2007 1067; x_wconf 81' lang='lat' dir='ltr'>Quum</span> <span class='ocrx_word' id='word_1_349' title='bbox 2039 1029 2146 1059; x_wconf 90' lang='lat' dir='ltr'>nobis</span> <span class='ocrx_word' id='word_1_350' title='bbox 2180 1027 2236 1059; x_wconf 92' lang='lat' dir='ltr'>lo-</span> 
     </span>
     <span class='ocr_line' id='line_1_52' title="bbox 1265 1070 2236 1111; baseline 0.001 -10"><span class='ocrx_word' id='word_1_351' title='bbox 1265 1076 1423 1110; x_wconf 88' lang='lat' dir='ltr'>quutum</span> <span class='ocrx_word' id='word_1_352' title='bbox 1448 1080 1531 1101; x_wconf 87' lang='lat' dir='ltr'>esse</span> <span class='ocrx_word' id='word_1_353' title='bbox 1556 1070 1640 1108; x_wconf 86' lang='lat' dir='ltr'>dicit,</span> <span class='ocrx_word' id='word_1_354' title='bbox 1675 1071 1733 1101; x_wconf 87' lang='lat' dir='ltr'>his</span> <span class='ocrx_word' id='word_1_355' title='bbox 1758 1071 1963 1110; x_wconf 86' lang='lat' dir='ltr'>postremis</span> <span class='ocrx_word' id='word_1_356' title='bbox 1987 1070 2236 1111; x_wconf 83' lang='lat' dir='ltr'>temporibus,</span> 
     </span>
     <span class='ocr_line' id='line_1_53' title="bbox 1264 1113 2238 1154; baseline 0.001 -11"><span class='ocrx_word' id='word_1_357' title='bbox 1264 1113 1428 1153; x_wconf 85' lang='lat' dir='ltr'>significat</span> <span class='ocrx_word' id='word_1_358' title='bbox 1452 1123 1515 1144; x_wconf 91' lang='lat' dir='ltr'>non</span> <span class='ocrx_word' id='word_1_359' title='bbox 1540 1113 1678 1152; x_wconf 83' lang='lat' dir='ltr'>amplius</span> <span class='ocrx_word' id='word_1_360' title='bbox 1697 1124 1766 1144; x_wconf 86' lang='lat' dir='ltr'>esse</span> <span class='ocrx_word' id='word_1_361' title='bbox 1782 1122 1910 1144; x_wconf 86' lang='lat' dir='ltr'>causam</span> <span class='ocrx_word' id='word_1_362' title='bbox 1928 1124 1983 1144; x_wconf 90' lang='lat' dir='ltr'>cur</span> <span class='ocrx_word' id='word_1_363' title='bbox 1999 1115 2238 1154; x_wconf 82' lang='lat' dir='ltr'>exspectatione</span> 
     </span>
     <span class='ocr_line' id='line_1_54' title="bbox 1266 1155 2237 1196; baseline 0 -10"><span class='ocrx_word' id='word_1_364' title='bbox 1266 1166 1368 1187; x_wconf 90' lang='lat' dir='ltr'>novae</span> <span class='ocrx_word' id='word_1_365' title='bbox 1406 1155 1612 1187; x_wconf 88' lang='lat' dir='ltr'>revelationis</span> <span class='ocrx_word' id='word_1_366' title='bbox 1650 1157 1750 1187; x_wconf 90' lang='lat' dir='ltr'>simus</span> <span class='ocrx_word' id='word_1_367' title='bbox 1787 1156 1944 1195; x_wconf 86' lang='lat' dir='ltr'>suspensi.</span> <span class='ocrx_word' id='word_1_368' title='bbox 2004 1156 2115 1196; x_wconf 91' lang='lat' dir='ltr'>Neque</span> <span class='ocrx_word' id='word_1_369' title='bbox 2151 1156 2237 1187; x_wconf 88' lang='lat' dir='ltr'>enim</span> 
     </span>
     <span class='ocr_line' id='line_1_55' title="bbox 1266 1198 2237 1239; baseline 0 -10"><span class='ocrx_word' id='word_1_370' title='bbox 1266 1199 1472 1239; x_wconf 87' lang='lat' dir='ltr'>particularis</span> <span class='ocrx_word' id='word_1_371' title='bbox 1505 1203 1552 1230; x_wconf 90' lang='lat' dir='ltr'>est</span> <span class='ocrx_word' id='word_1_372' title='bbox 1587 1208 1692 1230; x_wconf 86' lang='lat' dir='ltr'>sermo</span> <span class='ocrx_word' id='word_1_373' title='bbox 1719 1209 1813 1238; x_wconf 90' lang='lat' dir='ltr'>quem</span> <span class='ocrx_word' id='word_1_374' title='bbox 1845 1198 1955 1229; x_wconf 84' lang='lat' dir='ltr'>attulit</span> <span class='ocrx_word' id='word_1_375' title='bbox 1985 1198 2148 1236; x_wconf 85' lang='lat' dir='ltr'>Christus,</span> <span class='ocrx_word' id='word_1_376' title='bbox 2182 1198 2237 1230; x_wconf 88' lang='lat' dir='ltr'>sed</span> 
     </span>
     <span class='ocr_line' id='line_1_56' title="bbox 1266 1241 2239 1281; baseline -0.002 -8"><span class='ocrx_word' id='word_1_377' title='bbox 1266 1247 1411 1273; x_wconf 85' lang='lat' dir='ltr'>extrema</span> <span class='ocrx_word' id='word_1_378' title='bbox 1440 1241 1593 1273; x_wconf 85' lang='lat' dir='ltr'>clausula.</span> <span class='ocrx_word' id='word_1_379' title='bbox 1638 1241 1710 1272; x_wconf 91' lang='lat' dir='ltr'>Hoc</span> <span class='ocrx_word' id='word_1_380' title='bbox 1740 1251 1845 1278; x_wconf 82' lang='lat' dir='ltr'>sensu,</span> <span class='ocrx_word' id='word_1_381' title='bbox 1876 1241 2086 1272; x_wconf 87' lang='lat' dir='ltr'>novissimum</span> <span class='ocrx_word' id='word_1_382' title='bbox 2111 1244 2239 1281; x_wconf 88' lang='lat' dir='ltr'>tempus</span> 
     </span>
     <span class='ocr_line' id='line_1_57' title="bbox 1267 1283 2238 1323; baseline 0 -9"><span class='ocrx_word' id='word_1_383' title='bbox 1267 1289 1298 1315; x_wconf 86' lang='lat' dir='ltr'>et.</span> <span class='ocrx_word' id='word_1_384' title='bbox 1329 1284 1395 1315; x_wconf 89' lang='lat' dir='ltr'>dies</span> <span class='ocrx_word' id='word_1_385' title='bbox 1433 1285 1626 1315; x_wconf 87' lang='lat' dir='ltr'>novissimos</span> <span class='ocrx_word' id='word_1_386' title='bbox 1663 1284 1824 1323; x_wconf 87' lang='lat' dir='ltr'>accipiunt</span> <span class='ocrx_word' id='word_1_387' title='bbox 1861 1284 2006 1323; x_wconf 87' lang='lat' dir='ltr'>apostoli.</span> <span class='ocrx_word' id='word_1_388' title='bbox 2064 1286 2172 1323; x_wconf 88' lang='lat' dir='ltr'>Atque</span> <span class='ocrx_word' id='word_1_389' title='bbox 2206 1283 2238 1314; x_wconf 90' lang='lat' dir='ltr'>id</span> 
     </span>
     <span class='ocr_line' id='line_1_58' title="bbox 1266 1326 2237 1367; baseline -0.001 -9"><span class='ocrx_word' id='word_1_390' title='bbox 1266 1327 1363 1358; x_wconf 84' lang='lat' dir='ltr'>etiam</span> <span class='ocrx_word' id='word_1_391' title='bbox 1388 1332 1435 1358; x_wconf 88' lang='lat' dir='ltr'>est</span> <span class='ocrx_word' id='word_1_392' title='bbox 1455 1327 1537 1367; x_wconf 91' lang='lat' dir='ltr'>quod</span> <span class='ocrx_word' id='word_1_393' title='bbox 1558 1326 1711 1367; x_wconf 87' lang='lat' dir='ltr'>intelligit</span> <span class='ocrx_word' id='word_1_394' title='bbox 1728 1326 1848 1358; x_wconf 87' lang='lat' dir='ltr'>Paulus</span> <span class='ocrx_word' id='word_1_395' title='bbox 1867 1337 1963 1366; x_wconf 92' lang='lat' dir='ltr'>quum</span> <span class='ocrx_word' id='word_1_396' title='bbox 1981 1326 2092 1358; x_wconf 83' lang='lat' dir='ltr'>scribit</span> <span class='ocrx_word' id='word_1_397' title='bbox 2108 1326 2150 1367; x_wconf 91' lang='lat'>(1.</span> <span class='ocrx_word' id='word_1_398' title='bbox 2164 1326 2237 1358; x_wconf 87' lang='lat' dir='ltr'>Cor.</span> 
     </span>
     <span class='ocr_line' id='line_1_59' title="bbox 1267 1368 2239 1411; baseline -0.002 -10"><span class='ocrx_word' id='word_1_399' title='bbox 1267 1370 1316 1409; x_wconf 89' lang='lat'>10,</span> <span class='ocrx_word' id='word_1_400' title='bbox 1341 1369 1402 1411; x_wconf 80' lang='grc'>11),</span> <span class='ocrx_word' id='word_1_401' title='bbox 1436 1370 1469 1400; x_wconf 93' lang='lat' dir='ltr'>in</span> <span class='ocrx_word' id='word_1_402' title='bbox 1501 1381 1557 1401; x_wconf 90' lang='lat' dir='ltr'>nos</span> <span class='ocrx_word' id='word_1_403' title='bbox 1586 1370 1667 1401; x_wconf 87' lang='lat' dir='ltr'>fines</span> <span class='ocrx_word' id='word_1_404' title='bbox 1700 1374 1841 1400; x_wconf 83' lang='lat' dir='ltr'>aetatum</span> <span class='ocrx_word' id='word_1_405' title='bbox 1872 1369 2031 1400; x_wconf 82' lang='lat' dir='ltr'>incidisse.</span> <span class='ocrx_word' id='word_1_406' title='bbox 2087 1368 2180 1408; x_wconf 79' lang='lat' dir='ltr'>Quod</span> <span class='ocrx_word' id='word_1_407' title='bbox 2213 1369 2239 1399; x_wconf 89' lang='lat' dir='ltr'>si</span> 
     </span>
     <span class='ocr_line' id='line_1_60' title="bbox 1266 1411 2237 1453; baseline -0.002 -9"><span class='ocrx_word' id='word_1_408' title='bbox 1266 1424 1354 1444; x_wconf 88' lang='lat' dir='ltr'>nunc</span> <span class='ocrx_word' id='word_1_409' title='bbox 1378 1416 1576 1453; x_wconf 87' lang='lat' dir='ltr'>postremum</span> <span class='ocrx_word' id='word_1_410' title='bbox 1601 1412 1751 1452; x_wconf 89' lang='lat' dir='ltr'>loquutus</span> <span class='ocrx_word' id='word_1_411' title='bbox 1770 1417 1819 1443; x_wconf 86' lang='lat' dir='ltr'>est</span> <span class='ocrx_word' id='word_1_412' title='bbox 1836 1411 1935 1451; x_wconf 89' lang='lat' dir='ltr'>Deus⁷</span> <span class='ocrx_word' id='word_1_413' title='bbox 1958 1412 2021 1443; x_wconf 90' lang='lat' dir='ltr'>huc</span> <span class='ocrx_word' id='word_1_414' title='bbox 2042 1421 2143 1451; x_wconf 86' lang='lat' dir='ltr'>usque</span> <span class='ocrx_word' id='word_1_415' title='bbox 2166 1421 2237 1452; x_wconf 90' lang='lat' dir='ltr'>pro-</span> 
     </span>
     <span class='ocr_line' id='line_1_61' title="bbox 1266 1454 2239 1497; baseline -0.002 -10"><span class='ocrx_word' id='word_1_416' title='bbox 1266 1455 1356 1497; x_wconf 85' lang='lat' dir='ltr'>gredi</span> <span class='ocrx_word' id='word_1_417' title='bbox 1380 1456 1546 1487; x_wconf 86' lang='lat' dir='ltr'>convenit:</span> <span class='ocrx_word' id='word_1_418' title='bbox 1570 1454 1838 1496; x_wconf 80' lang='lat' dir='ltr'>quemadmodum</span> <span class='ocrx_word' id='word_1_419' title='bbox 1864 1455 1961 1485; x_wconf 88' lang='lat' dir='ltr'>etiam</span> <span class='ocrx_word' id='word_1_420' title='bbox 1986 1464 2085 1494; x_wconf 90' lang='lat' dir='ltr'>quum</span> <span class='ocrx_word' id='word_1_421' title='bbox 2109 1465 2146 1485; x_wconf 90' lang='lat' dir='ltr'>eo</span> <span class='ocrx_word' id='word_1_422' title='bbox 2166 1465 2239 1494; x_wconf 87' lang='lat' dir='ltr'>per-</span> 
     </span>
     <span class='ocr_line' id='line_1_62' title="bbox 1268 1497 2239 1538; baseline -0.002 -9"><span class='ocrx_word' id='word_1_423' title='bbox 1268 1499 1404 1536; x_wconf 84' lang='lat' dir='ltr'>veneris,</span> <span class='ocrx_word' id='word_1_424' title='bbox 1434 1498 1598 1529; x_wconf 90' lang='lat' dir='ltr'>sistendus</span> <span class='ocrx_word' id='word_1_425' title='bbox 1628 1504 1677 1528; x_wconf 87' lang='lat' dir='ltr'>est</span> <span class='ocrx_word' id='word_1_426' title='bbox 1707 1497 1837 1538; x_wconf 87' lang='lat' dir='ltr'>gradus.</span> <span class='ocrx_word' id='word_1_427' title='bbox 1889 1497 2034 1536; x_wconf 81' lang='lat' dir='ltr'>Quorum</span> <span class='ocrx_word' id='word_1_428' title='bbox 2066 1502 2239 1536; x_wconf 89' lang='lat' dir='ltr'>utrumque</span> 
     </span>
     <span class='ocr_line' id='line_1_63' title="bbox 1268 1539 2239 1582; baseline -0.003 -9"><span class='ocrx_word' id='word_1_429' title='bbox 1268 1542 1398 1582; x_wconf 86' lang='lat' dir='ltr'>cognitu</span> <span class='ocrx_word' id='word_1_430' title='bbox 1432 1541 1525 1572; x_wconf 85' lang='lat' dir='ltr'>valde</span> <span class='ocrx_word' id='word_1_431' title='bbox 1562 1542 1777 1572; x_wconf 88' lang='lat' dir='ltr'>necessarium</span> <span class='ocrx_word' id='word_1_432' title='bbox 1811 1544 1867 1572; x_wconf 90' lang='lat' dir='ltr'>est.</span> <span class='ocrx_word' id='word_1_433' title='bbox 1924 1540 2007 1571; x_wconf 81' lang='lat' dir='ltr'>Nam</span> <span class='ocrx_word' id='word_1_434' title='bbox 2046 1544 2078 1570; x_wconf 89' lang='lat' dir='ltr'>et</span> <span class='ocrx_word' id='word_1_435' title='bbox 2112 1539 2239 1570; x_wconf 89' lang='lat' dir='ltr'>Iudaeis</span> 
     </span>
     <span class='ocr_line' id='line_1_64' title="bbox 1267 1582 2241 1625; baseline -0.003 -10"><span class='ocrx_word' id='word_1_436' title='bbox 1267 1595 1421 1625; x_wconf 77' lang='lat' dir='ltr'>magnum</span> <span class='ocrx_word' id='word_1_437' title='bbox 1454 1588 1524 1614; x_wconf 87' lang='lat' dir='ltr'>erat</span> <span class='ocrx_word' id='word_1_438' title='bbox 1551 1583 1820 1624; x_wconf 87' lang='lat' dir='ltr'>impedimentum</span> <span class='ocrx_word' id='word_1_439' title='bbox 1850 1583 1932 1623; x_wconf 89' lang='lat' dir='ltr'>quod</span> <span class='ocrx_word' id='word_1_440' title='bbox 1956 1593 2021 1613; x_wconf 90' lang='lat' dir='ltr'>non</span> <span class='ocrx_word' id='word_1_441' title='bbox 2046 1582 2241 1622; x_wconf 83' lang='lat' dir='ltr'>reputabant</span> 
     </span>
     <span class='ocr_line' id='line_1_65' title="bbox 1270 1625 2240 1666; baseline -0.003 -8"><span class='ocrx_word' id='word_1_442' title='bbox 1270 1628 1373 1658; x_wconf 87' lang='lat' dir='ltr'>Deum</span> <span class='ocrx_word' id='word_1_443' title='bbox 1405 1627 1438 1657; x_wconf 93' lang='lat' dir='ltr'>in</span> <span class='ocrx_word' id='word_1_444' title='bbox 1470 1626 1555 1657; x_wconf 87' lang='lat' dir='ltr'>aliud</span> <span class='ocrx_word' id='word_1_445' title='bbox 1585 1628 1713 1666; x_wconf 88' lang='lat' dir='ltr'>tempus</span> <span class='ocrx_word' id='word_1_446' title='bbox 1736 1625 1901 1657; x_wconf 86' lang='lat' dir='ltr'>distulisse</span> <span class='ocrx_word' id='word_1_447' title='bbox 1924 1625 2100 1665; x_wconf 87' lang='lat' dir='ltr'>pleniorem</span> <span class='ocrx_word' id='word_1_448' title='bbox 2125 1625 2240 1656; x_wconf 89' lang='lat' dir='ltr'>doctri-</span> 
     </span>
     <span class='ocr_line' id='line_1_66' title="bbox 1268 1668 2240 1709; baseline -0.003 -8"><span class='ocrx_word' id='word_1_449' title='bbox 1268 1681 1351 1701; x_wconf 85' lang='lat' dir='ltr'>nam.</span> <span class='ocrx_word' id='word_1_450' title='bbox 1405 1670 1517 1709; x_wconf 77' lang='lat' dir='ltr'>Itaque</span> <span class='ocrx_word' id='word_1_451' title='bbox 1548 1669 1619 1709; x_wconf 85' lang='lat' dir='ltr'>Iege</span> <span class='ocrx_word' id='word_1_452' title='bbox 1653 1679 1711 1700; x_wconf 87' lang='lat' dir='ltr'>sua</span> <span class='ocrx_word' id='word_1_453' title='bbox 1741 1669 1883 1700; x_wconf 88' lang='lat' dir='ltr'>contenti</span> <span class='ocrx_word' id='word_1_454' title='bbox 1918 1678 1981 1699; x_wconf 91' lang='lat' dir='ltr'>non</span> <span class='ocrx_word' id='word_1_455' title='bbox 2023 1668 2240 1708; x_wconf 84' lang='lat' dir='ltr'>properabant</span> 
     </span>
     <span class='ocr_line' id='line_1_67' title="bbox 1268 1711 2240 1751; baseline -0.003 -7"><span class='ocrx_word' id='word_1_456' title='bbox 1268 1713 1306 1744; x_wconf 87' lang='lat' dir='ltr'>ad</span> <span class='ocrx_word' id='word_1_457' title='bbox 1331 1717 1460 1743; x_wconf 87' lang='lat' dir='ltr'>metam.</span> <span class='ocrx_word' id='word_1_458' title='bbox 1507 1712 1556 1743; x_wconf 83' lang='lat' dir='ltr'>Ex</span> <span class='ocrx_word' id='word_1_459' title='bbox 1588 1722 1651 1751; x_wconf 91' lang='lat' dir='ltr'>quo</span> <span class='ocrx_word' id='word_1_460' title='bbox 1674 1716 1780 1742; x_wconf 90' lang='lat' dir='ltr'>autem</span> <span class='ocrx_word' id='word_1_461' title='bbox 1805 1711 1956 1742; x_wconf 89' lang='lat' dir='ltr'>Christus</span> <span class='ocrx_word' id='word_1_462' title='bbox 1980 1711 2139 1750; x_wconf 87' lang='lat' dir='ltr'>apparuit,</span> <span class='ocrx_word' id='word_1_463' title='bbox 2168 1720 2240 1741; x_wconf 90' lang='lat' dir='ltr'>con-</span> 
     </span>
     <span class='ocr_line' id='line_1_68' title="bbox 1268 1753 2239 1795; baseline -0.004 -8"><span class='ocrx_word' id='word_1_464' title='bbox 1268 1757 1402 1787; x_wconf 86' lang='lat' dir='ltr'>trarium</span> <span class='ocrx_word' id='word_1_465' title='bbox 1427 1755 1545 1786; x_wconf 89' lang='lat' dir='ltr'>malum</span> <span class='ocrx_word' id='word_1_466' title='bbox 1571 1754 1712 1795; x_wconf 82' lang='lat' dir='ltr'>grassari</span> <span class='ocrx_word' id='word_1_467' title='bbox 1731 1755 1835 1794; x_wconf 89' lang='lat' dir='ltr'>coepit</span> <span class='ocrx_word' id='word_1_468' title='bbox 1853 1754 1886 1784; x_wconf 92' lang='lat' dir='ltr'>in</span> <span class='ocrx_word' id='word_1_469' title='bbox 1904 1753 2036 1784; x_wconf 91' lang='lat' dir='ltr'>mundo.</span> <span class='ocrx_word' id='word_1_470' title='bbox 2072 1753 2239 1793; x_wconf 92' lang='lat' dir='ltr'>Appetunt</span> 
     </span>
     <span class='ocr_line' id='line_1_69' title="bbox 1267 1795 2239 1837; baseline -0.004 -8"><span class='ocrx_word' id='word_1_471' title='bbox 1267 1799 1353 1830; x_wconf 89' lang='lat' dir='ltr'>euim</span> <span class='ocrx_word' id='word_1_472' title='bbox 1385 1798 1532 1829; x_wconf 89' lang='lat' dir='ltr'>homines</span> <span class='ocrx_word' id='word_1_473' title='bbox 1555 1797 1642 1828; x_wconf 89' lang='lat' dir='ltr'>ultra</span> <span class='ocrx_word' id='word_1_474' title='bbox 1665 1797 1830 1828; x_wconf 86' lang='lat' dir='ltr'>Christum</span> <span class='ocrx_word' id='word_1_475' title='bbox 1856 1806 1998 1837; x_wconf 86' lang='lat' dir='ltr'>pergere.</span> <span class='ocrx_word' id='word_1_476' title='bbox 2043 1795 2128 1834; x_wconf 77' lang='lat' dir='ltr'>Quid</span> <span class='ocrx_word' id='word_1_477' title='bbox 2154 1796 2239 1826; x_wconf 91' lang='lat' dir='ltr'>enim</span> 
     </span>
     <span class='ocr_line' id='line_1_70' title="bbox 1268 1838 2241 1880; baseline -0.004 -8"><span class='ocrx_word' id='word_1_478' title='bbox 1268 1846 1317 1872; x_wconf 88' lang='lat' dir='ltr'>est</span> <span class='ocrx_word' id='word_1_479' title='bbox 1347 1841 1434 1872; x_wconf 85' lang='lat' dir='ltr'>aliud</span> <span class='ocrx_word' id='word_1_480' title='bbox 1465 1845 1552 1871; x_wconf 89' lang='lat' dir='ltr'>totus</span> <span class='ocrx_word' id='word_1_481' title='bbox 1582 1845 1717 1880; x_wconf 87' lang='lat' dir='ltr'>papatus</span> <span class='ocrx_word' id='word_1_482' title='bbox 1748 1849 1843 1879; x_wconf 89' lang='lat' dir='ltr'>quam</span> <span class='ocrx_word' id='word_1_483' title='bbox 1873 1839 1969 1870; x_wconf 88' lang='lat' dir='ltr'>huius</span> <span class='ocrx_word' id='word_1_484' title='bbox 2004 1838 2115 1869; x_wconf 83' lang='lat' dir='ltr'>limitis</span> <span class='ocrx_word' id='word_1_485' title='bbox 2139 1843 2241 1869; x_wconf 87' lang='lat' dir='ltr'>trans-</span> 
     </span>
     <span class='ocr_line' id='line_1_71' title="bbox 1267 1881 2241 1925; baseline -0.004 -10"><span class='ocrx_word' id='word_1_486' title='bbox 1267 1885 1398 1925; x_wconf 83' lang='lat' dir='ltr'>gressio,</span> <span class='ocrx_word' id='word_1_487' title='bbox 1422 1893 1514 1923; x_wconf 88' lang='lat' dir='ltr'>quem</span> <span class='ocrx_word' id='word_1_488' title='bbox 1539 1883 1610 1923; x_wconf 81' lang='lat' dir='ltr'>figit</span> <span class='ocrx_word' id='word_1_489' title='bbox 1632 1881 1821 1922; x_wconf 88' lang='lat' dir='ltr'>apostolus?</span> <span class='ocrx_word' id='word_1_490' title='bbox 1857 1882 1997 1913; x_wconf 90' lang='lat' dir='ltr'>Proinde</span> <span class='ocrx_word' id='word_1_491' title='bbox 2016 1882 2110 1912; x_wconf 88' lang='lat' dir='ltr'>sicuti</span> <span class='ocrx_word' id='word_1_492' title='bbox 2129 1891 2241 1912; x_wconf 89' lang='lat' dir='ltr'>omnes</span> 
     </span>
     <span class='ocr_line' id='line_1_72' title="bbox 1268 1924 2241 1965; baseline -0.005 -7"><span class='ocrx_word' id='word_1_493' title='bbox 1268 1928 1384 1958; x_wconf 85' lang='lat' dir='ltr'>invitat</span> <span class='ocrx_word' id='word_1_494' title='bbox 1408 1926 1466 1957; x_wconf 90' lang='lat' dir='ltr'>hoc</span> <span class='ocrx_word' id='word_1_495' title='bbox 1490 1926 1558 1957; x_wconf 91' lang='lat' dir='ltr'>loco</span> <span class='ocrx_word' id='word_1_496' title='bbox 1583 1925 1716 1965; x_wconf 83' lang='lat' dir='ltr'>spiritus</span> <span class='ocrx_word' id='word_1_497' title='bbox 1742 1924 1802 1955; x_wconf 89' lang='lat' dir='ltr'>Dei</span> <span class='ocrx_word' id='word_1_498' title='bbox 1828 1930 1863 1955; x_wconf 87' lang='lat' dir='ltr'>ut</span> <span class='ocrx_word' id='word_1_499' title='bbox 1886 1924 1925 1955; x_wconf 87' lang='lat' dir='ltr'>ad</span> <span class='ocrx_word' id='word_1_500' title='bbox 1948 1924 2114 1955; x_wconf 85' lang='lat' dir='ltr'>Christum</span> <span class='ocrx_word' id='word_1_501' title='bbox 2141 1933 2241 1963; x_wconf 87' lang='lat' dir='ltr'>usque</span> 
     </span>
     <span class='ocr_line' id='line_1_73' title="bbox 1267 1966 2241 2010; baseline -0.005 -9"><span class='ocrx_word' id='word_1_502' title='bbox 1267 1970 1474 2010; x_wconf 90' lang='lat' dir='ltr'>perveniant:</span> <span class='ocrx_word' id='word_1_503' title='bbox 1513 1969 1558 1999; x_wconf 88' lang='lat' dir='ltr'>ita</span> <span class='ocrx_word' id='word_1_504' title='bbox 1591 1968 1803 1999; x_wconf 88' lang='lat' dir='ltr'>novissimum</span> <span class='ocrx_word' id='word_1_505' title='bbox 1838 1977 2018 1998; x_wconf 86' lang='lat' dir='ltr'>sermonem</span> <span class='ocrx_word' id='word_1_506' title='bbox 2053 1966 2144 1998; x_wconf 87' lang='lat' dir='ltr'>cuius</span> <span class='ocrx_word' id='word_1_507' title='bbox 2178 1976 2241 1997; x_wconf 89' lang='lat' dir='ltr'>me-</span> 
     </span>
     <span class='ocr_line' id='line_1_74' title="bbox 1268 2010 2241 2050; baseline -0.004 -7"><span class='ocrx_word' id='word_1_508' title='bbox 1268 2013 1370 2049; x_wconf 89' lang='lat' dir='ltr'>minit,</span> <span class='ocrx_word' id='word_1_509' title='bbox 1389 2011 1567 2043; x_wconf 86' lang='lat' dir='ltr'>transsilire</span> <span class='ocrx_word' id='word_1_510' title='bbox 1585 2010 1740 2050; x_wconf 89' lang='lat' dir='ltr'>prohibet.</span> <span class='ocrx_word' id='word_1_511' title='bbox 1766 2010 1911 2050; x_wconf 90' lang='lat' dir='ltr'>Denique</span> <span class='ocrx_word' id='word_1_512' title='bbox 1923 2010 2100 2050; x_wconf 81' lang='lat' dir='ltr'>sapientiae</span> <span class='ocrx_word' id='word_1_513' title='bbox 2113 2015 2241 2040; x_wconf 81' lang='lat' dir='ltr'>nostrae</span> 
     </span>
     <span class='ocr_line' id='line_1_75' title="bbox 1268 2052 1909 2093; baseline -0.005 -6"><span class='ocrx_word' id='word_1_514' title='bbox 1268 2057 1426 2087; x_wconf 88' lang='lat' dir='ltr'>terminus</span> <span class='ocrx_word' id='word_1_515' title='bbox 1450 2054 1502 2085; x_wconf 88' lang='lat' dir='ltr'>hic</span> <span class='ocrx_word' id='word_1_516' title='bbox 1526 2055 1556 2084; x_wconf 91' lang='lat' dir='ltr'>in</span> <span class='ocrx_word' id='word_1_517' title='bbox 1582 2053 1751 2093; x_wconf 88' lang='lat' dir='ltr'>evangelio</span> <span class='ocrx_word' id='word_1_518' title='bbox 1775 2052 1909 2084; x_wconf 87' lang='lat' dir='ltr'>locatur.</span> 
     </span>
    </p>

    <p class='ocr_par' dir='ltr' id='par_1_8' title="bbox 1268 2095 2242 2694">
     <span class='ocr_line' id='line_1_76' title="bbox 1353 2095 2242 2137; baseline -0.006 -8"><span class='ocrx_word' id='word_1_519' title='bbox 1353 2099 1382 2129; x_wconf 85' lang='lat'>2.</span> <span class='ocrx_word' id='word_1_520' title='bbox 1409 2098 1504 2137; x_wconf 73' lang='lat' dir='ltr'>Quem</span> <span class='ocrx_word' id='word_1_521' title='bbox 1522 2096 1679 2128; x_wconf 72' lang='lat' dir='ltr'>constituit</span> <span class='ocrx_word' id='word_1_522' title='bbox 1693 2095 1860 2127; x_wconf 81' lang='lat' dir='ltr'>haeredem.</span> <span class='ocrx_word' id='word_1_523' title='bbox 1896 2095 1957 2125; x_wconf 87' lang='lat' dir='ltr'>His</span> <span class='ocrx_word' id='word_1_524' title='bbox 1977 2095 2130 2126; x_wconf 81' lang='lat' dir='ltr'>encomiis</span> <span class='ocrx_word' id='word_1_525' title='bbox 2147 2097 2242 2125; x_wconf 85' lang='lat' dir='ltr'>ornat</span> 
     </span>
     <span class='ocr_line' id='line_1_77' title="bbox 1269 2137 2240 2178; baseline -0.005 -6"><span class='ocrx_word' id='word_1_526' title='bbox 1269 2141 1446 2178; x_wconf 85' lang='lat' dir='ltr'>Christum,</span> <span class='ocrx_word' id='word_1_527' title='bbox 1470 2144 1505 2170; x_wconf 92' lang='lat' dir='ltr'>ut</span> <span class='ocrx_word' id='word_1_528' title='bbox 1529 2150 1587 2171; x_wconf 88' lang='lat' dir='ltr'>nos</span> <span class='ocrx_word' id='word_1_529' title='bbox 1606 2139 1639 2169; x_wconf 94' lang='lat' dir='ltr'>in</span> <span class='ocrx_word' id='word_1_530' title='bbox 1659 2139 1727 2169; x_wconf 85' lang='lat' dir='ltr'>eius</span> <span class='ocrx_word' id='word_1_531' title='bbox 1743 2138 1958 2169; x_wconf 85' lang='lat' dir='ltr'>reverentiam</span> <span class='ocrx_word' id='word_1_532' title='bbox 1975 2137 2122 2169; x_wconf 83' lang='lat' dir='ltr'>adducat.</span> <span class='ocrx_word' id='word_1_533' title='bbox 2157 2137 2240 2168; x_wconf 86' lang='lat' dir='ltr'>Nam</span> 
     </span>
     <span class='ocr_line' id='line_1_78' title="bbox 1268 2180 2240 2225; baseline -0.005 -10"><span class='ocrx_word' id='word_1_534' title='bbox 1268 2195 1367 2225; x_wconf 92' lang='lat' dir='ltr'>quum</span> <span class='ocrx_word' id='word_1_535' title='bbox 1391 2183 1437 2213; x_wconf 91' lang='lat' dir='ltr'>illi</span> <span class='ocrx_word' id='word_1_536' title='bbox 1461 2182 1569 2213; x_wconf 85' lang='lat' dir='ltr'>omnia</span> <span class='ocrx_word' id='word_1_537' title='bbox 1592 2181 1763 2213; x_wconf 87' lang='lat' dir='ltr'>subiecerit</span> <span class='ocrx_word' id='word_1_538' title='bbox 1785 2186 1887 2221; x_wconf 80' lang='lat' dir='ltr'>pater,</span> <span class='ocrx_word' id='word_1_539' title='bbox 1914 2181 1952 2211; x_wconf 91' lang='lat' dir='ltr'>ad</span> <span class='ocrx_word' id='word_1_540' title='bbox 1977 2180 2046 2211; x_wconf 88' lang='lat' dir='ltr'>eius</span> <span class='ocrx_word' id='word_1_541' title='bbox 2068 2180 2240 2221; x_wconf 88' lang='lat' dir='ltr'>imperium</span> 
     </span>
     <span class='ocr_line' id='line_1_79' title="bbox 1268 2221 2239 2266; baseline -0.006 -8"><span class='ocrx_word' id='word_1_542' title='bbox 1268 2238 1326 2258; x_wconf 89' lang='lat' dir='ltr'>nos</span> <span class='ocrx_word' id='word_1_543' title='bbox 1362 2235 1488 2266; x_wconf 90' lang='lat' dir='ltr'>quoque</span> <span class='ocrx_word' id='word_1_544' title='bbox 1522 2225 1732 2265; x_wconf 85' lang='lat' dir='ltr'>pertinemus.</span> <span class='ocrx_word' id='word_1_545' title='bbox 1785 2224 1828 2255; x_wconf 85' lang='lat' dir='ltr'>Et</span> <span class='ocrx_word' id='word_1_546' title='bbox 1861 2223 1957 2254; x_wconf 88' lang='lat' dir='ltr'>simul</span> <span class='ocrx_word' id='word_1_547' title='bbox 1988 2223 2122 2260; x_wconf 90' lang='lat' dir='ltr'>indicat,</span> <span class='ocrx_word' id='word_1_548' title='bbox 2157 2221 2239 2253; x_wconf 91' lang='lat' dir='ltr'>nihil</span> 
     </span>
     <span class='ocr_line' id='line_1_80' title="bbox 1268 2265 2242 2308; baseline -0.006 -7"><span class='ocrx_word' id='word_1_549' title='bbox 1268 2269 1406 2301; x_wconf 88' lang='lat' dir='ltr'>inveniri</span> <span class='ocrx_word' id='word_1_550' title='bbox 1438 2278 1528 2308; x_wconf 89' lang='lat' dir='ltr'>posse</span> <span class='ocrx_word' id='word_1_551' title='bbox 1557 2271 1650 2298; x_wconf 78' lang='lat' dir='ltr'>extra</span> <span class='ocrx_word' id='word_1_552' title='bbox 1679 2267 1783 2307; x_wconf 89' lang='lat' dir='ltr'>ipsum</span> <span class='ocrx_word' id='word_1_553' title='bbox 1815 2266 1901 2304; x_wconf 92' lang='lat' dir='ltr'>boni,</span> <span class='ocrx_word' id='word_1_554' title='bbox 1933 2276 2030 2306; x_wconf 92' lang='lat' dir='ltr'>quum</span> <span class='ocrx_word' id='word_1_555' title='bbox 2062 2265 2176 2296; x_wconf 86' lang='lat' dir='ltr'>haeres</span> <span class='ocrx_word' id='word_1_556' title='bbox 2199 2266 2242 2296; x_wconf 83' lang='lat' dir='ltr'>sit</span> 
     </span>
     <span class='ocr_line' id='line_1_81' title="bbox 1268 2308 2240 2349; baseline -0.005 -6"><span class='ocrx_word' id='word_1_557' title='bbox 1268 2311 1470 2344; x_wconf 87' lang='lat' dir='ltr'>universalis.</span> <span class='ocrx_word' id='word_1_558' title='bbox 1510 2310 1604 2342; x_wconf 89' lang='lat' dir='ltr'>Unde</span> <span class='ocrx_word' id='word_1_559' title='bbox 1628 2310 1781 2349; x_wconf 86' lang='lat' dir='ltr'>sequitur,</span> <span class='ocrx_word' id='word_1_560' title='bbox 1806 2319 1863 2340; x_wconf 89' lang='lat' dir='ltr'>nos</span> <span class='ocrx_word' id='word_1_561' title='bbox 1886 2313 1918 2339; x_wconf 87' lang='lat' dir='ltr'>et</span> <span class='ocrx_word' id='word_1_562' title='bbox 1939 2308 2138 2339; x_wconf 89' lang='lat' dir='ltr'>miserrimos</span> <span class='ocrx_word' id='word_1_563' title='bbox 2161 2317 2240 2344; x_wconf 87' lang='lat' dir='ltr'>esse,</span> 
     </span>
     <span class='ocr_line' id='line_1_82' title="bbox 1269 2350 2239 2392; baseline -0.005 -6"><span class='ocrx_word' id='word_1_564' title='bbox 1269 2361 1300 2386; x_wconf 89' lang='lat' dir='ltr'>et</span> <span class='ocrx_word' id='word_1_565' title='bbox 1325 2355 1480 2385; x_wconf 90' lang='lat' dir='ltr'>bonorum</span> <span class='ocrx_word' id='word_1_566' title='bbox 1500 2354 1644 2384; x_wconf 84' lang='lat' dir='ltr'>omnium</span> <span class='ocrx_word' id='word_1_567' title='bbox 1666 2352 1790 2392; x_wconf 82' lang='lat' dir='ltr'>inopes,</span> <span class='ocrx_word' id='word_1_568' title='bbox 1813 2352 1874 2382; x_wconf 91' lang='lat' dir='ltr'>nisi</span> <span class='ocrx_word' id='word_1_569' title='bbox 1894 2351 1948 2382; x_wconf 92' lang='lat' dir='ltr'>ille</span> <span class='ocrx_word' id='word_1_570' title='bbox 1967 2361 2024 2382; x_wconf 91' lang='lat' dir='ltr'>uos</span> <span class='ocrx_word' id='word_1_571' title='bbox 2041 2351 2107 2381; x_wconf 87' lang='lat' dir='ltr'>suis</span> <span class='ocrx_word' id='word_1_572' title='bbox 2123 2350 2239 2391; x_wconf 85' lang='lat' dir='ltr'>opibus</span> 
     </span>
     <span class='ocr_line' id='line_1_83' title="bbox 1268 2392 2239 2429; baseline -0.006 0"><span class='ocrx_word' id='word_1_573' title='bbox 1268 2399 1367 2429; x_wconf 90' lang='lat' dir='ltr'>iuvet.</span> <span class='ocrx_word' id='word_1_574' title='bbox 1412 2396 1514 2428; x_wconf 82' lang='lat' dir='ltr'>Porro</span> <span class='ocrx_word' id='word_1_575' title='bbox 1545 2395 1632 2426; x_wconf 88' lang='lat' dir='ltr'>hunc</span> <span class='ocrx_word' id='word_1_576' title='bbox 1662 2394 1816 2425; x_wconf 87' lang='lat' dir='ltr'>honorem</span> <span class='ocrx_word' id='word_1_577' title='bbox 1847 2394 1918 2425; x_wconf 89' lang='lat' dir='ltr'>iure</span> <span class='ocrx_word' id='word_1_578' title='bbox 1949 2393 2057 2425; x_wconf 88' lang='lat' dir='ltr'>deberi</span> <span class='ocrx_word' id='word_1_579' title='bbox 2087 2393 2153 2424; x_wconf 88' lang='lat' dir='ltr'>filio</span> <span class='ocrx_word' id='word_1_580' title='bbox 2176 2392 2239 2423; x_wconf 86' lang='lat' dir='ltr'>Dei</span> 
     </span>
     <span class='ocr_line' id='line_1_84' title="bbox 1269 2436 2239 2478; baseline -0.005 -7"><span class='ocrx_word' id='word_1_581' title='bbox 1269 2440 1366 2478; x_wconf 84' lang='lat' dir='ltr'>addit,</span> <span class='ocrx_word' id='word_1_582' title='bbox 1391 2442 1426 2470; x_wconf 90' lang='lat' dir='ltr'>ut</span> <span class='ocrx_word' id='word_1_583' title='bbox 1450 2438 1595 2469; x_wconf 91' lang='lat' dir='ltr'>omnium</span> <span class='ocrx_word' id='word_1_584' title='bbox 1615 2438 1731 2469; x_wconf 87' lang='lat' dir='ltr'>habeat</span> <span class='ocrx_word' id='word_1_585' title='bbox 1746 2442 1950 2477; x_wconf 89' lang='lat' dir='ltr'>potestatem,</span> <span class='ocrx_word' id='word_1_586' title='bbox 1973 2436 2047 2476; x_wconf 87' lang='lat' dir='ltr'>quia</span> <span class='ocrx_word' id='word_1_587' title='bbox 2062 2446 2120 2476; x_wconf 89' lang='lat' dir='ltr'>per</span> <span class='ocrx_word' id='word_1_588' title='bbox 2135 2436 2239 2476; x_wconf 85' lang='lat' dir='ltr'>ipsum</span> 
     </span>
     <span class='ocr_line' id='line_1_85' title="bbox 1268 2478 2239 2520; baseline -0.006 -6"><span class='ocrx_word' id='word_1_589' title='bbox 1268 2483 1376 2514; x_wconf 90' lang='lat' dir='ltr'>omnia</span> <span class='ocrx_word' id='word_1_590' title='bbox 1407 2482 1471 2513; x_wconf 90' lang='lat' dir='ltr'>sint</span> <span class='ocrx_word' id='word_1_591' title='bbox 1503 2480 1647 2512; x_wconf 86' lang='lat' dir='ltr'>condita:</span> <span class='ocrx_word' id='word_1_592' title='bbox 1681 2490 1874 2520; x_wconf 86' lang='lat' dir='ltr'>quamquam</span> <span class='ocrx_word' id='word_1_593' title='bbox 1911 2479 1988 2510; x_wconf 88' lang='lat' dir='ltr'>haec</span> <span class='ocrx_word' id='word_1_594' title='bbox 2017 2478 2078 2509; x_wconf 92' lang='lat' dir='ltr'>duo</span> <span class='ocrx_word' id='word_1_595' title='bbox 2108 2478 2239 2510; x_wconf 90' lang='lat' dir='ltr'>Christo</span> 
     </span>
     <span class='ocr_line' id='line_1_86' title="bbox 1269 2522 2238 2563; baseline -0.005 -7"><span class='ocrx_word' id='word_1_596' title='bbox 1269 2526 1456 2557; x_wconf 86' lang='lat' dir='ltr'>tribuuntur</span> <span class='ocrx_word' id='word_1_597' title='bbox 1472 2523 1600 2555; x_wconf 89' lang='lat' dir='ltr'>diverso</span> <span class='ocrx_word' id='word_1_598' title='bbox 1617 2528 1772 2563; x_wconf 86' lang='lat' dir='ltr'>respectu.</span> <span class='ocrx_word' id='word_1_599' title='bbox 1809 2522 1872 2553; x_wconf 90' lang='lat' dir='ltr'>Per</span> <span class='ocrx_word' id='word_1_600' title='bbox 1888 2522 1993 2562; x_wconf 92' lang='lat' dir='ltr'>ipsum</span> <span class='ocrx_word' id='word_1_601' title='bbox 2010 2522 2096 2552; x_wconf 92' lang='lat' dir='ltr'>enim</span> <span class='ocrx_word' id='word_1_602' title='bbox 2113 2526 2238 2552; x_wconf 86' lang='lat' dir='ltr'>creatus</span> 
     </span>
     <span class='ocr_line' id='line_1_87' title="bbox 1269 2564 2236 2606; baseline -0.006 -7"><span class='ocrx_word' id='word_1_603' title='bbox 1269 2575 1317 2600; x_wconf 87' lang='lat' dir='ltr'>est</span> <span class='ocrx_word' id='word_1_604' title='bbox 1347 2567 1503 2606; x_wconf 84' lang='lat' dir='ltr'>mundus,</span> <span class='ocrx_word' id='word_1_605' title='bbox 1537 2570 1695 2606; x_wconf 86' lang='lat' dir='ltr'>quatenus</span> <span class='ocrx_word' id='word_1_606' title='bbox 1730 2570 1860 2596; x_wconf 86' lang='lat' dir='ltr'>aeterna</span> <span class='ocrx_word' id='word_1_607' title='bbox 1893 2569 1941 2595; x_wconf 86' lang='lat' dir='ltr'>est</span> <span class='ocrx_word' id='word_1_608' title='bbox 1972 2565 2032 2595; x_wconf 91' lang='lat' dir='ltr'>Dei</span> <span class='ocrx_word' id='word_1_609' title='bbox 2064 2564 2236 2603; x_wconf 82' lang='lat' dir='ltr'>sapientia:</span> 
     </span>
     <span class='ocr_line' id='line_1_88' title="bbox 1269 2605 2237 2651; baseline -0.006 -10"><span class='ocrx_word' id='word_1_610' title='bbox 1269 2621 1350 2651; x_wconf 84' lang='lat' dir='ltr'>quae</span> <span class='ocrx_word' id='word_1_611' title='bbox 1380 2609 1525 2640; x_wconf 91' lang='lat' dir='ltr'>omnium</span> <span class='ocrx_word' id='word_1_612' title='bbox 1557 2609 1625 2640; x_wconf 85' lang='lat' dir='ltr'>eius</span> <span class='ocrx_word' id='word_1_613' title='bbox 1655 2617 1789 2647; x_wconf 89' lang='lat' dir='ltr'>operum</span> <span class='ocrx_word' id='word_1_614' title='bbox 1813 2607 1852 2638; x_wconf 83' lang='lat' dir='ltr'>ab</span> <span class='ocrx_word' id='word_1_615' title='bbox 1876 2607 1968 2638; x_wconf 90' lang='lat' dir='ltr'>initio</span> <span class='ocrx_word' id='word_1_616' title='bbox 1991 2607 2144 2637; x_wconf 82' lang='lat' dir='ltr'>directrix</span> <span class='ocrx_word' id='word_1_617' title='bbox 2168 2605 2237 2635; x_wconf 84' lang='lat' dir='ltr'>fuit.</span> 
     </span>
     <span class='ocr_line' id='line_1_89' title="bbox 1268 2647 2238 2694; baseline -0.008 -9"><span class='ocrx_word' id='word_1_618' title='bbox 1268 2655 1374 2694; x_wconf 90' lang='lat' dir='ltr'>Atque</span> <span class='ocrx_word' id='word_1_619' title='bbox 1412 2652 1487 2683; x_wconf 91' lang='lat' dir='ltr'>hinc</span> <span class='ocrx_word' id='word_1_620' title='bbox 1525 2651 1688 2691; x_wconf 83' lang='lat' dir='ltr'>colligitur</span> <span class='ocrx_word' id='word_1_621' title='bbox 1726 2649 1848 2682; x_wconf 84' lang='lat' dir='ltr'>Christi</span> <span class='ocrx_word' id='word_1_622' title='bbox 1885 2649 2068 2680; x_wconf 83' lang='lat' dir='ltr'>aeternitas.</span> <span class='ocrx_word' id='word_1_623' title='bbox 2124 2647 2238 2678; x_wconf 85' lang='lat' dir='ltr'>Fuisse</span> 
     </span>
    </p>
   </div>
  </div>
 </body>
</html>
