2513 3126
321 205 384 236 335

323 301 510 333 defectionis
533 309 610 330 suae
629 299 704 329 vitio
724 297 846 328 malum
863 306 943 327 esse.
979 296 1107 328 Scimus
1124 300 1294 335 praeterea

323 355 385 376 non
417 354 484 375 esse
509 343 578 373 Deo
608 339 783 380 aequalem,
816 345 852 369 ut
876 339 943 378 pari
967 339 1036 369 iure
1060 349 1132 369 cum
1158 348 1194 369 eo
1217 348 1293 369 con-

323 387 447 417 tendat:
471 384 526 416 sed
544 383 682 414 invitum
700 382 888 422 constringi,
907 392 945 412 ne
961 381 1037 421 quid
1058 382 1118 412 nisi
1135 381 1291 413 creatoris

323 430 373 460 sui
410 434 487 459 nutu
521 433 553 457 et
589 425 722 457 arbitrio
760 425 868 464 possit.
925 424 1096 455 Postremo
1131 423 1294 455 Iohannes

323 482 420 510 quum
445 469 526 500 alios
549 478 589 500 ex
609 468 678 500 Deo
702 467 839 508 genitos,
863 473 894 497 et
916 466 996 497 alios
1019 477 1058 497 ex
1080 465 1206 497 diabolo
1225 477 1294 498 esse

325 514 416 551 dicit,
452 512 574 543 nullam
609 511 704 551 fingit
735 511 914 547 traducem,
949 509 1079 549 qualem
1111 508 1293 541 Manichaei

323 555 546 587 somniabant:
577 554 631 585 sed
663 554 787 593 priores
815 553 939 584 Christi
970 552 1087 592 spiritu
1118 551 1293 592 gubernari

327 598 505 638 significat:
530 597 648 628 alteros
671 601 778 627 autem
803 605 821 626 a
839 595 963 627 Satana
987 594 1107 634 abripi:
1130 595 1213 626 sieut
1236 594 1295 626 hoc

323 641 368 672 illi
394 641 563 681 potestatis
587 639 743 670 adversus
767 638 951 669 incredulos
975 637 1066 668 Deus
1089 638 1242 668 concedit.

411 683 494 722 Quia
527 683 565 714 ab
599 682 690 713 initio
724 681 867 712 diabolus
894 683 1008 721 peccat.
1066 679 1293 720 Sicutiprius

324 736 389 757 non
419 726 459 757 de
489 725 555 756 sola
579 725 702 756 Christi
732 734 870 764 persona
893 723 1092 764 loquebatur,
1123 733 1223 763 quum
1248 723 1292 753 di-

323 769 416 800 cebat
446 779 515 800 esse
545 769 681 802 iustum,
717 767 772 798 sed
804 767 893 797 illum
926 766 1088 797 statuebat
1117 766 1238 796 fontem
1262 771 1293 796 et

323 821 453 844 eausam
477 811 636 842 iustitiae:
672 811 717 841 ita
741 820 828 841 nunc
850 819 950 849 quum
975 809 1138 840 diabolum
1162 818 1293 848 peccare

325 855 412 891 dicit,
435 853 680 893 comprehendit
709 858 814 884 totum
837 853 907 884 eius
929 862 1058 892 corpus,
1090 851 1149 882 hoc
1170 857 1218 882 est
1243 860 1291 881 re-

323 897 439 938 probos
463 907 584 927 omnes.
620 896 668 927 Ac
691 896 718 926 si
742 895 871 932 diceret,
896 895 955 927 hoc
971 894 1098 926 diabolo
1122 893 1288 934 proprium

323 951 405 979 esse,
440 944 476 970 ut
506 939 545 970 ad
577 938 775 979 peccandum
805 937 960 978 impellat.
1013 937 1107 969 Unde
1137 937 1291 975 sequitur,

323 984 392 1014 eius
416 992 486 1014 esse
509 982 662 1019 membra,
690 987 722 1012 et
745 981 783 1012 ab
806 991 843 1012 eo
867 981 934 1021 regi
958 981 1140 1021 quicunque
1164 983 1292 1018 peccato

321 1025 440 1057 addicti
474 1030 559 1056 sunt.
612 1025 714 1056 Porro
747 1024 876 1055 initium
911 1023 971 1055 hoc
1003 1023 1095 1054 cuius
1129 1020 1292 1061 apostolus

321 1068 484 1104 meminit,
516 1077 580 1099 non
610 1072 659 1099 est
689 1066 905 1098 aeternitatis:
940 1064 1208 1105 quemadmodum
1238 1062 1292 1094 ubi

322 1111 416 1143 docet
445 1120 627 1142 sermonem
656 1109 748 1141 initio
777 1109 885 1140 fuisse.
932 1109 992 1140 Est
1014 1108 1100 1138 enim
1125 1107 1220 1146 longe
1244 1105 1291 1136 di-

322 1163 417 1186 versa
448 1154 531 1185 ratio
561 1153 596 1184 in
630 1152 700 1184 Deo
728 1156 761 1184 et
790 1152 956 1183 creaturis.
1001 1150 1136 1181 Initium
1167 1150 1198 1180 in
1223 1149 1293 1180 Deo

323 1202 449 1237 tempus
485 1206 551 1227 non
590 1195 698 1227 habet.
757 1194 866 1234 Quare
904 1204 1002 1234 quum
1042 1202 1169 1232 semper
1206 1191 1292 1231 apud

324 1239 429 1271 Deum
458 1249 565 1270 sermo
594 1239 702 1276 fuerit,
732 1248 797 1269 non
821 1238 960 1277 reperies
982 1236 1110 1275 aliquod
1140 1235 1293 1274 temporis

324 1285 494 1322 punctum,
529 1291 592 1321 quo
626 1292 695 1313 esse
729 1281 885 1320 coeperit:
919 1279 974 1310 sed
1009 1288 1138 1309 necesse
1172 1284 1221 1309 est
1251 1276 1291 1308 ad

324 1326 427 1365 ipsam
458 1324 683 1355 aeternitatem
707 1324 824 1355 venias.
870 1323 933 1353 Hic
961 1328 1069 1352 autem
1100 1321 1180 1352 nihil
1204 1319 1291 1351 aliud

324 1368 396 1399 vult
419 1367 592 1404 Iohannes,
625 1377 720 1406 quam
751 1366 914 1396 diabolum
944 1365 1053 1395 statim
1082 1374 1100 1394 a
1130 1365 1291 1395 creatione

325 1410 438 1441 mundi
468 1409 566 1441 fuisse
596 1414 784 1450 apostatam.
815 1415 845 1439 et
870 1408 944 1438 inde
968 1406 1094 1438 nullum
1118 1406 1292 1448 spargendi

325 1453 357 1484 in
380 1452 526 1483 homines
549 1452 600 1483 sui
623 1452 737 1483 veneni
763 1452 860 1482 finem
882 1451 1005 1481 fecisse.

412 1495 453 1526 In
480 1495 533 1526 hoo
560 1495 776 1533 manifestatus
803 1497 846 1525 est
874 1493 962 1533 filius
985 1493 1057 1525 Dei.
1103 1493 1192 1524 Idem
1222 1493 1292 1524 aliis

326 1538 432 1570 verbis
456 1538 570 1577 repetit
594 1537 676 1577 quod
701 1537 791 1577 prius
814 1536 950 1573 dixerat,
975 1538 1099 1567 venisse
1124 1536 1292 1568 Christum

327 1587 361 1612 ut
386 1581 511 1612 tolleret
534 1587 672 1620 peccata.
714 1580 800 1611 Hinc
825 1580 887 1612 duo
911 1579 1091 1620 colligenda
1114 1585 1204 1610 sunt:
1230 1589 1292 1610 non

325 1634 418 1664 posse
441 1624 563 1654 censeri
584 1624 616 1653 in
633 1622 756 1654 Christi
774 1623 936 1662 membris,
961 1633 1019 1654 nec
1036 1622 1075 1653 ad
1092 1623 1161 1653 eius
1177 1631 1293 1662 corpus

325 1667 391 1698 ullo
425 1666 518 1697 modo
547 1666 722 1705 pertinere,
756 1666 789 1696 in
825 1666 940 1706 quibus
970 1670 1087 1706 regnat
1115 1671 1291 1705 peccatum.

326 1709 410 1740 Nam
427 1709 608 1748 ubicunque
626 1709 690 1739 vim
707 1719 797 1740 suam
814 1709 935 1740 exserit
950 1708 1110 1746 Christus,
1130 1707 1292 1740 diabolum

326 1763 389 1783 una
419 1762 491 1783 cum
523 1757 652 1791 peccato
675 1752 835 1792 profligat.
882 1751 976 1791 Quod
1000 1752 1097 1782 etiam
1122 1762 1197 1782 mox
1221 1750 1295 1782 sub-

325 1796 392 1826 iicit
415 1794 586 1825 Iohannes.
634 1794 787 1825 Proxima
815 1795 901 1825 enim
931 1795 1100 1831 sententia,
1130 1794 1184 1825 ubi
1207 1794 1293 1832 dicit,

325 1848 389 1869 non
420 1847 550 1877 peccare
579 1838 632 1877 qui
656 1848 696 1868 ex
720 1836 791 1868 Deo
815 1838 915 1878 geniti
943 1843 1031 1877 sunt,
1061 1843 1109 1867 est
1131 1837 1294 1868 conclusio

325 1882 537 1920 superiorum.
578 1882 820 1920 Argumentum
844 1880 976 1911 ductum
1000 1886 1048 1911 est
1070 1890 1088 1910 a
1112 1890 1293 1920 repugnan-

326 1924 422 1963 tibus,
445 1928 479 1954 ut
502 1923 564 1953 iam
589 1923 673 1953 dixi:
697 1924 773 1962 quia
789 1922 914 1954 Christi
933 1933 1079 1964 regnum,
1103 1922 1187 1962 quod
1204 1923 1292 1954 iusti-

327 1966 406 1996 tiam
442 1966 621 1997 necessario
653 1976 761 1997 secum
796 1966 904 2006 affert,
939 1972 1026 1996 stare
1059 1976 1132 1996 cum
1164 1970 1294 2006 peccato

328 2015 475 2047 nequeat.
510 2007 684 2040 Caeterum
707 2009 771 2039 iam
796 2019 896 2049 supra
919 2009 1011 2049 attigi
1033 2009 1109 2049 quid
1127 2008 1180 2039 hic
1195 2008 1294 2049 signi-

329 2052 402 2082 ficet
425 2061 498 2081 non
522 2061 699 2090 peccare.
738 2051 850 2091 Neque
873 2052 959 2082 enim
979 2053 1140 2083 immunes
1163 2061 1294 2091 prorsus

329 2094 367 2124 ab
391 2094 478 2124 omni
503 2094 578 2124 vitio
602 2095 675 2125 facit
701 2095 761 2125 Dei
784 2094 884 2126 filios:
915 2095 971 2126 sed
997 2100 1095 2135 negat
1118 2094 1178 2125 hoc
1200 2094 1295 2125 titulo

328 2146 405 2167 vere
439 2136 586 2176 gloriari,
621 2137 682 2168 nisi
717 2137 771 2176 qui
800 2148 841 2168 ex
871 2139 978 2168 animo
1008 2138 1110 2168 vitam
1141 2147 1232 2168 suam
1260 2137 1294 2167 in

328 2178 391 2209 Dei
406 2179 594 2217 obsequium
611 2189 802 2220 componere
818 2180 959 2211 student.
984 2180 1152 2221 Pelagiani
1168 2179 1294 2220 quidem

328 2229 360 2252 et
384 2220 518 2253 Oathari
551 2221 609 2252 hoc
639 2223 822 2253 testimonio
852 2223 928 2254 olim
959 2224 1050 2254 abusi
1074 2228 1166 2254 sunt:
1197 2232 1294 2262 quum

330 2264 440 2295 fideles
474 2264 619 2304 angelica
653 2265 790 2304 puritate
825 2267 986 2306 fingerent
1020 2267 1053 2296 in
1084 2266 1144 2297 hoc
1173 2265 1295 2296 mundo

330 2317 399 2338 esse
430 2307 600 2346 praeditos.
653 2307 697 2337 Et
727 2307 785 2339 hoc
815 2308 942 2340 saeculo
976 2308 1107 2348 quidam
1138 2319 1179 2339 ex
1209 2309 1294 2339 Ana-

330 2350 479 2390 baptistis
503 2350 651 2381 delirium
675 2350 754 2380 illud
778 2357 983 2382 renovarunt.
1024 2350 1090 2383 Sed
1114 2351 1296 2391 quicunque

330 2392 487 2424 eiusmodi
507 2393 735 2432 perfectionem
752 2394 924 2431 somniant,
947 2395 1026 2425 satis
1042 2394 1185 2434 produnt
1201 2403 1296 2433 quam

330 2435 493 2475 stupidam
512 2435 651 2466 habeant
667 2436 906 2466 conscientiam.
941 2438 1047 2477 Atque
1067 2437 1145 2468 haec
1161 2436 1297 2477 apostoli

331 2479 432 2509 verba
464 2478 542 2509 adeo
573 2477 653 2509 nihil
683 2478 904 2518 suffragantur
927 2489 1038 2510 eorum
1060 2479 1169 2516 errori,
1200 2484 1235 2510 ut
1258 2478 1297 2509 ad

332 2521 400 2552 eius
430 2521 656 2552 refutationem
684 2521 854 2552 sufficiant.

333 2564 387 2602 qui
417 2574 457 2594 ex
487 2564 556 2595 Deo
585 2568 661 2595 sunt
689 2564 800 2604 geniti.
851 2563 945 2594 Nunc
975 2565 1150 2595 videndum
1180 2570 1228 2596 est
1257 2574 1297 2594 an

334 2605 425 2637 Deus
455 2612 617 2637 momento
647 2617 711 2638 uno
742 2617 800 2638 nos
827 2612 1004 2647 regeneret.

1120 200 1259 232 EPIST.
1285 199 1509 232 IOHANNIS

903 2522 988 2553 Dicit
1019 2533 1097 2553 non
1128 2531 1324 2562 peccare

1050 2608 1092 2638 At
1118 2609 1149 2638 ui
1173 2612 1299 2638 constat
1324 2628 1325 2641 i

334 2649 379 2680 sie
403 2649 547 2680 inchoari
570 2650 604 2680 in
628 2650 719 2681 nobis
743 2650 1030 2691 regenerationem,
1054 2618 1144 2681 utini
1161 2655 1298 2682 mortem
1324 2647 1326 2680 l

2256 202 2319 234 336

1347 306 1448 336 usque
1482 296 1600 327 veteris
1636 295 1777 326 hominis
1809 295 1964 335 reliquiae
1994 298 2158 328 maneant.
2221 297 2316 336 Quod

1346 339 1373 370 si
1399 339 1540 370 nondum
1565 339 1660 379 plena
1683 344 1733 369 est
1756 348 1792 369 ac
1815 338 1917 369 solida
1944 340 2158 379 regeneratio,
2190 340 2317 371 nonnisi

1346 392 1404 421 pro
1428 381 1519 412 modo
1541 392 1599 412 suo
1623 391 1641 412 a
1665 382 1786 420 peccati
1810 381 1969 412 servitute
1993 392 2050 413 nos
2070 381 2194 413 eximit.
2231 381 2317 414 Hinc

1346 431 1480 464 apparet
1515 424 1583 455 fieri
1619 434 1682 454 nou
1720 433 1812 463 posse
1846 423 1924 463 quin
1958 424 2044 456 vitiis
2078 423 2227 456 laborent
2261 424 2317 456 filii

1347 467 1418 507 Dei,
1442 474 1473 498 et
1496 466 1638 506 quotidie
1662 472 1811 506 peccent:
1835 471 1996 506 quatenus
2012 466 2135 498 seilicet
2151 467 2316 499 residuum

1346 510 1452 541 adhuc
1486 509 1606 549 aliquid
1641 509 1762 540 habent
1797 509 1916 540 veteris
1951 515 2104 540 naturae:
2146 514 2178 540 et
2212 518 2319 541 manet

1347 558 1454 583 tamen
1484 552 1565 583 illud
1597 553 1696 583 fixum
1726 551 1810 591 quod
1839 552 2002 592 apostolus
2025 552 2200 590 contendit,
2231 552 2318 584 hunc

1347 605 1417 626 esse
1447 595 1700 635 regenerationis
1731 596 1844 633 finem,
1875 601 1912 626 ut
1944 603 2108 635 peccatum
2137 594 2318 626 aboleatur:

1348 636 1480 677 ideoque
1504 637 1587 669 iuste
1611 643 1642 669 et
1666 638 1717 678 pic
1735 638 1845 668 vivere
1868 638 2049 677 quicunque
2071 648 2114 668 ex
2130 637 2200 669 Deo
2217 639 2318 678 geniti

1346 680 1424 718 sint,
1454 681 1531 719 quia
1554 681 1688 721 spiritus
1712 680 1773 711 Dei
1801 680 1954 721 peccandi
1978 679 2143 711 libidinem
2167 681 2318 721 corrigat.

1348 722 1450 762 quue
1486 722 1639 764 intelligit
1671 723 1834 763 apostolus
1869 733 1925 762 per
1962 733 2102 754 semen
2136 722 2208 754 Dei.
2265 722 2318 755 Sic

1347 765 1432 795 enim
1462 764 1582 797 format
1612 766 1673 798 Dei
1705 766 1839 806 spiritus
1870 767 1998 806 piorum
2029 765 2126 797 corda
2149 765 2189 797 ad
2213 771 2318 798 rectos

1346 807 1491 848 affectus,
1515 814 1551 839 ut
1574 819 1639 840 non
1663 809 1846 849 praevaleat
1869 819 1943 840 caro
1966 818 2038 840 cum
2063 809 2130 840 suis
2152 809 2316 849 concupis-

1345 850 1475 882 centiis:
1506 851 1561 882 sed
1593 851 1713 882 domita
1736 852 1828 891 quasi
1851 851 1911 883 sub
1935 851 2011 892 iugo
2034 850 2233 883 cohibeatur.
2278 851 2316 882 In

1344 903 1481 931 summa,
1503 895 1686 933 superiores
1706 900 1813 934 partes
1829 893 1992 934 apostolus
2009 894 2042 925 in
2059 894 2171 926 electis
2186 894 2316 934 spiritui

1345 935 1553 984 tribuit-qui
1585 937 1703 969 virtute
1733 947 1790 969 sua
1819 942 1984 977 peccatum
2016 937 2182 977 reprimat,
2214 947 2317 977 neque

1345 983 1428 1009 sinat
1453 989 1572 1019 vigere.

1430 1021 1460 1053 9.
1490 1021 1534 1052 Et
1561 1031 1622 1053 non
1649 1025 1743 1062 potest
1764 1032 1899 1062 peccare.
1946 1022 2010 1054 Hic
2032 1022 2096 1053 iam
2119 1022 2218 1054 altius
2240 1032 2316 1054 con-

1344 1064 1469 1095 scendit
1492 1064 1666 1104 apostolus.
1705 1065 1787 1096 Nam
1811 1066 1896 1097 clare
1920 1065 2119 1105 pronuntiat,
2143 1065 2315 1097 efficaciter

1343 1106 1469 1146 piorum
1491 1106 1588 1138 corda
1609 1107 1780 1147 gubernari
1805 1119 1824 1139 a
1848 1109 1907 1140 Dei
1931 1108 2058 1147 spiritu,
2083 1113 2118 1139 ut
2141 1107 2313 1139 inflexibili

1344 1149 1461 1181 affectu
1485 1156 1665 1190 sequantur
1680 1151 1749 1182 eius
1766 1151 1907 1183 ductum.
1944 1151 2015 1182 Hoc
2033 1161 2109 1182 vero
2125 1161 2143 1181 a
2160 1151 2316 1190 papistica

1345 1193 1490 1224 doctrina
1513 1192 1607 1232 longe
1631 1199 1789 1224 remotum
1813 1199 1871 1225 est.
1911 1193 2069 1224 Fatentur
2093 1193 2224 1234 quidem
2242 1192 2317 1225 Sor-

1346 1235 1463 1272 bonici,
1499 1235 1699 1266 voluntatem
1732 1236 1886 1276 hominis,
1927 1236 1987 1267 nisi
2021 1236 2166 1268 adiutam
2199 1246 2219 1267 a
2254 1235 2316 1267 Dei

1345 1279 1473 1319 spiritu,
1504 1288 1568 1309 non
1599 1288 1693 1318 posse
1721 1279 1805 1319 quod
1835 1286 1957 1310 rectum
1985 1284 2033 1310 est
2056 1285 2224 1319 appetere:
2260 1278 2317 1310 sed

1346 1322 1444 1353 talem
1477 1322 1611 1360 spiritus
1644 1326 1768 1352 motum
1802 1332 1871 1354 esse
1907 1323 2052 1362 fingunt,
2091 1323 2145 1362 qui
2181 1321 2317 1353 liberam

1347 1364 1438 1396 nobis
1462 1364 1623 1404 relinquat
1647 1364 1721 1395 boni
1745 1369 1777 1395 et
1796 1364 1873 1395 mali
1891 1365 2062 1404 optionem.
2097 1365 2184 1396 Hinc
2200 1364 2316 1395 merita

1346 1407 1496 1439 eliciunt:
1531 1407 1606 1447 quia
1639 1407 1773 1446 spiritus
1802 1408 1924 1448 gratiae
1954 1413 2067 1447 sponte
2097 1408 2318 1446 obsequimur,

1346 1461 1444 1491 quam
1478 1450 1511 1481 in
1545 1455 1700 1490 potestate
1731 1455 1842 1482 nostra
1871 1454 1941 1482 erat
1971 1450 2112 1482 reiicere.
2167 1450 2317 1489 Denique

1346 1494 1430 1525 hanc
1453 1493 1554 1524 solam
1578 1493 1709 1532 spiritus
1733 1494 1871 1533 gratiam
1888 1503 1958 1524 esse
1974 1493 2142 1530 definiunt,
2167 1498 2203 1523 ut
2219 1492 2318 1531 possi-

1346 1547 1419 1568 mus
1454 1537 1533 1567 bene
1563 1536 1658 1573 velle,
1693 1536 1720 1567 si
1753 1536 1892 1567 libuerit.
1945 1536 2110 1567 Iohannes
2141 1535 2193 1566 hic
2224 1535 2320 1575 longe

1345 1579 1447 1610 aliter.
1497 1579 1608 1618 Neque
1637 1579 1725 1610 enim
1753 1584 1877 1610 tantum
1907 1579 1999 1610 docet
2033 1588 2126 1618 posse
2160 1588 2218 1608 nos
2253 1587 2317 1608 non

1346 1632 1493 1661 peccare:
1517 1622 1573 1653 sed
1598 1629 1663 1653 tam
1687 1622 1849 1654 efficacem
1873 1632 1944 1653 esse
1967 1622 2100 1661 spiritus
2123 1626 2258 1658 motum,
2282 1624 2317 1651 ut

1346 1666 1524 1697 necessario
1555 1675 1613 1696 nos
1643 1665 1677 1696 in
1707 1665 1866 1697 constanti
1895 1664 2037 1695 iustitiae
2059 1663 2243 1695 obedientia
2265 1673 2315 1694 re-

1346 1709 1458 1739 tineat.
1512 1708 1624 1748 Neque
1650 1708 1701 1740 hic
1730 1708 1818 1739 solus
1845 1713 1894 1739 est
1923 1707 2104 1746 scripturae
2135 1706 2234 1746 locus,
2263 1705 2318 1745 qui

1346 1751 1458 1783 doceat
1490 1751 1535 1782 sic
1563 1751 1694 1782 formari
1725 1751 1941 1787 voluntatem,
1975 1754 2013 1781 ut
2041 1759 2106 1780 non
2138 1749 2200 1781 nisi
2230 1753 2317 1780 recta

1346 1805 1415 1825 esse
1449 1794 1559 1833 possit.
1612 1794 1766 1825 Testatur
1799 1794 1887 1824 enim
1919 1793 2008 1824 Deus
2041 1803 2076 1824 se
2110 1802 2165 1824 eor
2199 1800 2318 1823 novum

1347 1837 1423 1868 dare
1455 1836 1527 1867 filiis
1556 1837 1633 1876 suis,
1663 1840 1696 1868 et
1719 1837 1878 1868 facturum
1910 1835 2070 1876 promittit
2100 1841 2135 1866 ut
2165 1835 2199 1865 in
2223 1844 2316 1875 prae-

1346 1881 1446 1920 ceptis
1480 1880 1547 1910 suis
1581 1879 1755 1910 ambulent.
1810 1879 1903 1910 Adde
1937 1879 2021 1918 quod
2052 1878 2216 1909 Iohannes
2252 1887 2319 1908 non

1346 1923 1449 1954 solum
1481 1922 1571 1953 docet
1601 1932 1700 1961 quam
1731 1923 1903 1954 efficaciter
1932 1927 2009 1962 agat
2039 1921 2138 1952 semel
2162 1920 2254 1952 Deus
2285 1920 2318 1951 in

1348 1966 1490 1996 homine:
1522 1964 1577 1996 sed
1601 1965 1685 1996 clare
1710 1966 1860 2003 affirmat,
1892 1965 2044 2004 spiritum
2067 1974 2157 1995 suam
2181 1963 2318 2004 gratiam

1347 2009 1378 2039 in
1403 2007 1495 2039 nobis
1517 2008 1556 2038 ad
1580 2012 1763 2039 extremum
1788 2018 1889 2048 usque
1920 2008 2079 2048 persequi,
2108 2011 2143 2038 ut
2169 2006 2210 2037 ad
2233 2006 2318 2037 vitae

1347 2051 1524 2082 novitatem
1548 2051 1737 2082 inflexibilis
1759 2051 2000 2090 perseverantia
2023 2049 2162 2081 accedat.
2206 2048 2319 2087 Quare

1348 2105 1388 2124 ne
1432 2093 1648 2134 imaginemur
1687 2104 1761 2125 cum
1803 2093 1958 2133 sophistis
1997 2093 2138 2123 medium
2178 2091 2317 2131 aliquem

1348 2143 1486 2175 motum,
1519 2146 1613 2176 quem
1648 2136 1769 2167 homini
1804 2136 1942 2167 liberum
1970 2135 2013 2166 sit
2043 2135 2094 2166 vel
2123 2134 2231 2174 sequi,
2266 2133 2319 2164 vel

1348 2190 1514 2219 respuere:
1553 2178 1610 2210 sed
1647 2179 1786 2211 sciamus
1822 2178 1919 2211 corda
1956 2181 2066 2209 nostra
2098 2178 2166 2218 regi
2201 2187 2220 2207 a
2255 2175 2318 2207 Dei

1348 2223 1473 2262 spiritu,
1504 2227 1541 2252 ut
1571 2221 1710 2253 iustitiae
1739 2224 1926 2253 constanter
1954 2221 2160 2252 adhaereant.
2214 2219 2316 2250 Porro

1348 2265 1522 2296 absurdum
1546 2264 1630 2305 quod
1653 2265 1808 2296 obiiciunt
1831 2264 2005 2305 sophistae,
2031 2263 2125 2296 facile
2148 2261 2317 2293 refellitur.

1350 2308 1472 2339 Dicunt
1502 2307 1562 2339 hoc
1584 2307 1677 2338 modo
1702 2307 1902 2338 voluntatem
1926 2306 1993 2338 tolli
2017 2307 2056 2338 ab
2080 2304 2229 2336 homine:
2260 2303 2318 2335 sed

1349 2351 1438 2381 falso.
1473 2350 1633 2381 Voluntas
1656 2351 1742 2381 enim
1766 2361 1784 2381 a
1801 2356 1916 2381 natura
1932 2355 1996 2381 est:
2017 2348 2072 2380 sed
2089 2348 2165 2388 quia
2182 2352 2318 2378 naturae

1349 2399 1500 2434 corrupto
1530 2403 1646 2433 pravos
1677 2398 1803 2424 tantum
1834 2393 1967 2424 affectus
1993 2396 2137 2432 generat,
2168 2389 2240 2421 ideo
2263 2399 2318 2420 ne-

1349 2447 1438 2467 cesse
1467 2439 1518 2467 est
1547 2442 1583 2467 ut
1612 2446 1683 2466 eam
1714 2436 1847 2475 spiritus
1870 2434 1933 2465 Dei
1957 2435 2118 2470 reformet,
2150 2443 2213 2473 quo
2236 2433 2319 2464 bona

1351 2489 1419 2510 esse
1451 2480 1593 2519 incipiat.
1639 2478 1767 2509 Deinde
1799 2478 1872 2518 quia
1901 2477 2013 2508 statim
2045 2476 2229 2508 exciderent
2259 2475 2318 2506 ho-

1351 2522 1453 2552 mines
1484 2532 1502 2552 a
1526 2523 1619 2560 bono,
1651 2531 1780 2552 necesse
1810 2525 1858 2551 est
1889 2526 1923 2550 ut
1953 2520 2037 2551 idem
2061 2519 2204 2559 spiritus,
2233 2517 2318 2558 quod

1350 2565 1462 2604 coepit,
1487 2564 1526 2595 ad
1550 2564 1647 2594 finem
1672 2573 1775 2603 usque
1798 2562 1962 2602 perducat.
2006 2563 2056 2593 De
2078 2561 2194 2593 merito
2217 2560 2318 2594 facilis

1351 2614 1399 2638 est
1424 2607 1596 2647 responsio.
1642 2606 1753 2646 Neque
1784 2607 1867 2636 enim
1893 2615 1949 2645 pro
1973 2605 2110 2637 absurdo
2135 2603 2317 2635 habendum

1352 2655 1417 2688 est,
1453 2651 1479 2682 si
1513 2649 1593 2680 nihil
1623 2649 1769 2680 homines
1800 2654 2002 2679 mereantur:
2035 2653 2067 2679 et
2098 2653 2206 2678 tamen
2235 2646 2318 2677 bona
