2513 3126
296 212 357 244 315

1101 208 1240 240 EPIST,
1265 208 1345 240 1011
1355 210 1378 239 Α
1387 209 1492 242 NNlS

2235 214 2297 247 316

296 312 446 344 effectum
482 316 511 340 et
547 318 692 340 causam:
728 306 844 337 deinde
879 306 924 337 ita
954 305 1038 337 inter
1069 316 1101 337 sc
1133 307 1271 338 connexi
1296 309 1299 331 ¹
1326 307 1402 339 Mox
1428 308 1556 348 quidem
1580 308 1734 348 speciales
1759 309 1936 340 sententias
1959 309 2213 341 accommodabit
2231 311 2296 342 sin-

296 359 383 393 811111,
418 358 452 384 ut
485 350 592 382 divelli
625 355 794 389 nequeant.
840 348 936 380 Dicet
966 353 1076 388 postea
1108 348 1271 380 Iohannes

296 397 402 436 capito
426 394 528 430 tertie,
555 392 635 423 falso
659 402 717 423 nos
741 392 861 423 iactare
885 391 1088 422 dilectionem
1114 391 1185 429 Dei,
1209 391 1271 422 nisi

297 438 461 479 proximos
478 435 660 475 diligimus:
684 440 778 475 atque
795 434 826 465 id
846 434 1053 466 verissimum
1077 436 1135 465 est.
1176 434 1272 466 Nunc

297 491 374 512 voro
391 479 556 512 caritatem
574 487 651 519 erga
668 477 842 518 proximos,
865 481 1020 517 tunquam
1046 477 1269 508 testimonium

297 523 412 560 sumit,
447 531 508 562 quo
543 521 718 562 probamus
752 520 859 551 Deum
897 530 915 550 8
949 519 1040 551 001118
1074 519 1174 560 diligi.
1232 519 1270 550 In

297 574 431 602 summa,
455 575 552 604 quum
570 564 687 595 caritas
710 565 756 594 810
772 562 880 594 Deum
904 562 1065 603 respiciat,
1089 567 1126 594 ut
1149 563 1182 594 in
1199 562 1270 593 Deo

295 607 529 648 complectatur
552 606 713 638 homines:
738 604 820 636 011111
843 605 875 637 in
901 615 938 636 eo
962 605 1104 644 absurdi,
1127 605 1211 646 quod
1231 605 1271 636 de

295 651 432 683 caritate
466 649 634 690 disputans
668 648 835 689 apostolus
876 648 1059 689 promiscue
1100 658 1186 679 nuno
1231 648 1270 678 ad

296 693 415 731 Deum,
439 703 524 724 nunc
547 692 586 723 ad
611 693 726 723 fratres
750 692 858 723 refert.
897 692 1005 731 Atque
1029 691 1081 723 hie
1105 691 1270 722 familiaris

296 742 345 768 est
367 736 546 776 scripturae
570 745 654 766 usus.
701 735 807 774 Saepe
830 738 900 766 tota
923 735 1009 765 vitae
1033 734 1185 775 perfectio
1208 739 1271 765 sta—

296 780 401 811 tuitur
431 779 464 809 in
496 788 604 809 amore
629 777 703 808 Dei:
738 787 870 808 rursum
894 776 1017 808 Paulus
1048 777 1139 808 docet
1170 781 1270 807 totam

296 822 401 863 legem
425 821 569 861 implere,
598 821 652 861 qui
677 820 860 860 proximum
890 819 996 861 diligit
1018 819 1129 861 (Rom.
1150 820 1199 855 13,
1223 818 1270 859 8):

297 868 330 897 et
360 864 511 896 Christus
546 863 735 904 pronuntiat
768 862 847 894 haec
877 872 947 894 0880
978 863 1058 904 legis
1089 863 1270 903 praecipua,

297 907 463 944 iustitiam,
496 906 659 942 iudicium,
694 910 725 937 et
759 906 929 937 veritatem
964 905 1097 946 (Matth.
1123 905 1173 943 23,
1208 903 1270 945 13).

298 950 482 989 Utrumque
506 959 620 980 verum
645 954 701 988 est,
735 958 771 980 ac
798 949 919 989 optime
942 949 1107 980 convenit:
1142 948 1216 988 quia
1239 952 1272 978 et

296 1003 386 1024 amor
409 992 471 1023 Dei
503 1003 561 1024 nos
589 991 629 1023 ad
659 991 806 1023 homines
835 991 1016 1032 diligendos
1040 991 1199 1021 instituit:
1239 993 1272 1021 et

295 1046 330 1067 re
351 1037 421 1076 ipsa
445 1039 605 1066 testamur
629 1040 771 1066 nostram
795 1035 829 1065 in
847 1034 951 1065 Deum
976 1035 1141 1074 pietatem,
1166 1033 1270 1064 homi-

296 1088 355 1110 nes
371 1089 411 1110 011
436 1078 524 1109 iussu
548 1078 618 1109 eius
641 1077 789 1108 amando.
826 1076 991 1117 Quidquid
1016 1077 1065 1113 sit,
1090 1076 1192 1107 fixum
1212 1075 1271 1108 hoc

296 1131 424 1162 semper
462 1123 610 1160 maneat,
647 1121 815 1152 caritatem
854 1129 923 1151 esse
961 1118 1148 1159 dirigendae
1185 1119 1273 1150 vitae

296 1174 440 1204 scopum.
479 1163 573 1202 Quod
597 1173 635 1194 eo
658 1163 846 1204 diligentius
870 1162 1060 1201 notandum,
1083 1162 1159 1202 quia
1182 1160 1274 1202 quid-

296 1207 348 1239 vis
364 1207 470 1247 potius
486 1216 600 1237 omnes
616 1206 682 1238 fere
698 1207 832 1246 eligunt,
857 1215 951 1245 quam
976 1205 1107 1236 unicum
1131 1204 1194 1236 hoc
1210 1203 1274 1236 Dei

297 1250 498 1281 mandatum.
545 1249 667 1280 Eodem
703 1249 842 1289 pertinet
875 1248 959 1288 quod
993 1248 1148 1288 sequitur,
1183 1247 1273 1278 Non

298 1303 392 1324 0880
426 1291 731 1323 offendiculum
768 1291 821 1322 ubi
857 1298 904 1322 est
938 1290 1081 1321 studium
1116 1290 1271 1322 caritatis.

298 1336 383 1367 Nam
418 1335 471 1375 qui
506 1335 604 1367 vitam
639 1345 731 1366 suam
766 1335 810 1365 ita
844 1333 973 1372 format,
1012 1343 1178 1374 nunquam
1212 1333 1272 1364 im·

320 1379 353 1410 111
378 1383 420 1409 et.

296 1389 318 1420 p
355 1388 436 1452 gll.
475 1419 622 1451 Fratrem
658 1429 750 1451 suum
790 1419 862 1451 odit.
924 1419 1070 1450 Rursum
1110 1419 1272 1456 admonet,

298 1463 477 1505 quamlibet
521 1462 718 1504 praeclaram
763 1462 895 1493 virtutis
935 1462 1074 1502 speciem
1120 1466 1273 1500 ostentes,

299 1507 382 1538 nihil
418 1511 527 1537 tamen
562 1516 632 1537 0880
665 1516 731 1537 non
762 1505 917 1536 vitiosum
948 1505 1002 1536 ubi
1034 1505 1125 1536 abest
1147 1505 1272 1537 caritas.

299 1550 496 1582 Conferatur
526 1548 579 1580 hic
606 1549 694 1580 locus
718 1558 789 1580 cum
815 1548 864 1579 13.
881 1549 986 1588 capite
1009 1548 1126 1588 prioris
1149 1548 1188 1579 ad
1213 1548 1273 1580 Co-

299 1592 458 1624 rinthios:
481 1597 513 1623 et
529 1591 626 1633 longa
641 1592 844 1632 expositione
860 1601 926 1622 non
943 1590 1113 1632 indigebit.
1150 1591 1274 1622 Verum

299 1635 371 1667 ideo
400 1635 535 1667 obscura
565 1637 614 1666 est
642 1634 765 1665 mundo
789 1634 869 1666 haec
893 1634 1050 1672 doctrina,
1084 1633 1169 1674 quod
1192 1634 1275 1665 bona

300 1688 376 1719 pars
406 1678 439 1709 in
470 1677 570 1709 larvis
601 1678 709 1709 nescio
732 1677 848 1718 quibus
871 1676 1079 1717 obstupescit.
1126 1677 1178 1709 Ita
1200 1677 1275 1709 ficta

300 1721 455 1752 sanctitas
485 1720 633 1752 omnibus
664 1719 730 1752 sere
759 1720 870 1752 oculos
902 1720 1108 1761 perstringit:
1143 1719 1275 1751 interim

300 1764 450 1812 neglecta
472 1763 599 1801 caritas,
624 1766 680 1795 aut
702 1763 816 1795 saltem
839 1763 873 1794 in
897 1767 1096 1804 postremum
1120 1763 1276 1804 angulum

300 1813 456 1838 renc1tur.

391 1891 441 1923 12.
460 1890 568 1924 Scribo
584 1891 678 1932 vobis,
693 1891 801 1932 filioli:
822 1892 969 1932 quoniam
983 1892 1182 1924 remittuntur
1196 1891 1280 1924 vobis

298 1937 425 1975 peccata
456 1937 559 1966 vestra
576 1938 707 1975 propter
728 1945 836 1967 nomen
857 1935 935 1967 eius.
982 1935 1031 1966 13.
1056 1934 1163 1967 Scribo
1185 1934 1279 1975 vobis,

298 1980 419 2017 patres.-
443 1978 593 2018 quom'am
607 1978 738 2010 novistis
753 1988 823 2009 eum
839 1978 894 2018 qui
910 1980 955 2010 est
976 1978 1014 2009 ab
1036 1978 1136 2010 initio.
1173 1977 1280 2010 Scribo

302 2020 404 2058 vobis,
442 2020 662 2061 adolescentes,
696 2022 843 2061 quoniam
876 2021 996 2054 vicistis
1029 2021 1148 2053 malum
1180 2020 1279 2053 illum.

306 2063 356 2094 14.
394 2061 498 2094 Scribo
531 2063 633 2104 vobis,
664 2065 776 2104 pueri:
809 2064 957 2104 quoniam
989 2064 1122 2096 novistis
1147 2066 1279 2103 patrem.

305 2105 429 2145 Scripsi
449 2105 532 2136 vobis
547 2109 673 2144 patres:
695 2107 842 2147 quoniam
864 2107 995 2138 novistis
1016 2117 1085 2138 eum
1108 2107 1164 2146 qui
1182 2109 1226 2138 est
1243 2106 1281 2138 ab

303 2148 403 2179 initio.
450 2146 572 2187 Scripsi
598 2149 691 2186 vobis,
725 2150 941 2182 adolescentes:
974 2150 1052 2190 quia
1080 2150 1177 2190 fortes
1198 2150 1280 2190 estis,

303 2193 342 2265 egl
362 2189 486 2222 verbum
519 2190 582 2222 Dei
614 2194 716 2223 manet
749 2193 783 2224 in
816 2193 916 2228 vobis,
950 2195 977 2224 et
1008 2193 1130 2224 vicistis
1162 2192 1282 2224 malum

303 2244 316 2264 ἰ
342 2243 404 2265 um.

394 2319 443 2350 12.
462 2317 584 2350 Filioli.
624 2319 715 2352 Haec
731 2319 836 2352 adhuc
853 2320 1014 2361 generalis
1037 2325 1086 2352 est
1109 2320 1280 2352 sententia.

306 2361 421 2402 Neque
448 2362 536 2392 enim
560 2366 708 2393 teneram
731 2362 825 2393 modo
849 2367 987 2394 aetatem
1011 2363 1192 2404 compellat,
1226 2363 1281 2394 sed

306 2405 522 2436 communiter
559 2404 716 2436 filiolos
758 2404 910 2446 intelligit
951 2406 1097 2437 omnium
1137 2408 1282 2437 aetatum

306 2447 471 2478 homines:
506 2447 776 2487 quemadmodum
799 2448 903 2488 primo
926 2450 1038 2489 capite,
1072 2453 1105 2480 et
1128 2449 1189 2481 hoc
1211 2448 1281 2489 ipso

307 2490 404 2530 paulo
435 2494 517 2530 post.
562 2490 635 2522 Hoc
665 2489 737 2522 ideo
767 2490 847 2530 dico,
882 2491 967 2531 quod
993 2492 1187 2532 interpretes
1210 2501 1282 2532 per·

310 2542 421 2572 peram
464 2533 669 2574 restringunt
709 2533 748 2564 ad
789 2543 914 2573 pueros.
977 2535 1077 2575 Atqui
1118 2534 1282 2566 Iohannes

309 2584 408 2614 quum
429 2575 466 2606 de
484 2577 592 2615 pueris
609 2576 768 2617 loquetur,
786 2576 893 2607 παιδία
910 2577 1045 2615 vocabit,
1062 2577 1148 2618 quod
1164 2587 1282 2608 nomen

309 2618 407 2648 aetati
423 2624 594 2659 congruet:
619 2619 672 2651 hic
687 2622 796 2650 autem
813 2625 966 2660 tanquam
983 2620 1162 2660 spiritualis
1180 2625 1281 2661 pater,

310 2670 374 2691 non
412 2671 504 2693 senes
543 2662 648 2694 minus
686 2673 781 2703 quam
822 2673 937 2703 pueros
978 2662 1086 2694 τεκνία
1131 2663 1280 2704 appellat.

1325 350 1409 390 gulis
1440 351 1606 382 aetatibus.
1653 351 1826 382 Falluntur
1857 357 1964 383 tamen
1994 352 2048 392 qui
2078 352 2154 384 hinc
2179 352 2298 385 faciunt

1325 393 1461 425 initium.
1494 393 1581 433 Quin
1597 393 1701 434 potius
1719 404 1758 425 ne
1775 394 1922 434 superior
1938 394 2120 426 exhortatio
2136 395 2299 436 gratuitae

1325 441 1528 474 peccatorum
1553 436 1734 468 remissioni
1757 436 1986 468 obscuritatem
2014 436 2191 478 induceret,
2225 437 2298 469 doo—

1326 478 1444 509 trinam
1462 479 1555 517 hanc,
1580 490 1660 519 quae
1678 479 1750 511 fidei
1768 480 1897 519 propria
1917 484 1975 518 est,
1999 480 2117 511 iterum
2141 479 2296 512 inculcat:

1326 525 1362 550 ut
1383 524 1470 552 certe
1502 522 1561 554 hoc
1586 522 1832 553 fundamentum
1856 532 1986 563 semper
2009 522 2215 554 retinendum
2240 528 2298 563 est,

1324 563 1357 593 in
1382 563 1449 595 sola
1472 564 1595 597 Christi
1619 566 1722 605 gratia
1747 565 1838 596 nobis
1861 564 1998 597 salutem
2022 575 2091 597 esse
2114 566 2297 606 repositam.

1324 605 1479 647 Urgenda
1509 608 1638 647 quidem
1663 609 1748 639 vitae
1772 607 1937 645 sanctitas,
1961 608 2073 639 sedulo
2097 608 2297 649 praecipien-

1325 648 1401 679 dum
1432 648 1471 681 de
1501 651 1614 682 timore
1645 650 1715 689 Dei,
1749 651 1866 682 acriter
1899 649 2087 682 stimulandi
2117 650 2158 682 ad
2189 652 2298 692 poeni·

1325 691 1457 723 tentiam
1490 693 1646 734 homines,
1680 693 1935 725 commendanda
1965 693 2052 725 vitae
2076 694 2201 725 novitas
2223 704 2298 726 cum

1324 734 1392 766 suis
1421 734 1590 767 fructibus:
1626 747 1752 776 semper
1782 742 1890 767 tamen
1922 735 2105 768 cavendum
2137 747 2176 768 ne
2199 736 2298 768 suffo-

1325 781 1415 808 cetur
1441 778 1518 809 fidei
1543 779 1698 819 doctrina,
1734 789 1814 819 quae
1836 778 2004 811 Christum
2028 779 2159 811 unicum
2182 778 2298 812 salutis

1325 819 1547 861 bonorumque
1569 822 1714 853 omnium
1739 828 1883 853 autorem
1907 823 2030 854 statuit.
2077 821 2167 861 Quin
2191 823 2299 862 potius

1325 862 1486 894 servanda
1501 868 1550 895 est
1566 864 1644 897 haec
1665 864 1841 896 moderatio
1865 870 1901 896 ut
1924 866 2044 905 primas
2069 875 2196 905 semper
2219 863 2299 897 fides

1324 905 1480 936 obtineat.
1524 906 1619 938 Hanc
1647 907 1751 948 legem
1783 907 1874 939 nobis
1905 907 2096 948 praescribit
2124 907 2298 946 Iohannes,

1326 958 1427 987 quum
1461 947 1500 980 de
1535 949 1627 981 bonis
1661 951 1812 990 operibus
1846 950 1958 982 sedulo
1991 950 2217 988 concionatus,
2257 961 2298 982 ne

1326 995 1433 1021 tamen
1463 991 1536 1031 plus
1567 992 1630 1024 illis
1660 993 1736 1025 dare
1761 993 1907 1024 videatur
1930 1003 2025 1033 quam
2049 997 2185 1033 oportet,
2217 993 2298 1025 adeo

1326 1033 1462 1065 sollicite
1485 1044 1544 1066 nos
1567 1034 1608 1066 ad
1631 1029 1754 1067 Christi
1778 1036 1915 1076 gratiam
1939 1040 2079 1068 revocat.

1413 1076 1625 1109 Remittuntur
1639 1078 1724 1110 vobis
1732 1081 1867 1118 peccata.
1905 1078 1985 1111 Sine
2009 1078 2070 1110 hac
2092 1078 2210 1110 fiducia
2232 1089 2299 1111 non

1326 1119 1388 1150 nisi
1418 1120 1509 1151 fluxa
1539 1125 1572 1151 et
1601 1121 1785 1153 umbratilis
1813 1121 1875 1153 erit
1899 1122 2027 1162 pietatis
2050 1122 2182 1162 species.
2227 1121 2299 1154 Imo

1326 1162 1382 1202 qui
1412 1163 1555 1203 gratuita
1582 1169 1783 1204 peccatorum
1806 1164 1997 1195 remissione
2021 1164 2214 1204 posthabita,
2249 1163 2300 1196 in·

1326 1205 1449 1236 sistunt
1465 1205 1498 1236 in
1519 1205 1589 1237 aliis
1613 1207 1767 1247 partibus,
1790 1207 1860 1238 sine
1884 1207 2096 1238 fundamento
2119 1207 2299 1238 aedificant.

1326 1247 1457 1280 Interea
1490 1248 1655 1280 Iohannes
1689 1249 1865 1290 signifieat,
1901 1249 1984 1281 nihil
2018 1249 2226 1282 stimulandis
2259 1249 2301 1281 ad

1326 1291 1476 1322 timorem
1510 1291 1573 1323 Dei
1608 1292 1794 1324 hominibus
1827 1293 1934 1332 aptius
1967 1302 2054 1330 0880,
2088 1302 2186 1332 quam
2221 1292 2301 1324 dum

1326 1333 1387 1365 rite
1418 1334 1523 1366 edocti
1551 1339 1628 1366 sunt
1655 1334 1732 1375 quid
1756 1334 1819 1366 illis
1842 1335 1998 1366 bonorum
2021 1335 2167 1366 attulerit
2191 1334 2302 1367 Chris-

1327 1381 1395 1408 tus:
1430 1377 1701 1417 quemadmodum
1733 1377 1855 1410 Paulus
1886 1377 2020 1420 (Philip.
2042 1378 2069 1415 1,
2093 1377 2126 1420 8)
2156 1378 2303 1410 obsecrat

1327 1430 1384 1460 per
1408 1420 1531 1451 viscera
1554 1420 1794 1452 misericordiae
1818 1420 1889 1452 Dei.
1929 1420 2024 1453 Unde
2045 1425 2180 1462 apparet
2203 1430 2301 1461 quam

1327 1462 1475 1503 improba
1498 1463 1541 1494 sit
1572 1463 1771 1504 papistarum
1795 1463 1967 1502 calumnia,
2003 1464 2056 1504 qui
2079 1462 2198 1504 frigere
2222 1463 2303 1495 bene

1328 1505 1446 1546 agendi
1477 1505 1621 1537 studium
1650 1510 1837 1546 causantur,
1867 1507 1943 1537 dum
1967 1515 2004 1537 08
2027 1505 2197 1537 extollitur
2219 1515 2304 1545 quae

1328 1548 1397 1579 sola
1417 1549 1631 1589 obsequentes
1650 1548 1720 1580 Deo
1740 1549 1824 1581 filios
1846 1548 1962 1580 reddit.
1999 1548 2083 1580 Nam
2106 1548 2182 1579 inde
2204 1548 2304 1580 sumit

1329 1591 1483 1623 hortandi
1521 1592 1705 1630 materiam,
1746 1591 1831 1632 quod
1869 1596 1935 1622 tam
1973 1590 2171 1623 benevolum
2208 1591 2301 1623 nobis

1330 1634 1436 1665 Deum
1461 1645 1530 1666 0880
1553 1635 1714 1673 novimus,
1738 1640 1774 1665 ut
1797 1638 1929 1675 peccata
1950 1644 2016 1665 non
2039 1634 2188 1674 imputet.

1417 1676 1551 1718 Propter
1579 1687 1688 1709 nomen
1717 1677 1794 1709 eius.
1839 1676 1947 1709 Causa
1977 1676 2151 1709 materialis
2182 1676 2303 1709 adscri-

1330 1719 1426 1759 bitur,
1464 1731 1504 1752 ne
1535 1731 1727 1761 quaeramus
1758 1720 1821 1751 alia
1843 1719 1950 1751 media
1972 1730 2055 1760 quae
2077 1730 2136 1751 008
2158 1719 2230 1751 Deo
2253 1730 2303 1751 re-

1329 1763 1508 1795 concilient.
1554 1763 1666 1803 Neque
1696 1763 1784 1794 enim
1816 1763 1896 1794 satis
1924 1762 2020 1794 fuerit
2042 1766 2163 1802 tenere,
2197 1762 2306 1794 Deum

1331 1806 1423 1837 nobis
1460 1807 1627 1847 ignoscere
1664 1810 1805 1846 peccata,
1844 1805 1905 1837 nisi
1943 1810 2031 1837 recta
2065 1806 2232 1837 veniamus
2265 1805 2306 1837 ad

1331 1849 1510 1887 Christum,
1534 1854 1564 1880 et
1581 1849 1719 1889 pretium
1735 1848 1817 1880 illud
1840 1847 1925 1889 quod
1947 1848 1981 1879 in
2003 1858 2098 1880 cruce
2121 1848 2214 1880 nobis
2237 1858 2308 1888 per-

1331 1891 1437 1924 solvit.
1482 1891 1585 1932 quue
1614 1902 1652 1923 eo
1682 1892 1786 1932 magis
1816 1891 2068 1929 observandum,
2102 1891 2188 1932 quod
2216 1890 2307 1923 vide-

1332 1945 1404 1966 mus
1422 1934 1564 1967 Satanae
1587 1940 1661 1966 astu
1677 1939 1710 1966 et
1726 1935 1835 1975 pravis
1851 1934 2024 1966 hominum
2041 1934 2207 1975 figmentis
2223 1933 2308 1966 hane

1333 1977 1417 2009 viam
1451 1978 1650 2009 obstructam
1682 1987 1766 2009 esse:
1803 1977 1879 2008 dum
1908 1977 2011 2008 variis
2033 1977 2309 2009 satisfactionibus

1334 2021 1461 2061 placare
1477 2020 1586 2052 Deum
1602 2024 1761 2052 conantur
1783 2020 1876 2051 stulti
1899 2019 2058 2058 homines,
2081 2024 2114 2052 et
2135 2020 2309 2051 innumera

1333 2064 1556 2104 expiationum
1590 2073 1712 2104 genera
1739 2063 1924 2104 excogitant
1954 2063 1995 2094 ad
2024 2073 2059 2094 se
2092 2062 2307 2094 redimendos.

1334 2106 1417 2137 Nam
1447 2110 1525 2146 quot
1556 2105 1790 2146 promerendae
1819 2106 1933 2137 veniae
1963 2105 2070 2137 media
2093 2105 2163 2137 Deo
2186 2105 2307 2144 ingeri-

1335 2159 1415 2186 mus,
1433 2153 1480 2180 tot
1496 2148 1669 2181 abstaculis
1685 2159 1835 2181 arcemur
1850 2148 1890 2180 ab
1906 2148 1974 2179 eius
1990 2158 2131 2180 accessu.
2165 2147 2308 2179 Proinde

1334 2191 1497 2223 Iohannes
1513 2201 1579 2223 non
1602 2196 1775 2223 contentus
1798 2191 1859 2223 hac
1882 2191 2019 2231 simplici
2042 2190 2198 2229 doctrina,
2221 2190 2308 2230 quod

1335 2235 1427 2265 nobis
1450 2238 1582 2276 peccata
1602 2234 1694 2266 Deus
1717 2235 1873 2274 remittat,
1897 2233 2090 2265 nominatim
2113 2232 2213 2273 addit,
2237 2243 2307 2273 pro-

1335 2278 1452 2317 pitium
1482 2277 1575 2309 nobis
1605 2287 1674 2309 esse
1697 2277 1822 2309 Christi
1848 2281 2006 2317 respectu,
2037 2281 2072 2307 ut
2094 2275 2172 2307 alias
2195 2285 2307 2307 omues

1336 2322 1476 2352 rationes
1515 2319 1677 2352 excludat.
1733 2320 1799 2352 Nos
1833 2330 1956 2360 quoque
1989 2323 2025 2350 ut
2057 2318 2117 2350 hoc
2150 2318 2307 2350 beneficio

1335 2363 1490 2401 fruamur,
1525 2363 1631 2394 omnia
1664 2363 1727 2394 alia
1760 2363 1893 2394 nomina
1920 2361 2069 2393 omittere
2099 2366 2131 2392 et
2161 2361 2307 2394 oblivisci

1336 2416 1468 2438 necesse
1491 2410 1550 2445 est,
1574 2406 1742 2445 solumque
1765 2405 1889 2437 Christi
1910 2414 2030 2435 nomen
2054 2404 2214 2444 amplecti.

1421 2449 1471 2480 13.
1496 2448 1603 2481 Scribo
1632 2448 1717 2479 vobis
1740 2451 1858 2488 patres.
1902 2446 1973 2478 Iam
1997 2446 2036 2478 ad
2061 2452 2203 2478 aetatum
2226 2457 2306 2478 enu-

1336 2492 1546 2523 merationem
1563 2491 1736 2528 descendit,
1761 2494 1798 2522 ut
1813 2489 1962 2522 ostendat
1980 2490 2116 2530 singulis
2133 2489 2306 2522 convenire

1335 2534 1419 2574 quod
1443 2534 1543 2566 docet.
1588 2534 1674 2565 Nam
1697 2533 1859 2574 generalis
1881 2542 1988 2564 sermo
2011 2532 2176 2564 interdum
2199 2533 2307 2564 minus

1335 2577 1447 2610 afficit:
1471 2578 1544 2615 imo,
1577 2587 1659 2617 quae
1682 2581 1792 2608 nostra
1815 2578 1864 2607 est
1886 2575 2082 2616 malignitas,
2112 2575 2206 2616 pauci
2229 2579 2306 2607 sunt

1335 2620 1389 2660 qui
1406 2623 1521 2660 putent
1536 2619 1577 2651 ad
1592 2630 1626 2651 se
1642 2619 1803 2661 pertinere
1819 2618 1904 2659 quod
1919 2618 2016 2649 simul
2032 2618 2072 2649 ad
2095 2628 2207 2650 omnes
2231 2618 2305 2649 diri-

1335 2663 1431 2703 gitur.
1478 2663 1580 2695 Senes
1603 2669 1638 2693 se
1660 2667 1696 2694 ut
1714 2662 1892 2702 plurimum
1915 2661 2109 2701 subducunt,
2133 2661 2224 2701 quasi
2247 2671 2304 2692 ex-
