2513 3126
288 194 348 226 163
1172 186 1320 218 CAPUT
1345 185 1404 217 XI.
2225 187 2285 218 164

291 291 393 323 dicem
429 290 644 330 profiteretur.
697 283 859 316 Omnibus
888 287 997 314 tamen
1029 283 1189 323 expensis,
1223 282 1262 314 ad

290 332 467 367 secundum
499 331 619 361 exitum
649 328 770 359 referre
793 326 887 358 malo.
932 326 1025 357 Tunc
1054 326 1140 357 enim
1165 326 1262 356 intre-

291 376 365 418 pide
401 376 485 414 regis
520 372 669 403 ferocium
705 370 868 409 despexit,
908 373 1000 400 tanta
1033 369 1168 408 spiritus
1204 368 1263 400 Dei

292 420 413 451 virtuto
448 421 602 450 armatus,
638 420 673 445 ut
707 413 862 444 furiosam
894 411 981 442 illam
1012 411 1145 442 bestiam
1178 411 1264 442 ultro

291 460 426 494 subinde
471 458 652 489 lacesseret.
726 456 817 487 Hueo
861 461 947 487 certe
991 454 1074 485 mira
1116 454 1176 485 suit
1216 453 1264 486 vis

292 504 373 539 fidoi.
409 501 492 541 quod
525 499 687 531 imbellem
719 498 960 530 multitudinem
991 509 1100 531 secum
1131 497 1263 529 trahens

292 557 327 578 80
351 544 460 576 multis
484 541 728 585 impedimentis
758 548 920 582 onustam,
955 542 1016 573 iter
1045 542 1105 573 sibi
1136 551 1194 582 per
1216 541 1262 573 in-

290 600 443 624 numerus
484 589 710 624 difficultates.
750 585 813 619 Dei
851 596 949 618 manu
988 585 1184 626 patefactum
1224 586 1264 617 iri

292 634 444 675 speravit.
486 632 625 663 Videbat
650 630 911 671 potentissimum
937 640 1044 671 regem
1069 630 1265 669 impotenter

292 678 413 709 furere:
430 676 614 715 sciebatque
631 675 726 705 finem
745 684 809 704 non
827 675 984 704 facturum
1003 672 1104 704 donec
1119 680 1266 704 extrema

292 730 439 761 quaeque
463 724 629 750 tentasset.
675 716 798 747 Verum
831 716 904 756 quia
927 722 1071 747 autorem
1096 726 1173 747 suae
1197 725 1266 755 pro-

293 763 440 796 fectionis
464 763 568 793 Deum
601 770 670 791 esse
693 760 785 790 novit
807 766 959 790 eventum
984 759 1030 790 illi
1053 759 1266 797 commendat,

293 817 352 838 nee
386 806 509 837 dubitat
539 804 615 843 quin
652 813 763 834 omnes
793 801 1030 844 Aegyptiorum
1061 802 1199 842 impetus
1233 801 1265 831 in

293 854 438 889 temporo
461 847 662 879 cohibiturus
685 846 736 877 sit.

384 891 482 930 Quasi
511 890 592 921 cuim
615 885 811 921 invisibilem.
857 889 927 920 Imo
950 888 1058 920 Deum
1086 887 1211 919 viderat
1233 886 1267 917 in

294 935 399 967 medio
430 933 501 964 rubi
531 932 688 963 ardentis:
720 942 820 972 quare
849 932 1024 972 improprie
1056 931 1115 963 hoc
1138 931 1269 962 videtur

295 978 365 1018 diei,
390 982 421 1007 et
445 986 556 1016 parum
583 982 658 1015 apte
682 975 721 1006 ad
746 985 876 1007 causam
900 980 1114 1016 praesentem.
1150 973 1268 1004 Fateor

295 1030 380 1058 sane,
411 1019 533 1050 visione
565 1018 621 1049 illa
650 1019 876 1049 confirmatum
906 1018 994 1058 prius
1026 1018 1121 1048 fuisse
1145 1016 1268 1052 Mosen,

295 1073 388 1104 quam
430 1061 632 1102 praeclarum
674 1060 754 1092 illud
796 1061 954 1091 liberandi
997 1059 1105 1100 populi
1144 1059 1268 1089 facinus

294 1104 534 1147 aggrederetur.
581 1103 646 1136 Sed
676 1113 759 1144 nego
788 1103 885 1135 talem
910 1103 1010 1134 fuisse
1037 1103 1094 1133 Dei
1119 1111 1268 1140 conspec-

294 1154 373 1183 tum.
397 1148 451 1187 qui
473 1158 546 1179 eum
571 1152 705 1178 exueret
728 1156 823 1178 sensu
848 1146 965 1186 earnis,
988 1150 1019 1176 et
1042 1150 1136 1176 extra
1159 1142 1268 1174 mundi

294 1191 438 1233 pericula
454 1190 615 1222 educeret.
653 1188 791 1230 Signum
817 1189 974 1220 duntaxat
998 1187 1154 1227 quoddam
1180 1197 1270 1226 prae-

296 1235 418 1266 sentiae
452 1243 528 1265 suae
557 1240 634 1264 tunc
664 1232 710 1263 1111
736 1232 825 1263 Deus
854 1231 1009 1262 ostendit:
1045 1229 1100 1261 sed
1131 1228 1268 1260 multum

296 1278 401 1309 abfuit
429 1276 506 1316 quin
537 1275 646 1306 Deum
679 1275 783 1315 qualis
816 1278 873 1309 est,
909 1274 1042 1304 videret.
1094 1271 1269 1312 Apostolus

297 1326 405 1351 autem
429 1318 583 1359 intelligit
607 1328 669 1349 non
695 1328 785 1349 secus
809 1316 998 1347 obduruisse
1023 1316 1147 1351 Mosen,
1172 1324 1267 1355 quam

297 1363 325 1394 81
348 1363 382 1393 111
407 1361 530 1393 eoelum
555 1364 668 1401 raptus
684 1360 791 1391 Deum
815 1359 918 1390 solum
943 1359 1077 1390 haberet
1099 1365 1174 1389 aute
1197 1368 1269 1389 ocu-

296 1405 354 1444 los,
389 1405 552 1445 negotium
586 1413 664 1435 vero
699 1413 772 1435 cum
807 1401 992 1433 hominibus
1027 1411 1091 1433 non
1127 1401 1270 1440 haberet,

297 1459 363 1480 non
387 1447 599 1479 subiiceretur
624 1446 719 1477 huius
743 1446 828 1476 vitae
858 1445 1018 1485 perieulis,
1049 1443 1174 1475 nullum
1197 1453 1271 1475 cum

298 1491 470 1522 Pharaone
512 1489 645 1520 haberet
685 1494 862 1520 certamen.
916 1489 1016 1528 Atqui
1051 1491 1174 1518 certum
1212 1490 1272 1526 est,

299 1544 373 1565 eum
408 1538 455 1564 tot
489 1531 734 1564 difficultatibus
768 1531 865 1562 fuisse
899 1530 1061 1568 obrutum,
1095 1538 1132 1561 ut
1165 1533 1272 1569 posset

299 1577 407 1608 animo
447 1576 611 1607 interdum
653 1575 820 1614 concipere
855 1573 962 1605 Deum
1003 1572 1113 1614 procul
1147 1572 1272 1603 abesse:

301 1625 357 1651 aut
372 1624 458 1651 certe
474 1619 671 1658 superiorem
689 1617 818 1647 tandem
837 1617 904 1648 fore
921 1617 1006 1657 regis
1028 1615 1273 1652 contumaciam,

301 1666 350 1693 tot
373 1660 542 1702 praesidiis
573 1662 763 1691 instructam
788 1659 828 1690 ad
852 1659 1080 1690 resistendum.
1124 1657 1272 1697 Denique

299 1705 347 1736 ita
381 1715 414 1736 se
448 1704 536 1736 Deus
566 1703 651 1734 Mosi
682 1702 861 1734 videndum
892 1703 1099 1742 praebuerat,
1133 1706 1169 1732 ut
1199 1701 1273 1731 fidei

302 1753 411 1779 tamen
444 1747 549 1778 locum
580 1746 771 1786 reliquerat:
805 1750 838 1776 at
867 1745 976 1777 Moses
1006 1755 1102 1785 quum
1133 1743 1273 1783 undique

301 1791 397 1822 multi
430 1795 569 1821 terrores
603 1790 774 1829 instarent,
807 1798 918 1819 omnes
952 1788 985 1819 in
1018 1787 1126 1819 Deum
1157 1796 1274 1818 sensus

303 1844 379 1865 suos
407 1833 577 1864 convertit.
622 1832 764 1862 Adiutus
793 1831 924 1872 quidem
954 1831 1015 1862 fuit
1047 1831 1087 1862 ad
1111 1840 1180 1861 eam
1206 1839 1273 1860 rem

303 1877 427 1907 visione
450 1875 506 1906 illa
529 1885 626 1915 quam
651 1874 807 1905 diximus:
838 1874 894 1905 sed
920 1879 1027 1905 tamen
1051 1873 1123 1914 plus
1146 1873 1180 1903 in
1203 1871 1274 1903 Deo

303 1919 395 1956 vidit,
429 1928 524 1958 quam
556 1917 680 1948 ferebat
708 1918 837 1957 signum
868 1917 949 1948 illud
973 1916 1110 1948 visibile.
1154 1915 1275 1946 Poten-

304 1962 382 1991 tiam
399 1962 484 1992 enim
505 1961 573 1991 eius
595 1960 818 2000 apprehendit,
841 1970 922 2000 quae
945 1965 1051 1990 metus
1074 1968 1186 1990 omnes
1208 1968 1275 1988 om·

304 2003 420 2043 niaque
454 2003 639 2034 discrimina
670 2002 865 2034 absorberet.
928 2002 1146 2033 Promissione
1177 2001 1277 2031 fretus

305 2054 392 2076 certo
415 2047 529 2076 statuit
554 2046 718 2086 populum,
749 2046 878 2076 tametsi
902 2046 1136 2086 Aegyptiorum
1164 2048 1275 2083 tyran·

306 2088 381 2119 nide
410 2088 627 2128 premebatur,
661 2088 725 2118 iam
754 2094 860 2119 terrae
889 2089 1065 2128 promissae
1087 2097 1157 2118 esse
1180 2085 1277 2117 domi—

306 2141 395 2161 num.
441 2130 529 2161 Hine
558 2130 751 2170 colligimus,
786 2141 896 2161 veram
927 2130 999 2161 fidei
1025 2136 1173 2161 naturam
1198 2138 1279 2165 csse,

307 2173 415 2204 Deum
440 2183 567 2212 semper
590 2173 709 2204 habere
732 2183 809 2210 prae
836 2173 945 2204 oculis.
991 2172 1153 2210 Secundo,
1181 2172 1278 2203 fidem

308 2216 423 2247 altiora
454 2222 486 2246 et
517 2216 620 2255 magis
649 2215 816 2246 recondita
846 2216 877 2246 in
906 2216 976 2246 Deo
1006 2216 1144 2253 intueri,
1183 2225 1278 2254 quam

309 2269 390 2298 quae
413 2258 473 2289 sub
496 2269 611 2289 sensus
635 2264 762 2289 nostros
785 2257 910 2288 cadant.
956 2258 1074 2295 Tertio,
1098 2257 1200 2289 solum
1219 2256 1280 2287 Dei

309 2306 517 2340 conspectum
552 2301 701 2332 sufficere
731 2300 770 2331 ad
805 2300 973 2331 mollitiem
1009 2307 1152 2332 nostram
1183 2300 1281 2332 corri-

310 2344 465 2385 gendam:
501 2348 535 2374 ut
565 2344 668 2374 simus
698 2349 811 2374 contra
842 2353 954 2374 omnes
978 2342 1119 2375 Satanae
1142 2343 1281 2374 insultus

310 2387 479 2427 plusquam
496 2386 597 2417 saxei.
628 2386 722 2417 Unde
738 2385 894 2426 sequitur,
917 2396 978 2425 quo
997 2387 1130 2426 quisque
1152 2385 1282 2416 mollior

311 2435 359 2460 est
382 2439 419 2460 ac
440 2430 548 2460 minus
570 2429 655 2460 virili
679 2428 796 2466 animo,
824 2438 861 2459 80
883 2429 991 2460 minus
1015 2429 1134 2460 habere
1156 2428 1239 2459 fidel.

397 2514 448 2546 28.
473 2514 553 2545 Fide
573 2514 643 2553 feeit
659 2513 780 2554 paseha
808 2516 836 2545 et
857 2513 1086 2553 «aspersionem
1108 2513 1283 2553 sanyuinis,

312 2559 347 2587 ut
368 2557 420 2596 qui
439 2557 581 2597 perdebat
592 2557 809 2598 primoqenita,
824 2566 884 2587 mm
899 2559 1034 2597 tanyeret
1049 2566 1108 2587 eos.
1138 2556 1189 2587 29.
1203 2555 1284 2587 Fide

313 2600 502 2630 transierunt
530 2610 617 2631 mare
642 2600 771 2631 rubrum
807 2599 901 2639 quasi
927 2610 988 2639 per
1020 2601 1135 2630 terram
1157 2599 1284 2630 siccam:

313 2642 394 2681 quod
409 2652 504 2682 quum
519 2645 683 2674 tentassent
696 2643 852 2683 Aeyyptii,
868 2642 1008 2681 absorpti
1022 2645 1104 2673 sunt.
1137 2641 1187 2673 30.
1205 2641 1284 2672 Fide

1316 283 1510 315 conciderunt
1545 284 1665 315 moenia
1699 282 1831 322 Iericho,
1866 282 2057 314 circumdata
2084 292 2143 322 per
2175 285 2285 322 septem

1316 326 1392 357 dies.
1430 326 1481 359 31.
1507 325 1586 357 Fide
1610 325 1721 357 Ralzab
1743 325 1886 357 meretrix
1907 334 1969 357 non
1984 325 2082 364 periit
2104 334 2173 356 cum
2193 325 2288 357 imre-

1317 368 1410 409 dialis,
1433 379 1528 409 quum
1549 369 1716 409 excepisset
1739 369 1950 408 exploratores
1972 377 2040 399 cuin
2059 377 2144 408 pace.

1402 455 1454 487 28.
1472 454 1553 486 Fide
1562 455 1690 495 pascha.
1722 455 1793 486 Hoc
1815 454 1855 486 ad
1879 453 1953 485 fidei
1976 453 2288 486 commendationem

1318 498 1457 530 multum
1483 498 1591 529 valere
1614 498 1724 530 debuit
1747 498 1830 539 apud
1856 497 2000 534 Iudaeos,
2030 497 2145 537 quibus
2169 497 2289 536 praeci-

1319 552 1418 583 puum
1449 546 1482 572 et
1510 541 1672 572 maximae
1704 541 1922 572 venerationis
1951 540 2145 573 sacrificium
2170 539 2291 582 paseha

1319 591 1397 617 erat.
1444 584 1547 616 Porro
1579 584 1640 614 fide
1668 584 1864 616 celebratum
1889 584 1986 616 fuisso
2010 583 2097 623 dicit,
2128 595 2192 616 non
2216 585 2289 627 quia

1319 638 1421 668 agnus
1442 628 1496 658 1118
1520 628 1625 668 figura
1649 627 1709 659 suit
1725 626 1863 659 Christi:
1887 627 1942 658 sed
1966 629 2039 668 quia
2062 637 2160 669 quum
2183 635 2289 670 postes

1320 672 1528 712 adr-pergeret
1561 671 1730 710 sanguine,
1765 671 1909 703 nondum
1934 670 2081 703 exstabat
2116 673 2287 714 profectus.

1321 714 1430 754 Quare
1448 714 1499 745 8111
1518 714 1637 744 veritas
1656 714 1724 754 ipsa
1741 714 1847 746 adhuc
1871 713 1999 752 latebat,
2024 715 2086 747 fide
2109 717 2290 756 exspectari

1322 767 1452 788 necesse
1482 757 1552 787 fuit.
1597 755 1668 787 Imo
1698 756 1867 789 ridiculum
1899 758 2000 789 videri
2033 763 2171 799 poterat,
2207 758 2291 799 quod

1322 800 1430 831 Moses
1461 808 1578 838 paucas
1608 800 1775 840 sanguinis
1803 800 1946 840 guttulas
1979 800 2040 833 Dei
2076 801 2236 834 vindictae
2257 801 2292 833 in

1322 841 1499 873 remedium
1534 848 1726 882 opponeret:
1763 843 1819 874 sed
1853 842 1919 874 solo
1955 848 2061 876 tamen
2096 844 2159 876 Dei
2193 844 2292 876 verbo

1322 888 1496 917 contentus
1529 885 1707 917 immunem
1741 885 1809 918 fore
1842 887 1995 927 populum
2031 898 2049 919 a
2073 888 2177 928 plaga,
2212 897 2293 928 quae

1322 929 1494 970 Aegyptiis
1509 928 1660 964 instabat,
1685 939 1750 960 non
1768 929 1939 960 dubitavit.
1975 930 2072 962 Unde
2096 941 2160 962 non
2184 930 2293 961 imme-

1323 972 1383 1002 rito
1405 971 1500 1002 fidem
1525 971 1593 1002 eius
1617 971 1782 1012 apostolus
1808 973 1866 1003 1188
1889 972 1921 1002 in
1945 978 2038 1012 parte
2062 973 2181 1005 laudat.
2227 972 2294 1012 Qui

1324 1015 1386 1045 fide
1416 1014 1614 1046 celebratum
1645 1014 1743 1046 fuisse
1774 1015 1896 1054 pascha
1921 1015 2187 1056 interpretantur,
2221 1015 2294 1056 quia

1323 1057 1432 1088 Moses
1450 1057 1484 1087 in
1502 1056 1670 1088 Christum
1693 1058 1882 1097 respexerit,
1905 1058 2146 1097 utrumquidem
2170 1059 2293 1090 dicunt:

1325 1099 1379 1131 sed
1396 1099 1559 1139 apostolus
1575 1100 1764 1140 simpliciter
1784 1100 1836 1132 hie
1855 1100 1930 1131 fidei
1954 1101 2111 1139 meminit,
2134 1106 2296 1141 quatenus

1324 1143 1356 1174 in
1380 1143 1448 1173 solo
1471 1142 1533 1173 Dei
1559 1143 1657 1174 verbo
1679 1143 1862 1183 acquiescit,
1894 1143 1947 1174 ubi
1977 1153 2029 1174 res
2058 1143 2126 1183 ipsa
2155 1153 2220 1174 non
2243 1153 2295 1184 ap-

1324 1191 1424 1226 paret.
1478 1185 1557 1216 Ideo
1586 1185 1850 1226 intempestivum
1880 1191 1929 1216 est
1959 1185 2109 1217 subtilius
2141 1186 2200 1217 hoc
2228 1185 2296 1217 loco

1324 1227 1553 1268 philosophari.
1611 1227 1705 1267 Quod
1747 1234 1855 1260 autem
1890 1228 2004 1260 Mosen
2045 1228 2149 1260 solum
2185 1228 2297 1260 fecisse

1324 1271 1445 1312 pascha
1469 1276 1709 1308 commemorat,
1740 1271 1820 1303 haec
1843 1281 1938 1303 causa
1961 1271 2026 1310 est,
2042 1271 2126 1312 quod
2150 1281 2207 1312 per
2228 1271 2298 1303 eius

1323 1324 1456 1345 manum
1480 1313 1571 1345 Deus
1595 1313 1714 1354 pascha
1736 1314 1888 1346 instituit.

1409 1356 1460 1388 29.
1485 1356 1566 1388 Fide
1587 1357 1788 1388 transierunt.
1825 1357 1958 1388 Certum
1982 1361 2039 1395 est,
2063 1357 2244 1397 complures
2262 1357 2296 1387 in

1324 1399 1379 1431 1118
1403 1399 1611 1431 multitudine
1635 1401 1733 1431 fuisse
1756 1400 1954 1431 incredulos:
1979 1404 2013 1431 at
2038 1400 2198 1431 Dominus
2221 1409 2297 1440 pau—

1325 1452 1434 1473 corum
1466 1442 1526 1473 hoc
1555 1442 1629 1473 fidei
1659 1443 1825 1480 concessit,
1856 1447 1893 1473 ut
1920 1442 2002 1474 sicco
2025 1442 2105 1482 pede
2128 1452 2186 1482 per
2209 1452 2298 1473 mare

1325 1485 1480 1517 transiret
1497 1487 1565 1516 tota
1581 1485 1763 1517 multitudo.
1794 1485 1878 1516 Nam
1895 1485 1928 1516 in
1945 1485 2058 1516 eadem
2083 1495 2117 1516 re
2141 1494 2298 1525 magnum

1324 1528 1409 1559 inter
1439 1528 1607 1559 Israelitas
1637 1533 1670 1559 et
1697 1528 1876 1569 Aegyptios
1907 1527 2080 1559 discrimen
2113 1527 2180 1565 fuit,
2215 1527 2298 1567 quod

1325 1581 1423 1611 quum
1457 1571 1511 1601 alii
1545 1571 1723 1602 incolumes
1757 1571 1973 1608 transiissent,
2006 1570 2061 1601 alii
2096 1569 2192 1610 1181110
2227 1571 2299 1610 post

1326 1614 1464 1644 demersi
1488 1618 1575 1645 sunt.
1619 1613 1714 1645 Unde
1738 1614 1799 1645 hoc
1822 1612 2015 1645 discrimen?
2046 1612 2108 1644 nisi
2131 1612 2208 1653 quia
2230 1621 2299 1644 ver-

1326 1657 1401 1688 bum
1427 1656 1488 1687 Dei
1518 1657 1640 1697 priores
1671 1656 1812 1696 amplexi
1835 1661 1919 1693 sunt,
1954 1665 2017 1696 quo
2041 1654 2300 1687 destituebantur

1326 1699 1491 1740 Aegyptii.
1527 1701 1768 1740 Argumentum
1785 1699 1886 1739 igitur
1902 1702 1951 1730 est
1967 1708 1985 1729 a
2001 1698 2182 1737 contrariis,
2199 1708 2299 1738 quum

1328 1742 1405 1773 dicit
1428 1743 1666 1783 Aegyptios
1694 1742 1826 1773 fuisse
1849 1741 2100 1773 submersos.
2144 1740 2229 1772 Nam
2252 1741 2302 1772 in-

1328 1785 1404 1816 felix
1439 1784 1493 1816 ille
1527 1791 1664 1816 eventus
1687 1795 1790 1825 poena
1821 1785 1882 1816 fuit.
1905 1784 2114 1816 temeritatis:
2147 1783 2300 1824 quemad-

1328 1827 1460 1858 modum
1491 1838 1531 1859 ex
1563 1828 1701 1859 adverso
1727 1827 1864 1858 salutem
1889 1827 2077 1867 consequuti
2099 1831 2177 1858 sunt
2198 1826 2302 1858 Israe-

1329 1871 1413 1907 litae,
1448 1871 1530 1910 quod
1563 1870 1661 1901 verbo
1685 1870 1746 1901 Dei
1776 1871 1849 1901 freti
1883 1871 1967 1901 inter
2000 1869 2123 1901 medias
2146 1878 2302 1910 aquarum

1329 1913 1430 1944 moles
1453 1914 1515 1944 iter
1538 1913 1644 1945 facere
1667 1924 1729 1944 non
1754 1918 1955 1945 recusarunt.

1415 1956 1466 1987 30.
1501 1955 1582 1987 Fide
1620 1957 1815 1988 conciderunt
1849 1956 1970 1988 moenia
2009 1955 2138 1987 Iericho.
2199 1954 2303 1987 Sicuti

1331 2000 1421 2039 prius
1438 1999 1501 2030 fide
1517 1999 1726 2039 abrumptum
1743 1999 1841 2030 fuisse
1860 1999 2026 2031 servitutis
2050 1999 2161 2039 iugum
2185 1998 2303 2036 docuit,

1330 2043 1375 2073 ita
1406 2053 1492 2073 nunc
1520 2042 1631 2073 eadem
1662 2042 1725 2073 fide
1755 2047 1986 2074 commemorat
2014 2041 2168 2081 populum
2193 2041 2304 2072 haere-

1333 2085 1440 2117 ditatis
1469 2086 1530 2116 sibi
1558 2086 1735 2125 promissae
1759 2086 1989 2124 possessiouem
2019 2084 2116 2116 fuisse
2139 2083 2301 2123 adeptum.

1333 2128 1415 2159 Nam
1446 2128 1551 2168 primo
1581 2133 1688 2158 terrae
1715 2128 1865 2168 ingressu
1894 2127 2018 2159 obieeta
2047 2130 2116 2158 erat
2149 2125 2227 2157 urbs
2250 2125 2302 2157 Ie-

1332 2170 1435 2208 richo,
1476 2171 1603 2202 munita
1636 2176 1667 2201 et
1700 2169 1767 2201 iere
1799 2169 2080 2210 inexpugnabilis,
2114 2178 2196 2209 quae
2229 2178 2303 2208 pro-

1333 2214 1423 2254 gredi
1455 2213 1540 2245 ultra
1570 2218 1703 2251 vetaret,
1738 2223 1836 2253 quum
1867 2213 1957 2244 nulla
1984 2217 2070 2244 esset
2090 2211 2179 2242 illius
2201 2221 2303 2251 expu-

1334 2257 1482 2297 gnandae
1499 2257 1592 2287 ratio.
1622 2255 1786 2295 Praecipit
1801 2255 1964 2286 Dominus
1980 2260 2016 2286 ut
2039 2253 2137 2286 semel
2160 2254 2303 2294 quotidie

1333 2310 1444 2331 omnes
1485 2299 1548 2330 viri
1589 2298 1731 2329 bellicosi
1769 2308 1877 2329 muros
1910 2299 2125 2329 circumeant:
2165 2297 2303 2336 septimo

1334 2350 1442 2374 autem
1464 2342 1515 2373 die
1545 2342 1672 2382 septies.
1716 2341 1857 2372 Puerilis
1886 2344 1954 2371 erat
1981 2339 2137 2371 circuitus
2158 2339 2213 2370 ille
2236 2339 2303 2379 ple-

1334 2396 1458 2425 nusque
1482 2385 1630 2416 ludibrio.
1672 2384 1796 2415 Parent
1819 2382 2030 2414 nihilominus
2054 2383 2208 2413 mandato
2231 2381 2304 2420 Dei,

1335 2439 1440 2468 neque
1473 2428 1590 2459 ludunt
1623 2436 1768 2467 operam:
1801 2425 1938 2457 feliciter
1971 2425 2056 2456 enim
2091 2424 2234 2456 succedit
2267 2431 2304 2456 ut

1334 2472 1528 2510 promissum
1559 2470 1623 2501 illis
1652 2471 1765 2500 fuerat.
1810 2468 1944 2499 Certum
1975 2473 2023 2499 est
2047 2476 2111 2498 non
2135 2467 2304 2499 hominum

1335 2515 1484 2551 elamore,
1509 2512 1561 2545 vel
1578 2513 1726 2552 strepitu,
1749 2520 1808 2542 nee
1831 2511 1983 2551 clangore
2002 2511 2154 2541 tubarum
2178 2510 2304 2541 moenia

1335 2558 1509 2588 corruisse:
1543 2555 1598 2587 sed
1629 2555 1705 2595 quia
1733 2553 1876 2593 speravit
1907 2553 2044 2593 populus
2074 2553 2157 2593 quod
2181 2563 2215 2584 se
2238 2552 2303 2584 fac-

1336 2605 1446 2630 turum
1470 2598 1631 2631 Dominus
1653 2597 1855 2638 promiserat.
1892 2596 1983 2628 Haec
2006 2605 2130 2636 quoque
2152 2596 2187 2626 111
2211 2604 2302 2626 usum

1337 2648 1485 2673 nostrum
1502 2640 1742 2673 accommodare
1758 2639 1846 2671 licet:
1871 2639 1947 2679 quia
1967 2648 2070 2679 neque
2092 2638 2186 2670 aliter
2208 2647 2303 2678 quam

2471 1365 2490 1623 tff.-.-·.-p,p*›
2471 1256 2487 1349 ,ιιι-χ.
2475 1202 2483 1243 -..
