2513 3126
114 185 177 216 289

1016 184 1165 217 CAPUT
1188 185 1230 217 V.

2054 191 2120 222 290

114 283 221 320 geant.
267 277 377 319 Neque
406 277 492 310 enim
523 277 629 310 carnis
659 279 832 319 torporem,
862 278 918 311 sed
942 279 1084 319 quietem
1138 289 1156 309 a
1185 279 1310 311 Christi
1340 290 1471 320 corpore
1501 290 1559 312 nos
1588 284 1727 321 separat.
1777 281 1941 314 Audimus
1971 284 2113 323 qualiter

114 321 190 354 fidei
213 321 305 353 nobis
329 321 445 353 afferre
468 320 573 353 debet.

200 408 229 439 8.
255 407 360 439 Sobrii
381 409 478 448 estote,
507 406 640 448 viyilate,
669 407 745 447 quia
766 405 968 438 adversarius
990 407 1085 437 vester

113 450 266 491 diabolus,
290 452 438 490 tanquam
459 450 502 482 leo
523 450 656 491 ruyiens,
685 449 802 488 circuit,
825 457 975 496 quaerens
996 457 1085 488 quem

113 495 242 526 devoret.
294 494 325 525 9.
356 492 415 525 Oui
443 493 576 524 resistite
598 492 686 532 firmi
712 491 781 530 fide,
811 492 940 522 scientes
962 491 1084 522 easdem

107 537 271 577 passiones
300 538 418 568 vestrae
446 545 525 576 quae
558 535 591 566 in
612 533 726 565 mundo
747 534 791 565 est
811 532 1005 573 fraternitati
1027 533 1083 565 ad-

113 580 247 620 impleri.
294 578 342 610 10.
364 578 454 610 Deus
475 579 576 610 autem
598 576 698 608 omnis
721 575 850 616 gratiae,
881 576 936 615 qui
957 585 1014 607 nos
1034 585 1084 607 vo-

114 623 194 653 cavit
216 622 250 653 in
273 624 427 653 aeternam
449 629 539 652 suam
558 619 694 660 yzoriam
714 628 771 658 per
791 617 950 650 Christum
966 618 1082 659 Iesum,

108 665 274 705 paulisper
301 664 433 703 afflictos
448 663 515 703 ipse
536 671 588 693 vos
611 660 764 701 perficiat,
792 661 956 701 confirmet,
985 671 1084 693 corro-

114 708 202 746 boret,
223 707 371 739 stabiliat.
410 705 460 736 11.
483 703 528 736 Ei
547 704 650 745 gloria
671 705 699 736 et
720 704 887 744 imperium
909 705 943 736 in
960 703 1084 737 saecula

113 749 312 783 saeculorum.
356 747 467 779 Amen.

198 835 227 866 8.
259 832 364 865 Sobrii
393 834 489 865 estote.

112 887 228 917 nempe
257 876 332 916 quia
352 875 416 907 illis
441 875 561 907 bellum
584 878 634 907 est
657 886 730 908 cum
754 875 846 907 hoste
868 876 1026 908 acerrimo
1050 879 1083 907 et

111 919 344 961 potentissimo,
377 922 412 950 ut
443 918 483 949 ad
513 918 731 950 resistendum
753 918 870 950 intenti
894 919 969 951 sint.
1014 918 1083 950 Du-

110 961 186 1003 plici
208 966 316 993 autem
340 961 531 1001 metaphora
554 961 674 993 utitur:
697 966 734 993 ut
757 960 855 993 sobrii
878 962 954 1003 sint,
978 966 1011 993 et
1026 971 1082 993 ex-

109 1004 219 1036 cubias
235 1008 343 1045 agant.
378 1003 551 1045 Ignaviam
570 1009 602 1036 et
618 1013 769 1036 somnum
785 1004 917 1045 crapula
932 1010 1082 1045 generat:

108 1047 154 1079 ita
176 1047 272 1079 etiam
297 1047 353 1088 qui
376 1057 410 1078 se
433 1047 570 1079 terrenis
593 1047 680 1079 curis
707 1051 764 1079 aut
788 1047 1010 1087 voluptatibus
1032 1047 1081 1078 in-

109 1090 288 1131 gurgitant,
313 1089 471 1131 spirituali
487 1096 624 1122 veterno
646 1090 802 1131 oppressi,
827 1090 908 1121 nihil
928 1090 1081 1131 cogitant.

110 1132 204 1165 Nunc
240 1136 389 1165 tenemus
424 1132 561 1173 apostoli
599 1138 753 1164 mentem.
811 1132 912 1165 Nobis
950 1133 983 1164 in
1020 1132 1082 1165 hoc

109 1176 232 1208 mundo
254 1175 460 1207 militandum
483 1186 552 1208 esse
575 1175 668 1207 dicit:
693 1186 730 1208 ac
753 1176 919 1216 negotium
938 1185 1008 1208 esse
1027 1175 1082 1207 ad-

109 1223 221 1250 monet
243 1229 315 1251 cum
337 1218 429 1250 hoste
452 1229 516 1250 non
538 1218 676 1259 vulgari,
698 1218 755 1250 sed
778 1219 832 1259 qui
854 1219 959 1250 instar
979 1218 1082 1251 leonis

110 1261 174 1294 huc
205 1261 283 1293 illuc
315 1262 461 1299 cursitet,
499 1267 633 1301 paratus
670 1261 710 1293 ad
746 1261 937 1293 vorandum.
993 1261 1081 1293 Hinc

109 1303 221 1336 sedulo
243 1304 470 1336 excubandum
488 1314 558 1336 esse
574 1304 706 1344 colligit.
742 1304 864 1336 Eodem
888 1308 1080 1345 argumento

109 1347 254 1379 studium
283 1352 432 1379 nostrum
462 1347 549 1379 acuit
582 1347 705 1379 Paulus
737 1352 829 1379 sexto
858 1347 899 1379 ad
922 1346 1081 1388 Ephesios

108 1390 227 1430 capite,
257 1400 359 1431 quum
391 1389 469 1421 dicit
499 1400 564 1421 non
594 1400 663 1422 esse
692 1390 784 1422 nobis
814 1394 978 1422 certamen
1008 1400 1080 1422 cum

108 1442 207 1465 carne
236 1438 268 1465 et
297 1433 465 1474 sanguine,
496 1433 552 1464 sed
575 1443 648 1465 cum
671 1432 892 1474 spiritualibus
915 1433 1081 1474 nequitiis,

109 1478 169 1507 etc.
204 1476 288 1508 Pace
311 1476 397 1508 enim
421 1480 457 1507 ut
476 1475 653 1516 plurimum
674 1475 714 1507 ad
731 1475 886 1508 desidiam
902 1475 1080 1508 abutimur:

110 1520 208 1558 atque
240 1518 317 1550 hinc
345 1519 382 1550 fit
412 1522 447 1550 ut
477 1528 535 1550 nos
564 1518 701 1551 subinde
723 1519 824 1551 hostis
846 1519 1081 1551 circumveniat

109 1564 142 1592 et
171 1562 349 1602 opprimat:
383 1561 458 1602 quia
491 1566 647 1602 tanquam
677 1566 770 1593 extra
800 1561 978 1601 periculum
1008 1572 1081 1594 con-

109 1604 223 1644 stituti,
246 1614 304 1644 pro
327 1605 435 1636 carnis
458 1604 551 1636 libitu
567 1604 761 1636 delitiamur.
795 1604 900 1636 Leoni
916 1604 1080 1636 diabolum

108 1652 283 1687 comparat,
315 1657 352 1679 ac
380 1647 408 1679 si
437 1646 558 1679 diceret
588 1647 806 1679 truculentam
836 1657 905 1679 esse
928 1647 1079 1679 belluam.

108 1688 303 1722 Circuire
328 1689 405 1722 dicit
427 1689 467 1721 ad
490 1689 722 1729 devorandum,
746 1695 783 1722 ut
805 1700 864 1721 nos
887 1690 928 1722 ad
944 1691 1080 1722 cavendi

108 1732 252 1764 studium
275 1732 403 1764 excitet.
449 1732 746 1765 Adversarium
770 1733 898 1774 piorum
922 1733 1080 1774 nominat,

109 1778 146 1806 ut
168 1775 271 1807 sciant
295 1775 355 1807 hac
377 1775 448 1816 lege
472 1786 506 1807 se
523 1775 630 1807 Deum
654 1775 766 1815 colere,
790 1780 822 1807 et
839 1775 964 1808 Christi
983 1775 1081 1808 fidem

108 1818 263 1857 profiteri,
288 1823 322 1850 ut
345 1827 416 1850 cum
436 1817 561 1850 diabolo
582 1819 772 1850 continuum
790 1818 911 1851 bellum
928 1819 1079 1851 habeant.

106 1860 220 1933 {Seque
243 1861 329 1892 enim
352 1861 505 1893 membris
535 1864 654 1902 parcet,
686 1863 740 1902 qui
764 1872 837 1894 cum
860 1862 964 1903 capite
988 1872 1079 1903 proe-

119 1909 213 1935 latur.

192 1947 221 1978 9.
262 1945 323 1980 Cui
355 1946 494 1979 resistite.
551 1946 657 1980 Sicuti
694 1946 797 1979 hostis
835 1947 980 1988 potentia
1019 1958 1079 1980 nos

107 1999 233 2028 acuere,
263 1995 295 2021 et
323 1989 427 2030 magis
449 1989 602 2022 sollicitos
625 1990 759 2022 reddere
783 1990 892 2022 debet:
926 1991 971 2022 ita
994 1992 1078 2031 peri·

106 2032 215 2064 culum
250 2037 334 2064 esset
366 2042 407 2064 ne
440 2033 588 2074 occupati
621 2032 792 2065 immodico
823 2038 947 2065 terrore
977 2034 1078 2065 animi

107 2075 331 2115 conciderent,
365 2074 427 2106 nisi
460 2085 532 2116 spes
564 2076 718 2108 victoriae
748 2075 985 2108 ostenderetur.
1037 2076 1077 2108 Id

106 2127 184 2158 ergo
217 2129 305 2150 nunc
339 2118 406 2159 agit
437 2118 616 2158 apostolus,
650 2124 686 2151 ut
714 2119 852 2151 sciamus
886 2129 1077 2160 prosperum

106 2161 174 2193 fore
198 2161 274 2193 belli
297 2166 460 2198 eventum,
483 2161 511 2192 si
534 2161 663 2202 quidem
682 2162 861 2194 militemus
877 2162 936 2194 sub
952 2162 1077 2194 Christi

106 2203 236 2236 vexillo.
278 2203 433 2244 Quisquis
456 2203 543 2235 enim
566 2204 628 2236 fide
651 2205 830 2237 instructus
854 2205 888 2236 in
911 2210 1076 2237 certamen

106 2246 293 2285 descendet,
334 2256 408 2278 eum
446 2246 514 2277 fore
553 2253 639 2279 certo
678 2248 834 2280 victorem
874 2249 1076 2289 pronuntiat.

105 2289 337 2328 Resistite,
375 2289 489 2329 inquit.
546 2289 581 2321 Si
615 2290 685 2331 quis
718 2291 862 2323 obiiciat:
897 2291 1076 2332 quomodo?

105 2331 309 2373 Respondet,
338 2332 371 2363 in
403 2332 465 2363 fide
495 2332 573 2364 satis
596 2343 664 2365 esse
687 2334 905 2365 firmitudinis.
951 2334 1076 2366 Paulus

106 2385 143 2406 eo
165 2385 259 2415 quem
285 2385 390 2415 nuper
422 2375 519 2406 citavi
543 2374 609 2406 loeo
633 2375 764 2417 (Ephes.
789 2377 818 2415 6,
845 2377 898 2418 13)
930 2377 1076 2418 singulas

105 2423 289 2450 armaturae
310 2424 420 2458 partes
444 2422 598 2449 recenset.
632 2418 719 2451 ldem
744 2424 852 2451 tamen
876 2425 925 2452 est
947 2431 1074 2452 sensus:

106 2460 192 2500 quia,
224 2465 306 2493 teste
333 2461 489 2500 Iohanne,
523 2470 588 2492 una
614 2461 692 2493 fides
723 2462 856 2494 victoria
887 2467 998 2495 nostra
1028 2467 1076 2495 est

106 2502 262 2534 adversus
284 2503 452 2535 mundum.

193 2545 326 2577 Seientes
359 2547 480 2578 easdem
509 2546 681 2585 passiones.
736 2547 850 2580 Altera
887 2548 1074 2590 consolatio,

105 2588 188 2628 quod
224 2589 316 2620 nobis
348 2599 420 2620 cum
455 2589 605 2621 omnibus
632 2589 706 2621 filiis
735 2591 795 2622 Dei
826 2601 997 2623 commune
1027 2597 1075 2624 est

103 2635 278 2663 certamen.
325 2632 408 2662 Nam
432 2632 611 2672 periculose
635 2642 691 2664 nos
715 2636 817 2665 tentat
837 2634 950 2674 Satan,
974 2644 1073 2675 quum

207 2690 315 2717 Caluini
332 2698 424 2724 opera.
452 2691 510 2717 Vol.
529 2690 589 2717 LV.

534 832 625 864 Haec
648 831 831 864 exhortatio
854 832 952 865 latius
976 836 1081 874 patet:

1138 321 1282 353 animum
1306 322 1363 354 Iob
1387 323 1561 363 percellere
1583 327 1717 356 conatus
1741 324 1798 356 sit:
1824 325 1947 366 respice
1965 326 2005 357 ad
2022 337 2111 359 sanc-

1138 367 1198 404 tos,
1221 375 1263 396 an
1288 364 1373 396 ullus
1389 376 1501 398 eorum
1517 366 1581 398 tale
1597 366 1718 407 aliquid
1735 378 1848 407 passus
1865 369 1907 399 sit
1922 368 2004 410 (Iob.
2022 369 2052 408 5,
2071 370 2112 411 1).

1138 406 1166 437 E
1194 416 1351 439 converso
1385 408 1437 441 hic
1465 409 1628 449 apostolus
1659 419 1718 441 nos
1749 416 1872 450 monet,
1907 410 1988 442 nihil
2019 412 2113 444 nobis

1136 449 1293 487 accidere,
1328 451 1414 491 quod
1449 462 1513 483 non
1544 452 1579 483 in
1609 451 1742 492 reliquis
1774 453 1926 486 ecclesiae
1955 455 2113 486 membris

1136 500 1318 524 cernamus.
1363 494 1466 525 Porro
1490 495 1624 527 minime
1646 495 1826 527 recusanda
1849 496 1940 528 nobis
1964 501 2012 528 est
2035 508 2110 529 oum

1136 535 1257 581 sanctis
1276 536 1425 568 omnibus
1442 538 1588 576 societas,
1612 537 1662 570 vel
1678 537 1794 569 similis
1810 538 1960 571 conditio.
1996 539 2109 579 Quum

1137 575 1214 607 dicit
1237 578 1462 618 adimpleri
1492 580 1647 612 easdem
1677 581 1915 621 passiones,
1948 582 2113 622 significat

1136 618 1220 659 quod
1250 619 1328 651 dicit
1352 621 1473 654 Paulus
1499 623 1537 654 ad
1564 623 1666 655 Colos.
1693 623 1720 661 1,
1744 623 1796 662 24,
1828 624 1938 664 perfici
1969 625 2112 664 quotidie

1136 662 1170 693 in
1194 661 1342 694 fidelibus
1365 674 1447 704 quae
1470 665 1586 697 desunt
1609 666 1814 706 passionibus
1833 665 1970 698 Christi.
2006 667 2112 699 Parti-

1136 704 1225 744 cula,
1255 715 1357 745 quae
1385 707 1427 737 in
1457 708 1606 740 mundo
1636 712 1718 746 est,
1754 709 1903 740 bifariam
1927 714 2034 750 potest
2056 721 2111 742 ex·

1136 747 1228 788 poni:
1262 747 1313 780 vel
1348 749 1433 789 quod
1468 752 1649 790 promiscue
1684 751 1801 792 ubique
1835 753 1983 793 gentium
2018 752 2111 785 Deus

1135 789 1247 822 fideles
1270 801 1345 823 suos
1369 796 1535 824 exerceat:
1559 794 1610 825 vel
1634 794 1720 834 quod
1744 794 1907 826 militandi
1923 795 2110 836 necessitas,

1135 833 1292 874 quamdiu
1315 834 1348 865 in
1372 835 1494 866 mundo
1517 846 1639 875 sumus,
1663 847 1720 869 nos
1743 840 1884 869 maneat.
1923 837 2110 870 Notandum

1135 881 1245 908 autem
1275 876 1362 917 quod
1391 888 1489 918 quum
1513 879 1602 918 prius
1625 879 1761 912 dixisset
1784 890 1843 911 nos
1867 890 1885 911 a
1908 880 2032 912 Satana
2054 891 2111 922 op-

1136 920 1291 960 pugnari,
1325 920 1436 951 statim
1467 931 1562 952 omne
1590 931 1695 962 genus
1721 923 1934 955 afflictionum
1964 933 2111 964 compre-

1136 962 1259 994 hendit.
1316 962 1412 995 Unde
1446 963 1642 1004 colligimus,
1680 975 1808 1005 semper
1841 975 1914 997 cum
1948 966 2110 1006 spirituali

1136 1004 1231 1036 hoste
1255 1006 1347 1037 nobis
1370 1016 1439 1038 esse
1463 1007 1637 1047 negotium,
1666 1007 1863 1048 undecunque
1880 1008 2036 1048 prodeant
2061 1019 2113 1042 res

1134 1047 1299 1080 adversae:
1335 1049 1399 1080 sive
1435 1059 1492 1081 nos
1525 1052 1671 1090 premant
1706 1050 1820 1089 morbi,
1858 1052 1922 1083 sive
1959 1061 2112 1092 aprorum

1134 1091 1285 1123 sterilitas
1312 1091 1428 1132 famem
1455 1093 1601 1131 minetur,
1635 1093 1700 1125 sive
1712 1092 1735 1133 ¹)
1766 1093 1858 1125 nobis
1886 1094 2014 1126 molesti
2044 1095 2111 1127 sint

1134 1133 1294 1166 homines.

1221 1177 1271 1209 10.
1294 1177 1383 1210 Deus
1406 1180 1508 1210 autem
1530 1178 1630 1210 omnis
1654 1178 1785 1219 gratiae.
1832 1178 2007 1219 Postquam
2030 1181 2110 1212 satis

1134 1219 1281 1252 incubuit
1315 1221 1349 1251 in
1385 1221 1594 1262 monitiones,
1628 1231 1716 1253 nunc
1749 1231 1783 1252 se
1818 1221 1858 1252 ad
1892 1223 2109 1262 precationem

1134 1263 1305 1295 convertit.
1340 1263 1425 1295 Nam
1449 1264 1570 1295 frustra
1592 1264 1626 1294 in
1649 1273 1757 1295 aerem
1781 1263 1935 1295 fundetur
1955 1264 2109 1303 doctrina,

1134 1305 1197 1336 nisi
1220 1305 1310 1338 Deus
1334 1316 1392 1347 per
1415 1307 1566 1347 spiritum
1589 1317 1684 1338 suum
1711 1311 1872 1347 operetur.
1918 1307 2026 1348 Atque
2049 1308 2110 1341 hoc

1135 1348 1321 1390 exemplum
1356 1350 1447 1390 sequi
1482 1349 1599 1381 debent
1632 1359 1746 1381 omnes
1781 1349 1845 1381 Dei
1879 1349 2036 1389 ministri,
2074 1357 2111 1383 ut

1135 1401 1318 1424 successum
1342 1391 1396 1424 det
1424 1393 1493 1433 ipse
1523 1402 1636 1424 eorum
1665 1391 1847 1424 laboribus:
1881 1392 2008 1433 quando
2032 1393 2112 1425 alias

1135 1433 1313 1474 plantando
1348 1438 1405 1467 aut
1438 1435 1576 1476 rigando
1605 1435 1689 1467 nihil
1718 1435 1899 1476 proficiunt.
1952 1435 2111 1468 Nonnulli

1134 1477 1262 1510 codices
1291 1477 1414 1510 habent
1442 1478 1588 1510 futurum
1619 1482 1762 1519 tempus,
1796 1489 1832 1510 ac
1867 1478 1894 1509 si
1924 1484 2008 1510 esset
2038 1489 2111 1519 pro-

1134 1520 1261 1552 missio:
1285 1521 1341 1553 sed
1364 1520 1467 1553 altera
1490 1521 1584 1553 lectio
1606 1522 1713 1563 magis
1735 1525 1866 1562 recepta
1889 1523 1947 1553 est.
1987 1521 2109 1561 Quam—

1134 1573 1230 1603 quam
1253 1564 1417 1603 apostolus
1433 1563 1542 1596 Deum
1558 1564 1730 1605 precando,
1753 1564 1851 1596 simul
1867 1573 1922 1595 eos
1937 1564 2109 1597 coufirmat

1133 1607 1254 1646 quibus
1277 1607 1398 1639 scribit.
1434 1607 1518 1638 Nam
1538 1617 1638 1647 quum
1655 1607 1764 1638 Deum
1787 1606 1921 1638 omnis
1943 1608 2109 1648 gratiae

1133 1654 1280 1681 autorem
1314 1654 1495 1690 nuncupat,
1531 1656 1562 1681 et
1592 1650 1658 1681 illis
1691 1654 1823 1682 revocat
1857 1650 1891 1681 in
1921 1650 2109 1682 memoriam

1132 1691 1217 1732 quod
1240 1693 1274 1723 in
1298 1692 1435 1733 gloriam
1458 1697 1624 1725 aeternam
1648 1693 1754 1725 vocati
1782 1693 1864 1724 sint:
1895 1692 1960 1724 huc
1983 1694 2109 1733 procul-

1132 1735 1230 1767 dubio
1248 1735 1399 1773 intendit,
1423 1745 1464 1767 ne
1480 1735 1638 1777 dubitent,
1660 1746 1742 1776 opus
1764 1735 1878 1767 salutis
1901 1745 1978 1767 suae
2002 1735 2042 1767 ab
2058 1747 2107 1778 eo,

1132 1778 1187 1818 qui
1212 1778 1324 1818 coepit,
1348 1778 1527 1819 perfectum
1547 1779 1596 1810 iri.
1634 1779 1746 1810 Deus
1769 1778 1903 1810 omnis
1925 1779 2108 1819 gratiae,

1132 1820 1172 1851 ab
1196 1821 1323 1859 effectu,
1354 1831 1445 1853 more
1467 1821 1626 1854 hebraico.
1672 1821 1717 1852 Et
1739 1830 1895 1853 omnem
1925 1821 2108 1862 gratiam

1132 1864 1326 1895 nominatim
1354 1865 1525 1905 exprimit:
1560 1865 1704 1905 primum
1734 1868 1771 1896 ut
1801 1864 1927 1896 discant
1949 1863 2107 1905 quidquid

1131 1910 1181 1938 est
1216 1906 1373 1938 bonorum
1407 1906 1529 1940 referre
1563 1909 1731 1948 acceptum
1760 1907 1846 1939 Deo:
1882 1906 1999 1938 deinde
2028 1908 2108 1941 alias

1131 1950 1298 1981 cumaliis
1327 1950 1450 1991 gratias
1472 1950 1685 1992 coniungere,
1721 1953 1757 1981 ut
1787 1959 1910 1988 earum,
1937 1959 2020 1990 quae
2044 1951 2106 1983 sibi

1132 1992 1239 2024 adhuc
1262 1992 1389 2032 desunt,
1412 1994 1628 2026 accessionem
1651 1993 1685 2024 in
1709 1993 1853 2024 futurum
1875 1996 2019 2033 sperent.

1220 2036 1281 2075 Qui
1312 2036 1428 2068 vocavit
1456 2047 1519 2069 nos.
1566 2036 1637 2068 Hoc
1667 2038 1717 2077 (ut
1740 2034 1821 2076 dixi)
1850 2035 1891 2066 ad
1922 2036 2105 2076 augendam

1131 2077 1282 2110 fiduciam
1307 2079 1408 2111 valet:
1444 2079 1519 2120 quia
1542 2079 1633 2111 Deus
1667 2089 1731 2110 non
1755 2078 1898 2110 bonitate
1922 2078 2015 2110 modo
2036 2089 2105 2120 sua,

1130 2121 1185 2153 sed
1220 2121 1384 2153 beneficiis
1417 2123 1515 2154 etiam
1550 2126 1744 2163 provocatur
1770 2120 1810 2152 ad
1841 2131 1900 2152 nos
1931 2121 2036 2162 magis
2066 2132 2105 2154 ac

1131 2164 1235 2205 magis
1269 2164 1441 2197 iuvandos.
1497 2165 1566 2196 Nec
1599 2164 1790 2205 simpliciter
1822 2164 2001 2195 vocationis
2035 2175 2104 2196 me-

1130 2207 1238 2247 minit,
1268 2207 1323 2239 sed
1354 2207 1446 2240 docet
1475 2217 1630 2248 quorsum
1661 2206 1767 2239 vocati
1798 2206 1881 2237 sint:
1915 2216 2033 2247 nempe
2063 2207 2104 2239 ad

1130 2255 1294 2281 aeternam
1317 2249 1467 2291 gloriam.
1511 2251 1685 2283 Praeterea
1709 2249 1887 2281 vocationis
1909 2248 2102 2282 fundamen-

1129 2298 1200 2324 tum
1228 2294 1342 2324 statuit
1372 2294 1406 2324 in
1429 2293 1570 2326 Christo.
1616 2293 1789 2332 Utrunque
1811 2292 1852 2323 ad
1875 2293 2104 2332 perpetuitatis

1128 2335 1278 2367 fiduciam
1310 2335 1407 2368 valet.
1452 2336 1537 2368 Nam
1569 2336 1594 2368 si
1618 2335 1742 2367 vocatio
1771 2340 1882 2366 nostra
1911 2336 1946 2365 in
1969 2334 2102 2367 Christo

1128 2378 1262 2410 fundata
1286 2383 1344 2416 est,
1368 2383 1400 2410 et
1422 2379 1579 2420 pertingit
1602 2379 1642 2411 ad
1663 2378 1802 2410 coeleste
1818 2377 1881 2408 Dei
1906 2387 2044 2418 regnum
2068 2382 2101 2410 et

1127 2421 1255 2453 beatam
1279 2422 1569 2454 immortalitatem:
1606 2422 1680 2452 hinc
1703 2420 1858 2461 sequitur,
1889 2430 1954 2452 non
1977 2421 2100 2453 fluxam

1127 2475 1197 2496 esse
1219 2475 1277 2496 nec
1297 2464 1462 2496 caducam.
1497 2464 1612 2496 Obiter
1632 2464 1731 2495 etiam
1748 2463 1923 2495 observare
1939 2464 2101 2503 convenit,

1126 2513 1225 2548 quum
1250 2507 1327 2539 dicit
1356 2507 1395 2538 in
1425 2507 1593 2539 Christo
1617 2517 1676 2538 nos
1699 2510 1829 2538 vocatos
1852 2516 1931 2545 esse,
1959 2507 2100 2547 primum

1127 2550 1263 2582 stabiliri
1286 2551 1501 2591 vocationem,
1524 2550 1598 2591 quia
1620 2549 1717 2590 probe
1740 2549 1877 2580 fundata
1900 2550 1958 2581 sit:
1984 2549 2100 2582 deinde

1216 2644 1238 2676 ¹)
1255 2644 1386 2677 utcunque

1848 2694 1879 2720 19
