2513 3126
271 229 335 261 375

275 326 418 366 undique
449 326 649 364 impetuntur
677 322 735 354 filii
759 322 831 360 Dei,
863 322 922 354 huc
945 322 994 364 (ut
1017 322 1173 364 diximus)
1197 332 1243 354 ra-

274 370 362 400 tione
392 378 444 399 eos
474 370 513 398 ad
546 365 716 397 resistendi
749 366 964 397 constantiam
994 365 1117 396 animat
1147 371 1243 406 atque

276 411 435 447 hortatur,
459 408 543 449 quod
569 408 628 439 sub
651 407 715 439 Dei
739 408 891 448 auspiciis
915 408 1065 444 militant,
1096 418 1132 440 nc
1156 413 1243 440 certo

274 458 385 485 tenent
424 453 493 483 eius
530 451 648 491 spiritu
682 461 716 482 se
749 451 827 491 regi.
884 450 980 482 Nunc
1014 455 1122 482 autem
1157 450 1243 482 unde

273 496 390 527 notitia
424 495 479 526 illa
512 494 653 525 maxime
685 494 822 533 petenda
853 493 909 532 sit,
942 493 1102 525 admonet.
1156 493 1243 525 Dicit

274 539 374 579 igitur
397 536 503 569 Deum
536 537 568 567 in
593 536 724 568 Christo
756 536 847 567 nobis
877 536 923 566 ita
946 546 1015 567 csso
1038 536 1241 576 patefactum,

273 586 311 612 ut
342 580 405 611 ium
437 579 527 611 nulla
557 579 598 610 sit
630 579 809 610 haesitandi
833 579 923 610 ratio.
969 578 1041 610 Non
1066 583 1185 610 temere
1208 579 1241 610 in

272 623 356 654 hanc
390 628 514 663 partem
543 621 700 654 incumbit
730 621 910 662 apostolus:
944 621 1007 653 nisi
1033 623 1119 653 enim
1142 621 1242 653 solide

273 667 305 697 in
330 664 400 696 Deo
429 665 562 697 fundata
589 665 630 696 sit
654 664 743 703 fides,
775 673 938 704 nunquam
969 664 1054 696 firmi
1077 665 1110 695 in
1135 674 1243 705 pugna

274 708 439 740 stabimus.
485 707 556 739 Hoc
580 707 713 739 consilio
737 707 828 738 docet
852 707 1016 747 apostolus
1039 717 1098 739 nos
1122 707 1243 739 Christi

275 750 430 782 beneficio
453 754 668 790 consequutos
691 759 760 781 esse
783 754 905 781 certam
923 750 989 781 veri
1008 749 1069 781 Dei
1089 750 1243 788 notitiam,

274 798 311 825 ut
334 803 400 825 non
420 794 614 824 fluctuemus
635 793 758 824 incerti.
795 791 944 824 Verum
968 791 1075 824 Deum
1092 792 1244 833 intelligit

273 846 338 867 non
364 845 523 873 veracem,
559 835 614 866 sed
644 845 716 866 eum
747 835 803 875 qui
833 845 867 867 re
889 844 966 867 vera
988 835 1078 867 Deus
1108 840 1173 867 est:
1208 839 1244 865 ut

275 889 348 910 eum
373 878 412 910 ab
435 878 529 910 idolis
550 877 699 909 omnibus
723 877 893 910 discernat.
938 877 989 909 Ita
1013 888 1109 910 verus
1131 877 1243 909 fictitio

276 921 456 962 opponitur.
493 921 552 952 Est
575 922 660 952 enim
685 920 848 962 ἀληθινὸς,
872 931 936 952 non
953 920 1088 962 ἀληθής.
1123 920 1242 959 Quem-

274 964 445 996 admodum
470 963 583 995 Iohan.
606 964 655 999 17,
678 964 708 1001 3,
733 965 811 996 haec
834 968 884 995 est
903 963 969 995 vita
992 970 1131 1001 aeterna,
1156 968 1190 993 ut
1214 967 1244 993 te

273 1011 466 1047 cognoscant
502 1016 612 1038 verum
644 1005 765 1045 Deum,
799 1012 831 1037 et
865 1016 961 1046 quem
989 1006 1105 1037 misisti
1136 1005 1243 1036 Iesum

274 1049 451 1081 Christum.
497 1049 629 1081 Christo
660 1054 768 1080 autem
801 1049 858 1080 has
888 1054 996 1089 partes
1028 1049 1097 1079 iure
1121 1047 1244 1087 tribuit,

274 1098 310 1123 ut
341 1097 464 1123 mentes
496 1098 622 1124 nostras
649 1092 681 1122 in
706 1091 769 1123 Dei
793 1092 943 1122 notitiam
967 1091 1115 1122 illustret.
1160 1089 1242 1120 Nam

274 1145 374 1175 quum
398 1135 493 1166 unica
516 1134 558 1165 sit
581 1134 754 1166 invisibilis
779 1134 839 1165 Dei
863 1134 979 1174 imago,
1007 1143 1106 1173 quum
1130 1133 1244 1164 unicus

275 1178 378 1218 patris
401 1178 571 1218 interpres,
594 1187 694 1217 quum
719 1187 805 1208 unus
828 1178 871 1208 sit
891 1177 976 1208 vitae
1000 1176 1156 1207 director:
1181 1175 1244 1206 imo

274 1220 353 1259 vita,
375 1219 434 1251 lux
457 1220 578 1259 mundi,
601 1224 633 1251 et
656 1219 790 1251 veritas:
821 1219 916 1251 simul
940 1223 1036 1258 atque
1059 1217 1098 1249 ab
1123 1227 1160 1249 eo
1183 1216 1245 1248 dis-

275 1263 440 1301 cessimus,
464 1273 523 1294 nos
539 1263 572 1293 in
590 1262 754 1303 figmentis
770 1261 890 1293 nostris
906 1271 1099 1293 evanescere
1115 1269 1244 1292 necesse

276 1311 335 1337 est.
367 1305 498 1337 Dicitur
514 1310 619 1337 autem
637 1304 788 1337 Christus
804 1304 894 1335 nobis
917 1302 1243 1344 intelligentiam

276 1348 460 1387 dedisse,
483 1357 549 1379 non
565 1347 660 1379 modo
677 1348 751 1387 quia
767 1345 926 1387 evangelii
943 1345 1088 1378 doctrina
1103 1345 1244 1377 ostendit

275 1390 425 1431 quisnam
448 1391 490 1422 sit
514 1401 610 1422 verus
631 1390 730 1427 Deus,
765 1395 796 1420 et
819 1389 934 1429 spiritu
958 1398 1084 1429 quoque
1107 1399 1164 1419 suo
1188 1398 1244 1420 nos

274 1433 451 1465 illuminat:
475 1433 530 1465 sed
554 1433 627 1473 quia
650 1433 682 1463 in
706 1432 838 1464 Christo
860 1431 930 1471 ipso
954 1432 1061 1463 Deum
1086 1430 1243 1462 habemus

274 1475 308 1508 in
326 1486 421 1508 carne
437 1476 689 1515 manifestatum,
706 1481 742 1506 ut
757 1474 863 1514 inquit
876 1474 996 1506 Paulus
1008 1473 1145 1516 (Ooloss.
1157 1474 1187 1512 2,
1199 1473 1242 1515 9),

275 1518 534 1559 quandoquidem
551 1519 584 1549 in
602 1528 638 1549 eo
657 1517 782 1549 habitat
797 1517 903 1548 omnis
922 1516 1090 1558 plenitudo
1106 1516 1241 1554 deitatis,

1095 226 1235 257 EPIST.
1259 226 1487 260 IOHANNIS

2201 231 2263 262 376

1297 324 1435 365 primore
1470 327 1597 354 nostrae
1628 332 1700 354 oum
1725 322 1795 354 Deo
1825 323 1976 356 unitatis:
2011 335 2047 357 ac
2076 324 2103 357 si
2133 324 2263 359 diceret,

1297 376 1355 398 nos
1378 367 1410 397 in
1437 366 1504 397 Deo
1527 375 1596 396 esse
1619 375 1677 406 per
1700 364 1876 398 Christum.

1382 409 1444 440 llic
1472 410 1514 439 est
1540 417 1631 439 verus
1653 407 1750 440 Deus.
1796 409 1938 441 Tametsi
1962 409 2047 442 hunc
2070 409 2174 442 locum
2198 410 2263 442 elu-

1295 451 1371 482 derc
1396 451 1510 482 Ariani
1540 451 1645 481 conati
1674 455 1758 489 sunt,
1790 456 1821 482 et
1847 451 1910 483 illis
1938 451 2031 483 hodie
2053 452 2262 485 subscribunt

1296 493 1441 534 quidam:
1484 493 1535 524 hic
1575 497 1682 524 tamen
1720 493 1846 534 insigne
1886 494 2042 526 habemus
2082 494 2262 527 divinitatis

1297 536 1416 568 Christi
1437 535 1587 576 elogium.
1628 536 1742 567 Ariani
1766 536 1966 568 transferunt
1985 536 2045 570 hoc
2061 538 2100 569 ad
2121 542 2261 579 patrem:

1297 579 1387 619 quasi
1417 577 1578 618 apostolus
1607 589 1679 610 eum
1712 589 1824 610 rursus
1855 580 2018 619 praedicet
2047 590 2116 612 esse
2148 591 2261 613 verum

1297 622 1413 653 Deum.
1466 621 1567 661 Atqui
1602 621 1696 653 nimis
1730 621 1846 663 frigida
1879 626 1964 654 esset
1995 623 2152 662 repetitio.
2204 623 2262 656 Bis

1296 665 1359 695 iam
1392 668 1528 694 testatus
1558 668 1627 695 erat
1651 674 1762 696 verum
1792 674 1861 696 esse
1885 664 2003 705 Deum,
2033 665 2087 706 qui
2115 665 2205 698 nobis
2229 666 2261 697 in

1297 707 1423 738 Christo
1447 706 1605 737 innotuit:
1629 717 1781 746 quorsum
1806 717 1882 739 mox
1904 707 2086 746 subiiceret,
2109 707 2174 740 hic
2200 712 2263 740 est

1297 759 1420 781 verus
1451 748 1587 780 Deus?
1630 748 1670 780 In
1700 749 1867 781 Christum
1899 760 1977 781 vero
2006 751 2148 791 apposite
2177 760 2262 783 com-

1298 792 1386 833 petit.
1421 791 1598 831 Postquam
1622 791 1709 822 enim
1728 791 1894 824 Christum
1919 792 2024 824 docuit
2046 803 2116 825 esse
2139 793 2263 832 ducem,

1297 835 1387 866 cuius
1409 844 1508 865 manu
1532 833 1572 865 ad
1595 832 1703 865 Deum
1727 834 1911 876 dirigimur:
1936 846 2021 867 nunc
2044 835 2263 876 amplificandi

1297 887 1394 909 causa
1417 876 1586 908 Christum
1609 887 1680 908 esse
1702 876 1811 908 Deum
1835 877 1926 909 illum
1950 878 2102 918 affirmat,
2128 889 2167 910 ne
2190 888 2263 919 pro-

1297 920 1349 951 cul
1373 919 1590 960 quaerendum
1615 925 1776 960 putemus.
1821 919 1921 960 quue
1946 921 2115 952 confirmat
2138 920 2261 962 epithe-

1297 967 1365 993 tum
1397 962 1509 993 vitae
1539 967 1746 993 aeternae.
1794 962 1842 994 De
1872 973 1936 994 uno
1967 968 2054 995 certe
2084 974 2120 996 ac
2150 963 2261 995 eodem

1297 1010 1470 1044 utrumque
1500 1004 1673 1044 praedicat,
1705 1004 1788 1045 quod
1812 1015 1909 1036 verus
1932 1005 1973 1037 sit
1994 1005 2094 1044 Deus,
2129 1017 2165 1038 ac
2196 1006 2262 1037 vita

1297 1052 1436 1079 aeterna.
1472 1046 1597 1078 Omitto
1621 1047 1703 1087 quod
1726 1048 1897 1079 relativum
1914 1046 2005 1085 οὗτος
2021 1047 2061 1079 ad
2080 1049 2261 1088 proximam

1297 1100 1465 1130 personam
1489 1090 1644 1130 restringi
1667 1090 1758 1122 solet.
1802 1090 1874 1122 Hoc
1898 1090 1976 1129 dico,
2000 1090 2168 1123 Christum
2192 1102 2262 1131 pro-

1297 1133 1364 1173 prie
1403 1133 1502 1164 vitam
1543 1137 1708 1164 aeternam
1747 1133 1867 1165 vocari:
1911 1136 1943 1165 et
1984 1133 2069 1165 hunc
2109 1133 2262 1174 loquendi

1297 1185 1417 1206 morem
1442 1174 1581 1206 Iohanni
1605 1186 1675 1207 esse
1697 1180 1897 1216 perpetuum,
1926 1176 2037 1216 negari
2061 1186 2126 1208 non
2149 1180 2265 1217 potest.

1297 1217 1435 1250 Summa
1461 1222 1523 1255 est,
1552 1218 1607 1250 ubi
1636 1218 1803 1250 Christum
1834 1218 2003 1259 habemus,
2035 1229 2095 1250 nos
2124 1228 2202 1250 vero
2233 1223 2266 1251 et

1298 1266 1428 1292 aeterno
1457 1259 1529 1292 Deo
1559 1261 1637 1299 frui,
1671 1261 1747 1301 quia
1776 1269 1842 1292 nou
1872 1261 1948 1293 alibi
1978 1261 2182 1301 quaerendus
2205 1262 2264 1293 sit:

1298 1303 1413 1334 deinde
1444 1313 1503 1334 nos
1534 1303 1578 1334 ita
1602 1304 1686 1335 vitae
1709 1308 1857 1335 aeternae
1880 1304 1949 1335 fieri
1976 1304 2156 1345 participes,
2189 1304 2266 1344 quia

1297 1346 1330 1376 in
1350 1354 1441 1386 patre
1462 1345 1651 1377 abscondita
1675 1346 1764 1378 nobis
1791 1346 1822 1378 in
1839 1345 1971 1378 Christo
1988 1346 2132 1378 offertur.
2167 1347 2264 1378 Vitae

1297 1388 1425 1428 quidem
1457 1389 1546 1429 origo
1570 1394 1617 1420 est
1644 1392 1751 1429 pater:
1781 1389 1836 1421 sed
1867 1389 1947 1429 fons,
1978 1399 2018 1421 ex
2047 1399 2109 1430 quo
2133 1389 2265 1421 haurire

1296 1431 1379 1468 licet,
1403 1430 1554 1463 Christus
1577 1436 1633 1463 est.

1381 1473 1431 1504 21.
1458 1474 1615 1506 Custodite
1644 1484 1696 1506 vos
1718 1473 1756 1506 ab
1785 1474 1886 1507 idolis.
1939 1474 2082 1506 Tametsi
2112 1473 2265 1506 distincta

1296 1520 1344 1548 est
1373 1517 1545 1557 sententia,
1576 1521 1625 1549 est
1654 1522 1762 1548 tamen
1795 1517 1882 1549 velut
1904 1516 2066 1558 appendix
2089 1517 2265 1557 superioris

274 1563 307 1592 et
335 1561 516 1593 absconditi
546 1566 621 1592 sunt
643 1570 754 1592 omnes
777 1559 930 1592 scientiae
953 1564 984 1591 et
1006 1559 1242 1600 intelligentiae
1266 1549 1270 1590 Ι
1295 1559 1467 1591 doctrinae.
1508 1559 1592 1590 Nam
1617 1560 1744 1592 vivifica
1765 1559 1823 1591 lux
1844 1559 2005 1601 evangelii
2028 1570 2092 1591 non
2116 1559 2265 1592 tenebras

273 1603 429 1636 thesauri.
481 1604 532 1636 Ita
564 1604 603 1634 fit
636 1608 673 1634 ut
705 1603 876 1643 conspicua
908 1602 1145 1643 quodammodo
1179 1601 1242 1633 Dei

274 1647 372 1679 facies
405 1646 495 1679 nobis
523 1647 556 1678 in
581 1645 713 1678 Christo
741 1646 892 1678 reluceat.
937 1645 1011 1677 Non
1041 1645 1125 1685 quod
1153 1644 1242 1676 nulla

276 1688 374 1721 fuerit
389 1695 465 1721 ante
481 1689 605 1721 Christi
621 1688 807 1726 adventum,
826 1688 879 1720 vel
895 1687 992 1720 dubia
1008 1688 1069 1719 Dei
1085 1687 1242 1729 cognitio:

273 1731 330 1764 sed
364 1733 440 1772 quia
473 1742 559 1764 nunc
593 1742 627 1764 se
660 1731 789 1772 plenius
823 1735 855 1762 et
887 1732 978 1772 quasi
1012 1730 1052 1762 ad
1084 1730 1242 1771 liquidum

273 1775 438 1816 patefecit.
480 1774 590 1816 Atque
619 1774 681 1806 hoc
714 1778 762 1806 est
791 1773 874 1815 quod
906 1773 981 1805 dicit
1003 1773 1127 1805 Paulus
1151 1773 1182 1805 2.
1204 1773 1243 1804 ad

275 1817 423 1850 Corinth.
448 1817 477 1857 4,
499 1818 530 1857 6,
563 1817 671 1849 Deum
703 1817 757 1858 qui
791 1816 885 1848 iussit
917 1816 993 1848 olim
1027 1827 1068 1848 ex
1102 1816 1244 1848 tenebris

276 1859 380 1892 lucem
397 1860 621 1901 splendescere
636 1860 669 1891 in
687 1859 848 1892 creatione
864 1859 983 1897 mundi,
1000 1870 1086 1891 nunc
1099 1859 1245 1891 illuxisse

277 1902 426 1935 cordibus
463 1903 582 1935 nostris
617 1913 674 1943 per
707 1902 866 1944 fulgorem
900 1902 1093 1943 cognitionis
1125 1902 1246 1943 gloriae

278 1956 372 1985 suae,
409 1946 442 1977 in
476 1946 557 1978 facie
590 1945 722 1978 Christi.
779 1945 828 1976 Ac
861 1945 1037 1976 notandum
1072 1949 1134 1985 est,
1169 1944 1247 1977 solis

280 1988 389 2019 electis
411 1988 572 2028 peculiare
595 1998 665 2020 esse
687 1987 749 2020 hoc
772 1988 903 2019 donum.
937 1987 1098 2019 Omnibus
1117 1987 1245 2028 quidem

279 2030 460 2070 promiscue
494 2031 655 2072 evangelii
688 2032 737 2061 sui
771 2030 871 2062 facem
902 2030 1051 2062 Christus
1083 2030 1245 2062 accendit:

280 2073 337 2104 sed
369 2083 433 2104 non
466 2074 614 2105 omnibus
643 2073 790 2105 oculatae
819 2078 896 2104 sunt
925 2076 1050 2104 mentes
1073 2073 1112 2104 ad
1138 2073 1246 2105 viden—

281 2115 373 2146 dum:
409 2116 488 2155 quin
522 2117 628 2156 potius
651 2115 759 2147 velum
789 2115 950 2148 caecitatis
978 2116 1087 2147 multis
1117 2116 1247 2148 obducit

282 2157 395 2189 Satan.
427 2157 553 2190 Lucem
576 2169 652 2198 ergo
674 2158 836 2198 apostolus
858 2158 1018 2199 intelligit,
1042 2169 1135 2199 quam
1160 2159 1248 2190 intus

282 2200 430 2232 accendit
447 2200 600 2232 Christus
618 2202 651 2232 in
669 2200 819 2233 cordibus
836 2211 977 2241 suorum,
1000 2206 1032 2233 et
1049 2211 1132 2241 quae
1147 2201 1248 2233 semel

282 2253 414 2275 accensa
430 2254 595 2284 nunquam
617 2243 842 2284 exstinguitur,
861 2244 988 2275 etiamsi
1006 2245 1039 2275 in
1055 2243 1247 2285 quibusdam

282 2285 323 2317 ad
346 2290 474 2326 tempus
497 2286 646 2318 suffocari
668 2286 833 2317 interdum
856 2286 1031 2328 contingat.

371 2328 488 2360 Sumus
519 2329 554 2360 in
586 2338 666 2361 vero.
721 2328 793 2360 Hoc
830 2329 929 2360 verbo
966 2330 1116 2361 admonet
1152 2339 1248 2370 quam

284 2371 399 2403 efficax
422 2373 463 2402 sit
486 2372 628 2412 cognitio
649 2371 713 2408 illa,
737 2371 828 2403 cuius
847 2371 1009 2403 meminit:
1033 2372 1109 2412 quia
1127 2372 1248 2404 scilicet

283 2424 341 2454 per
364 2423 432 2445 eam
458 2414 630 2446 inserimur
652 2414 685 2445 in
709 2413 885 2452 Christum,
916 2419 947 2446 et
970 2425 1070 2446 unum
1093 2415 1250 2447 efficimur

284 2467 357 2488 cum
381 2456 461 2488 Deo.
498 2457 616 2488 Vivam
638 2457 725 2488 enim
749 2456 889 2488 radicem
912 2456 1017 2496 habet,
1041 2468 1077 2490 ac
1101 2457 1249 2489 cordibus

285 2500 416 2539 penitus
439 2500 590 2531 infixam:
614 2509 676 2540 qua
697 2500 734 2531 fit
757 2504 792 2530 ut
814 2499 902 2531 vivat
924 2499 958 2530 in
981 2500 1072 2532 nobis
1095 2499 1195 2541 Deus,
1218 2504 1249 2531 et

285 2552 344 2572 nos
372 2543 405 2573 in
433 2542 511 2582 ipso.
558 2542 719 2581 Quoniam
743 2542 814 2574 sine
836 2541 951 2583 copula
977 2543 1066 2583 dicit,
1100 2553 1174 2575 nos
1206 2543 1248 2574 in

285 2594 382 2616 vero
414 2595 521 2626 esse,
551 2585 592 2617 in
622 2584 717 2617 filio
750 2585 854 2624 eius,
884 2585 1013 2618 videtur
1039 2585 1170 2617 modum
1193 2596 1248 2617 ex·

1293 1601 1396 1640 modo,
1426 1601 1481 1633 sed
1512 1602 1646 1634 nebulas
1676 1612 1801 1643 quoque
1830 1612 1941 1634 omnes
1972 1601 2129 1634 discutere
2159 1606 2191 1633 et
2219 1603 2264 1634 fu-

1293 1654 1370 1685 gare
1400 1655 1440 1676 ex
1470 1645 1595 1686 piorum
1623 1645 1786 1677 mentibus
1813 1645 1917 1677 debet.
1962 1644 2029 1677 Nec
2050 1643 2264 1676 idololatriam

1294 1687 1389 1718 modo
1419 1687 1552 1719 damnat
1582 1687 1755 1729 apostolus,
1789 1687 1844 1719 sed
1875 1687 2032 1729 praecipit
2055 1692 2130 1718 uta
2152 1687 2263 1719 simul-

1294 1730 1376 1761 acris
1405 1730 1482 1771 ipsis
1510 1735 1656 1762 caveant.
1701 1730 1774 1770 Quo
1796 1731 1958 1771 significat
1980 1739 2046 1761 non
2069 1740 2162 1770 posse
2181 1730 2263 1762 inte-

1295 1782 1390 1813 grum
1419 1783 1455 1805 ac
1477 1774 1638 1805 sincerum
1662 1773 1726 1805 Dei
1747 1773 1870 1805 cultum
1892 1773 2035 1812 retineri,
2066 1773 2200 1805 simulac
2222 1773 2264 1804 si-

1297 1815 1439 1847 mulacra
1471 1820 1624 1856 appetere
1664 1816 1812 1848 homines
1851 1817 2020 1856 incipiunt.
2087 1815 2144 1848 Sic
2177 1816 2264 1847 enim

1297 1858 1388 1889 nobis
1418 1859 1565 1899 ingenita
1593 1863 1642 1891 est
1673 1859 1868 1900 superstitio,
1903 1861 1939 1890 ut
1966 1858 2098 1890 minima
2121 1868 2266 1899 quaeque

1297 1900 1421 1932 occasio
1444 1912 1502 1932 nos
1524 1902 1716 1942 contagione
1739 1912 1798 1934 sua
1820 1902 1953 1934 inficiat.
1988 1901 2061 1933 Non
2085 1906 2153 1932 tam
2175 1900 2267 1933 facile

1298 1943 1422 1974 ardebit
1443 1943 1570 1984 lignum
1593 1944 1720 1976 aridum
1743 1944 1880 1976 carbone
1903 1944 2056 1982 subiecto,
2084 1953 2181 1984 quam
2203 1944 2266 1976 cito

1299 1985 1479 2018 idololatria
1494 1986 1663 2017 hominum
1679 1990 1805 2019 mentes
1820 1987 1956 2028 corripit
1971 1991 2003 2019 et
2018 1990 2162 2027 occupat,
2190 1986 2266 2017 dum

1298 2028 1362 2060 illis
1392 2029 1527 2060 materia
1556 2029 1714 2061 obiicitur.
1759 2029 1842 2069 Quis
1872 2034 1981 2061 autem
2003 2029 2177 2061 simulacra
2200 2039 2266 2060 non

1299 2071 1387 2104 videt
1419 2070 1578 2103 scintillas
1608 2073 1699 2103 esse?
1749 2072 1836 2112 Quid
1865 2072 2021 2104 scintillas
2051 2071 2143 2103 dico?
2195 2071 2266 2102 Imo

1299 2115 1405 2154 potius
1433 2112 1517 2146 faces
1546 2124 1628 2154 quae
1651 2114 1691 2146 ad
1715 2116 1813 2146 totius
1836 2115 1950 2146 mundi
1973 2113 2155 2146 incendium
2178 2113 2264 2144 suffi-

1299 2157 1397 2189 ciant.
1440 2156 1641 2197 Quamquam
1674 2157 1837 2197 apostolus
1866 2168 1930 2189 non
1961 2157 2000 2188 de
2028 2156 2142 2188 statuis
2171 2154 2266 2187 modo

1299 2199 1459 2240 loquitur:
1490 2199 1545 2231 sed
1574 2209 1647 2231 aras
1671 2200 1767 2231 etiam
1791 2205 1822 2231 et
1845 2200 1979 2240 quaevis
2000 2198 2265 2240 superstitionum

1299 2242 1517 2274 instrumenta
1538 2242 1792 2282 comprehendit.
1833 2242 1975 2274 Ridiculi
1996 2251 2089 2282 porro
2111 2242 2189 2272 sunt
2211 2250 2266 2281 pa-

1300 2286 1402 2326 pistae
1432 2285 1487 2325 qui
1518 2284 1578 2316 hoc
1600 2283 1640 2316 ad
1662 2287 1785 2317 statuas
1807 2284 1897 2317 Iovis
1919 2288 1952 2316 et
1982 2284 2135 2315 Mercurii
2169 2288 2201 2314 et
2224 2283 2266 2314 si·

1300 2328 1425 2359 milium
1452 2327 1659 2367 detorquent:
1689 2328 1781 2367 quasi
1804 2337 1881 2359 vero
1904 2337 1970 2358 non
1992 2325 2188 2367 generaliter
2210 2325 2267 2356 do-

1301 2375 1370 2403 ceat
1386 2369 1556 2411 apostolus,
1574 2369 1702 2410 pietatis
1717 2379 1786 2401 esse
1801 2369 2024 2410 corruptelam,
2044 2368 2099 2400 ubi
2114 2377 2267 2409 corporea

1302 2413 1371 2445 Deo
1392 2413 1499 2454 figura
1521 2412 1694 2453 affingitur,
1723 2412 1776 2443 vel
1805 2411 1858 2443 ubi
1881 2413 2052 2453 eriguntur
2075 2411 2114 2442 ad
2137 2411 2261 2442 cultum

1301 2461 1427 2487 statuae
1444 2460 1476 2487 et
1492 2456 1644 2496 picturae.
1682 2454 1928 2486 Meminerimus
1952 2465 2028 2495 ergo
2050 2454 2084 2485 in
2106 2452 2267 2494 spirituali

1303 2498 1364 2530 Dei
1386 2498 1477 2531 cultu
1499 2499 1544 2530 ita
1565 2497 1699 2530 sollicite
1721 2497 1917 2529 manendum
1941 2507 2019 2535 esse,
2051 2501 2085 2528 ut
2111 2494 2266 2537 quidquid

1302 2551 1360 2572 nos
1393 2541 1434 2573 ad
1467 2550 1590 2573 crassas
1623 2544 1655 2571 et
1687 2539 1832 2571 carnales
1861 2540 2107 2581 superstitiones
2137 2539 2266 2570 flectere

1303 2589 1417 2625 potest,
1440 2583 1552 2625 procul
1575 2593 1593 2615 a
1615 2582 1707 2615 nobis
1729 2592 1905 2615 arceamus.
