2513 3126
146 204 205 234 101

145 303 298 334 vitiosum
323 301 384 332 erit
407 300 528 331 foedus.
574 300 681 330 Huius
709 300 823 331 obiecti
856 300 956 331 facilis
987 306 1036 330 est
1066 311 1112 330 so-

147 347 236 378 lutio.
281 343 424 376 Tametsi
448 344 533 374 enim
557 343 678 374 crimen
704 342 813 373 violati
841 342 976 373 foederis
999 342 1115 381 populo

147 391 216 422 iure
233 390 420 428 imputatur,
437 386 491 424 qui
504 395 560 416 sua
577 385 710 424 perfidia
729 384 907 416 desciverat
923 393 943 415 a
956 384 1114 415 Domino:

149 439 257 464 tamon
280 430 377 462 simul
402 435 530 460 notatur
553 428 726 458 infirmitas
745 427 889 465 foederis,
914 427 990 467 quia
1013 426 1114 458 cordi-

147 476 207 507 bus
231 474 422 513 inscriptum
443 481 506 502 non
523 476 623 502 esset:
648 480 723 510 orgo
740 475 774 500 ut
790 476 937 501 sanctum
954 479 991 501 ac
1010 476 1116 500 ratum

148 519 201 558 sit,
230 517 348 557 corrigi
379 521 526 554 oportere
556 513 743 554 pronuntiat
767 511 865 542 Deus.
911 511 1019 550 Quare
1052 522 1115 542 non

147 562 204 593 abs
227 570 261 591 re
289 558 451 599 apostolus
482 555 656 592 contendit,
691 553 911 594 quaerendum
942 553 1040 585 fuisse
1070 563 1116 585 so-

148 603 254 636 cundo
279 603 392 633 locum.

234 646 263 677 8.
295 645 372 676 Ecce
401 642 468 674 dies
496 641 628 672 veniunt.
681 638 730 669 De
764 639 871 669 futuro
902 642 1045 678 tempore
1075 639 1119 670 lo-

149 691 260 730 quitur
289 686 454 727 propheta.
506 683 666 722 Populum
699 682 807 721 arguit
836 681 1001 720 perfidiae,
1035 681 1118 721 quod

148 737 221 774 post
251 735 413 769 acceptam
448 727 551 765 legem
582 726 614 754 in
650 723 712 754 fide
746 733 809 754 non
843 723 994 754 stetisset.
1048 723 1119 754 Lex

144 785 225 816 ergo
255 772 366 804 foedus
396 773 444 801 est
473 767 552 798 illud
583 766 666 806 quod
690 775 709 796 a
730 765 848 805 populo
875 771 1005 806 ruptum
1030 765 1120 796 Deus

148 816 367 857 conqueritur.
404 812 447 844 Ut
471 810 637 841 medeatur
661 808 734 839 huic
751 808 846 848 malo,
869 808 983 839 foedus
1000 818 1120 839 novum

148 866 178 892 et
209 859 248 890 ab
280 857 339 888 hoc
368 855 531 886 diversum
557 851 722 892 promittit,
755 852 844 881 cuius
869 851 1013 882 vaticinii
1034 861 1118 882 com-

148 903 356 943 plementum,
387 896 507 928 veteris
535 893 722 925 testamenti
753 899 802 924 est
832 893 1007 934 abrogatio.
1053 893 1118 926 Sed

146 952 311 986 perperam
336 948 485 980 torquere
504 937 633 968 videtur
655 935 820 976 apostolus
841 936 901 968 hoc
918 937 1117 974 vaticinium,

145 993 180 1019 ut
209 986 247 1016 ad
280 984 463 1015 institutum
495 990 589 1011 suum
620 979 737 1010 trahat.
782 979 846 1011 Hic
869 980 955 1010 enim
978 981 1119 1020 agitatur

143 1030 181 1061 de
210 1027 422 1060 caeremoniis
451 1023 615 1064 quaestio:
651 1021 809 1062 propheta
844 1028 952 1054 autem
984 1023 1023 1054 de
1053 1028 1119 1054 tota

142 1072 213 1113 lege
236 1070 453 1102 concionatur.
500 1065 585 1105 Quid
610 1064 670 1096 hoc
693 1064 733 1095 ad
761 1066 989 1102 caeremonias,
1019 1066 1045 1096 si
1068 1076 1118 1097 re-

141 1115 252 1156 gulam
273 1113 324 1153 pie
344 1117 517 1150 sancteque
535 1106 666 1139 vivendi
690 1107 857 1139 hominum
876 1118 950 1140 voce
970 1112 1001 1140 et
1017 1109 1119 1140 literis

142 1157 302 1198 proditam
326 1154 414 1185 Deus
444 1151 595 1183 cordibus
619 1150 790 1181 inscribit?
837 1151 1038 1191 Respondes,
1070 1161 1118 1182 ar-

141 1206 332 1242 gumentum
357 1207 425 1228 esse
448 1205 467 1226 a
490 1198 556 1225 toto
580 1194 618 1224 ad
643 1199 777 1234 partem.
817 1193 890 1224 Non
913 1194 1045 1225 dubium
1069 1197 1118 1226 est

143 1243 221 1284 quin
245 1240 401 1282 propheta
422 1244 524 1269 totum
545 1237 646 1268 Mosis
669 1236 882 1267 ministerium
906 1236 1117 1277 comprehen-

143 1287 207 1323 dat,
231 1294 328 1324 quum
353 1283 447 1313 dicit:
477 1280 594 1320 Pepigi
617 1279 782 1311 vobiscum
809 1279 920 1311 foedus
943 1280 1027 1320 quod
1052 1289 1115 1312 non

142 1327 305 1360 servastis.
339 1326 440 1357 Porro
457 1323 510 1354 lex
526 1322 736 1354 caeremoniis
752 1322 988 1362 quodammodo
1003 1323 1118 1354 vestie—

142 1371 246 1403 batur.
292 1368 387 1400 Nunc
417 1372 489 1407 post
518 1365 659 1405 corporis
688 1365 858 1396 interitum
882 1366 954 1405 quis
978 1366 1116 1397 vestium

142 1423 220 1445 usus
242 1412 326 1443 erit?
371 1411 499 1442 Tritum
529 1414 577 1439 est
598 1407 679 1438 illud
702 1408 791 1449 vulgi
815 1408 1033 1448 proverbium,
1065 1418 1116 1439 ac-

141 1456 317 1488 cessorium
361 1453 452 1493 sequi
497 1457 647 1482 naturam
694 1451 744 1482 sui
785 1451 980 1492 principalis.
1044 1451 1116 1482 Non

141 1499 259 1530 mirum
283 1497 383 1538 igitur
405 1496 432 1528 si
455 1494 684 1532 caeremoniae,
707 1504 788 1534 quae
813 1494 895 1525 nihil
918 1499 996 1525 sunt
1018 1504 1116 1534 quam

142 1540 334 1582 appendices
356 1539 477 1571 veteris
500 1538 696 1575 testamenti,
720 1536 816 1568 simul
839 1547 910 1568 cum
935 1542 1000 1569 toto
1016 1537 1117 1569 Mosis

141 1584 321 1616 ministerio
349 1583 446 1614 finem
478 1580 629 1611 habeant.
674 1579 786 1620 Neque
810 1579 869 1611 hoc
893 1581 1047 1620 apostolis
1070 1586 1118 1612 est

140 1627 317 1663 insolitum,
350 1624 404 1657 ubi
427 1624 466 1655 de
488 1623 698 1655 caeremoniis
722 1629 770 1653 cst
791 1623 1017 1661 controversia,
1046 1634 1116 1655 sus-

139 1670 246 1710 cipere
269 1668 452 1710 generalem
477 1665 725 1706 disputationem
752 1665 791 1696 de
814 1671 881 1697 tota
904 1665 983 1707 lege.
1028 1666 1117 1707 Ergo

141 1712 266 1744 tametsi
300 1712 397 1742 latius
420 1715 507 1750 patet
533 1709 593 1740 hoc
616 1707 774 1740 Ieremiae
800 1709 991 1740 vaticinium
1020 1719 1116 1749 quam

140 1755 180 1786 ad
203 1754 437 1786 caeremonias:
463 1752 539 1792 quia
558 1756 665 1782 tamen
685 1761 739 1783 eas
757 1751 894 1783 includit
910 1751 969 1783 sub
986 1753 1116 1783 nomine

141 1797 261 1829 veteris
291 1796 487 1834 testamenti,
517 1799 591 1834 apte
622 1795 662 1825 ad
686 1801 886 1834 praesentem
910 1805 1040 1827 causam
1064 1805 1115 1826 ac-

139 1840 372 1872 commodatur.
407 1839 580 1870 Caeterum
608 1847 664 1877 per
688 1837 756 1868 dies
779 1838 866 1876 istos,
890 1848 1026 1878 quorum
1052 1849 1115 1868 me-

140 1883 236 1914 minit
269 1883 442 1923 propheta,
478 1881 620 1911 fatentur
653 1890 764 1911 omnes
799 1880 963 1921 designari
991 1881 1115 1913 Christi

141 1936 296 1965 regnum:
328 1925 413 1956 unde
443 1923 600 1963 sequitur,
629 1922 754 1956 Christi
783 1924 926 1955 adventu
955 1925 1115 1965 corrigen-

142 1968 219 1999 dum
251 1968 349 1999 fuisse
372 1974 467 1999 vetus
491 1972 731 1997 testamentum.
778 1966 948 1997 Domum
979 1967 1114 1998 Israel

140 2016 178 2042 et
208 2011 363 2042 domum
393 2009 495 2042 Iuda
526 2010 681 2048 nominat,
712 2010 795 2048 quod
820 2010 940 2049 posteri
963 2010 1115 2041 Abrahae

140 2055 173 2084 in
205 2054 267 2084 duo
297 2063 398 2094 regna
429 2052 524 2084 divisi
554 2057 656 2082 erant.
709 2052 759 2083 Ita
793 2053 961 2093 promissio
994 2059 1043 2084 est
1077 2053 1115 2084 de

140 2096 290 2127 omnibus
320 2096 431 2128 electis
454 2096 486 2126 in
510 2105 611 2125 unum
634 2105 751 2134 corpus
776 2096 893 2127 iterum
918 2096 1114 2137 colligendis,

141 2146 304 2179 uteunque
328 2139 417 2179 prius
440 2139 600 2178 segregati
624 2137 753 2168 fuerint.

226 2182 255 2214 9.
277 2181 349 2214 Non
371 2182 538 2213 secundum
559 2180 677 2219 foeduS.
712 2180 784 2213 Hoc
800 2182 898 2213 verbo
919 2182 1115 2222 exprimitur

141 2223 314 2256 discrimen
334 2225 421 2256 inter
437 2223 558 2263 foedus,
574 2224 658 2263 quod
678 2230 756 2255 tunc
775 2224 912 2265 vigebat,
937 2231 968 2256 et
985 2236 1114 2263 novum,

141 2267 232 2299 cuius
255 2278 343 2307 spem
368 2268 460 2299 facit:
489 2266 609 2306 alioqui
633 2272 760 2298 tantum
784 2267 919 2299 dixisset
942 2268 1113 2308 propheta:

142 2309 262 2349 foedus,
282 2310 367 2350 quod
387 2316 495 2342 vestra
511 2310 606 2349 culpa
628 2310 776 2350 concidit,
796 2311 1002 2342 instaurabo:
1027 2322 1114 2343 nunc

143 2361 218 2383 vero
251 2354 317 2383 fore
352 2353 507 2384 dissimile
541 2353 734 2383 nominatim
768 2354 965 2393 pronuntiat.
1018 2354 1114 2393 Quod

143 2393 219 2424 dicit
249 2394 358 2426 foedus
392 2406 578 2436 percussum
610 2405 672 2436 quo
696 2396 745 2426 die
769 2406 902 2427 manum
926 2407 1036 2428 eorum
1060 2407 1113 2436 ap-

144 2436 314 2475 prehendit
337 2444 371 2468 ut
394 2449 447 2470 eos
470 2449 487 2470 e
503 2439 660 2470 servitute
677 2444 844 2478 assereret,
868 2440 949 2470 tanti
966 2440 1114 2470 beneficii

143 2481 442 2511 commemoratione
454 2482 574 2513 crimen
588 2481 774 2513 defectionis
787 2488 972 2523 exaggerat.
996 2482 1115 2521 Quam-

143 2530 238 2560 quam
263 2532 328 2552 non
352 2528 479 2554 accusat
502 2524 598 2555 unius
622 2524 741 2555 saeculi
760 2525 1035 2565 ingratitudinem,
1059 2525 1114 2556 sed

144 2572 242 2602 quum
266 2563 312 2593 illi
331 2565 402 2604 ipsi,
426 2567 479 2605 qui
502 2567 628 2598 liberati
653 2568 787 2605 fuerant,
818 2569 967 2608 protinus
991 2567 1113 2599 defece-

143 2607 218 2640 rint,
241 2606 377 2637 subinde
399 2607 433 2637 in
449 2608 560 2639 eadem
577 2609 725 2650 exempla
744 2610 860 2651 relapsi
878 2616 955 2642 sunt
979 2611 1113 2650 posteri:

143 2657 242 2688 quare
277 2652 345 2679 tota
379 2659 457 2689 gens
491 2650 666 2691 foedifraga
699 2651 768 2683 fuit.
822 2653 929 2692 Quum
965 2653 1042 2685 dicit
1074 2663 1114 2685 se

1010 204 1159 237 CAPUT
1184 205 1277 238 VIII.

2091 210 2152 241 102

1168 303 1408 343 neglexisse
1442 304 1492 334 vel
1517 304 1653 344 amplius
1679 316 1739 335 non
1764 314 1892 336 curasse
1916 306 2009 345 ipsos,
2041 307 2143 347 signi-

1167 345 1241 376 ficat
1272 345 1349 376 nihil
1381 345 1439 377 hoc
1473 347 1678 386 profuturum
1702 347 1784 387 quod
1808 347 1907 379 semel
1931 349 1962 379 in
1988 350 2142 389 populum

1169 387 1309 427 adoptati
1333 394 1450 425 essent,
1479 390 1540 421 nisi
1565 399 1648 421 novo
1672 390 1804 421 remedii
1828 400 1946 431 genere
1971 392 2048 431 ipsis
2071 392 2142 423 sub-

1169 431 1287 461 veniat.
1333 430 1538 471 Quamquam
1570 432 1656 463 aliud
1681 432 1829 464 hebraice
1860 433 1937 464 dicit
1971 434 2144 474 propheta:

1169 472 1224 503 sed
1249 472 1308 503 hoc
1330 475 1369 504 ad
1395 479 1595 513 praesentem
1619 475 1839 515 quaestionem
1865 486 1977 515 parum
2001 478 2144 509 interest.

1258 514 1306 546 10.
1331 515 1455 548 Foedus
1476 518 1556 557 quod
1577 518 1752 557 disponam.
1788 517 1863 548 Duo
1884 520 2052 559 praecipua
2069 526 2146 551 sunt

1172 556 1268 588 huius
1299 558 1433 591 foederis
1463 561 1582 599 capita:
1616 561 1705 600 prius
1735 565 1783 592 est
1806 560 1846 591 de
1869 562 2012 600 gratuita
2035 572 2147 603 pecca·

1171 604 1275 630 torum
1299 602 1498 642 remissione,
1529 604 1665 634 alterum
1695 603 1734 635 de
1756 603 1904 634 interiori
1928 605 2072 636 cordium
2097 616 2147 637 re-

1172 642 1380 674 formatione:
1416 646 1547 676 tertium
1577 656 1616 677 ex
1640 646 1781 678 secundo
1805 646 1934 686 pendet,
1967 646 2005 677 de
2028 648 2146 679 illumi-

1172 684 1287 715 nandis
1319 686 1352 716 in
1378 687 1438 718 Dei
1462 688 1609 719 notitiam
1640 689 1810 720 mentibus.
1855 688 1919 720 Hic
1943 689 2046 720 multa
2069 696 2146 721 sunt

1173 732 1285 757 notatu
1309 728 1506 768 dignissima.
1543 731 1688 762 Primum
1713 735 1771 769 est,
1795 731 1879 772 quod
1896 731 1985 763 nullo
2001 733 2146 772 profectu

1173 768 1212 800 ad
1243 779 1277 800 se
1311 780 1368 801 nos
1394 771 1482 802 Deus
1506 778 1606 813 vocat,
1637 774 1788 813 quamdiu
1815 774 1943 805 nonnisi
1978 774 2145 806 hominum

1173 822 1249 843 voce
1273 812 1422 852 loquitur.
1465 814 1566 846 Docet
1589 817 1715 856 quidem
1739 827 1775 849 ac
1799 817 1955 858 praecipit
1977 817 2053 858 quid
2077 828 2146 849 rec·

1173 859 1240 885 tum
1272 856 1330 886 sit:
1362 866 1474 887 verum
1502 858 1585 897 apud
1610 859 1724 891 surdos
1748 860 1845 891 verba
1869 860 1952 891 facit.
1999 860 2093 900 Quod
2118 861 2145 892 si

1172 896 1249 938 quid
1287 897 1438 930 videmur
1475 901 1645 939 exaudire,
1687 907 1810 933 tantum
1852 902 2014 934 feriuntur
2051 913 2146 934 aures

1172 945 1307 972 externo
1331 941 1454 973 sonitu:
1479 953 1533 974 cor
1557 946 1663 974 autem
1684 946 1852 983 pravitatis
1868 950 1899 976 et
1924 946 2146 977 contumaciae

1171 983 1303 1024 plenum
1327 995 1439 1016 sanam
1463 995 1589 1016 omnem
1615 986 1795 1018 doctrinam
1815 988 1947 1028 respuit.
2000 988 2146 1029 Denique

1171 1037 1275 1058 sermo
1293 1027 1353 1058 Dei
1377 1038 1546 1068 nunquam
1569 1029 1602 1059 in
1627 1028 1723 1060 corda
1747 1034 1858 1061 nostra
1881 1035 2028 1070 penetrat
2045 1041 2144 1071 quum

1172 1070 1275 1101 ferrea
1302 1070 1367 1101 sint
1397 1076 1452 1102 aut
1475 1070 1610 1111 lapidea,
1643 1072 1744 1103 donec
1768 1073 1806 1103 ab
1830 1073 1897 1112 ipso
1921 1073 2146 1105 emolliantur:

1171 1112 1235 1144 imo
1266 1114 1459 1144 contrariam
1488 1113 1594 1155 legem
1623 1114 1816 1154 insculptam
1840 1115 1975 1146 habent:
2006 1119 2146 1157 regnant

1171 1156 1257 1186 enim
1282 1156 1347 1188 illic
1371 1157 1513 1196 perversi
1538 1157 1674 1190 affectus
1698 1158 1752 1197 qui
1776 1157 1816 1188 ad
1842 1158 2062 1190 rebellandum
2087 1170 2145 1190 nos

1170 1198 1350 1239 impellunt.
1405 1199 1544 1231 Frustra
1567 1211 1643 1242 ergo
1667 1201 1770 1241 legem
1794 1210 1885 1232 suam
1909 1211 1986 1233 voce
2005 1202 2146 1234 hominis

1172 1242 1259 1273 Deus
1283 1242 1476 1283 promulgat,
1504 1243 1564 1274 nisi
1587 1254 1657 1275 eam
1680 1243 1796 1283 spiritu
1819 1253 1876 1275 suo
1900 1244 2053 1275 inscribat
2075 1254 2144 1276 cor-

1171 1283 1264 1316 dibus
1289 1285 1425 1316 nostris:
1457 1286 1515 1317 hoc
1538 1292 1595 1325 est,
1621 1287 1682 1318 uisi
1705 1287 1739 1317 in
1762 1286 1977 1318 obedientiam
2002 1296 2059 1318 nos
2083 1289 2143 1318 for-

1170 1332 1236 1358 met
1260 1338 1295 1359 ac
1318 1335 1496 1368 componat.
1542 1329 1638 1361 Unde
1664 1333 1754 1370 patet
1777 1329 1853 1369 quid
1877 1329 1984 1361 valeat
2007 1329 2144 1361 liberum

1170 1371 1349 1410 arbitrium,
1381 1376 1412 1403 et
1435 1381 1517 1411 quae
1540 1372 1582 1403 sit
1605 1377 1739 1404 naturae
1762 1371 1931 1411 rectitudo,
1957 1371 2145 1413 priusquam

1171 1424 1229 1445 nos
1253 1413 1343 1445 Deus
1366 1419 1544 1455 regeneret.
1589 1415 1750 1447 Volumus
1776 1415 1906 1455 quidem
1930 1419 1961 1446 et
1984 1414 2146 1456 eligimus,

1170 1455 1266 1496 idque
1296 1463 1427 1497 sponte:
1463 1457 1518 1489 sed
1553 1458 1673 1489 furioso
1707 1467 1806 1499 prope
1840 1458 1962 1498 impetu
1993 1458 2145 1490 voluntas

1171 1499 1272 1530 fertur
1302 1499 1341 1530 ad
1369 1500 1616 1540 repugnandum
1641 1501 1720 1541 Deo,
1753 1511 1812 1533 nec
1841 1511 1874 1533 se
1904 1501 1972 1532 eius
2002 1501 2145 1532 iustitiae

1170 1542 1360 1574 submittere
1384 1542 1450 1574 ullo
1472 1543 1566 1575 modo
1589 1548 1705 1584 potest.
1740 1544 1792 1576 Ita
1815 1545 1853 1576 fit
1876 1549 1911 1575 ut
1933 1543 1987 1575 lex
2003 1544 2144 1575 exitialis

1171 1584 1263 1616 nobis
1293 1585 1336 1616 sit
1365 1596 1401 1617 ac
1424 1586 1600 1625 mortifera,
1630 1586 1783 1627 quamdiu
1814 1587 1847 1617 in
1872 1586 1990 1619 tabulis
2011 1586 2145 1627 lapideis

1170 1628 1289 1668 scripta
1321 1633 1439 1669 manet,
1470 1629 1740 1667 quemadmodum
1771 1629 1868 1661 etiam
1899 1629 1991 1661 docet
2020 1630 2143 1661 Paulus

1170 1670 1353 1711 posterioris
1387 1671 1426 1702 ad
1462 1671 1609 1703 Corinth.
1640 1682 1708 1713 cap.
1732 1673 1766 1712 3,
1798 1672 1827 1703 3.
1884 1672 2031 1713 Denique
2066 1678 2144 1704 tunc

1169 1713 1355 1745 obedienter
1378 1714 1604 1753 amplectimur
1627 1716 1713 1755 quod
1733 1716 1823 1747 Deus
1842 1715 1938 1753 iubet,
1962 1726 2062 1755 quum
2082 1725 2142 1747 suo

1169 1757 1285 1797 spiritu
1316 1757 1458 1788 nativam
1489 1757 1633 1789 cordium
1668 1759 1860 1798 pravitatem
1888 1762 1993 1789 mutat
2016 1763 2048 1789 et
2070 1768 2141 1790 cor·

1169 1800 1262 1840 rigit:
1292 1799 1409 1839 alioqui
1441 1800 1521 1830 nihil
1553 1801 1584 1831 in
1614 1801 1704 1832 nobis
1728 1811 1824 1841 quam
1851 1801 1981 1832 vitiosos
2005 1801 2140 1832 affectus

1168 1847 1199 1874 et
1232 1846 1334 1873 totum
1365 1852 1420 1873 cor
1443 1843 1527 1874 malo
1551 1843 1715 1875 addictum
1739 1844 1887 1885 reperiet.
1933 1843 2030 1875 Clara
2053 1844 2140 1875 enim

1167 1890 1216 1916 est
1239 1886 1408 1925 sententia,
1432 1886 1673 1925 percutiendum
1698 1892 1781 1918 esset
1804 1896 1923 1918 novum
1949 1886 2056 1917 foedus
2076 1896 2142 1926 quo

1168 1928 1254 1969 leges
1288 1938 1362 1959 suas
1396 1928 1544 1960 cordibus
1579 1928 1668 1960 Deus
1703 1929 1876 1970 insculpat:
1911 1930 1987 1969 quia
2021 1929 2140 1969 alioqui

1167 1971 1310 2002 futurum
1341 1971 1381 2001 sit
1410 1970 1549 2004 irritum.
1595 1971 1784 2004 Secundum
1816 1974 1914 2012 caput
1937 1977 1985 2003 est
2007 1971 2046 2003 de
2069 1982 2140 2012 gra-

1168 2014 1250 2045 tuita
1272 2017 1477 2053 peccatorum
1501 2015 1603 2046 venia.
1638 2015 1777 2046 Etiamsi
1800 2015 2012 2055 peccaverint,
2036 2015 2143 2055 inquit

1168 2057 1336 2093 Dominus,
1361 2061 1470 2088 tamen
1492 2058 1667 2098 ignoscam.
1702 2058 1773 2089 Hoc
1795 2067 1921 2098 quoque
1937 2061 2033 2098 caput
2057 2058 2143 2097 plus-

1168 2110 1262 2140 quam
1294 2100 1510 2131 necessarium
1532 2103 1598 2132 est:
1634 2111 1736 2141 neque
1759 2102 1846 2132 enim
1870 2101 1914 2132 sic
1938 2110 2082 2140 unquam
2107 2102 2141 2131 in

1167 2141 1382 2173 obedientiam
1412 2141 1554 2175 iustitiae
1584 2153 1661 2175 suae
1684 2143 1775 2174 Deus
1806 2153 1864 2174 nos
1894 2142 2025 2180 format,
2061 2144 2140 2184 quin

1167 2185 1329 2225 supersint
1360 2184 1454 2215 multi
1478 2186 1584 2217 vitiosi
1615 2186 1721 2218 carnis
1745 2186 1894 2218 affectus:
1925 2186 1990 2217 imo
2014 2190 2138 2217 tantum

1167 2228 1272 2267 aliqua
1296 2237 1334 2258 ex
1358 2232 1450 2267 parte
1473 2229 1647 2270 corrigitur
1670 2234 1805 2260 naturae
1825 2235 1953 2260 nostrae
1970 2229 2140 2260 vitiositas.

1168 2270 1217 2301 Ita
1240 2270 1375 2301 subinde
1399 2269 1557 2302 ebulliunt
1581 2272 1683 2303 malae
1698 2271 1899 2313 cupiditates.
1933 2272 2039 2311 Atque
2064 2272 2139 2303 hinc

1166 2318 1329 2344 certamen
1352 2311 1433 2344 illud
1456 2313 1495 2344 de
1519 2324 1581 2354 quo
1605 2315 1728 2346 Paulus
1751 2315 1959 2355 conqueritur
1982 2313 2092 2355 (Rom.
2110 2315 2140 2351 7,

1168 2355 1229 2397 13),
1259 2360 1294 2386 ut
1324 2355 1367 2395 pii
1400 2365 1464 2387 non
1494 2357 1712 2397 obsequantur
1742 2358 1811 2389 Deo
1840 2363 1876 2388 ut
1907 2357 2052 2396 decebat,
2083 2359 2139 2389 sed

1167 2398 1265 2430 variis
1295 2397 1397 2428 modis
1426 2399 1575 2431 offendat.
1621 2400 1856 2440 Qualecunque
1885 2410 1961 2441 ergo
1984 2400 2067 2432 iuste
2091 2402 2138 2432 vi-

1166 2441 1263 2473 vendi
1293 2441 1334 2471 sit
1363 2441 1396 2471 in
1427 2442 1519 2474 nobis
1542 2442 1754 2474 desiderium:
1784 2444 1831 2475 rei
1855 2447 1964 2474 tamen
1989 2448 2139 2474 aeternae

1167 2484 1278 2515 mortis
1300 2494 1406 2514 coram
1428 2483 1496 2516 Deo
1520 2485 1649 2525 erimus,
1673 2486 1748 2526 quia
1769 2496 1895 2526 semper
1919 2486 2025 2526 procul
2049 2486 2141 2518 abest

1167 2528 1233 2557 vita
1257 2532 1366 2557 nostra
1389 2536 1407 2557 a
1430 2527 1510 2567 legis
1533 2528 1738 2567 perfectione.
1782 2529 1880 2560 Nulla
1903 2539 1979 2569 ergo
2003 2529 2139 2560 foederis

1166 2570 1227 2600 erit
1265 2568 1437 2608 stabilitas,
1478 2570 1540 2601 nisi
1577 2571 1717 2611 gratuito
1754 2571 1845 2602 nobis
1883 2576 2011 2611 peccata
2048 2571 2139 2602 Deus

1167 2613 1321 2652 ignoscat.
1368 2611 1542 2644 Caeterum
1572 2613 1632 2645 hoc
1661 2613 1826 2654 singulare
1850 2614 2057 2655 privilegium
2090 2620 2137 2644 est

1167 2654 1318 2692 fidelium,
1343 2655 1396 2694 qui
1427 2655 1525 2687 semel
1549 2655 1692 2687 oblatum
1723 2658 1755 2687 in
1780 2655 1913 2688 Christo
1938 2657 2046 2688 foedus
2070 2666 2136 2686 am-

1897 2715 1927 2739 71·
