2513 3126
272 198 311 228 19

274 295 414 333 novatio,
436 305 530 334 quam
554 294 632 325 coeli
657 303 780 332 quoque
801 291 900 323 veluti
920 292 1169 332 parturientium
1194 293 1245 324 de-

272 337 390 369 siderio
414 341 610 376 exspectant,
642 335 702 366 nisi
727 334 810 375 quod
834 335 873 365 ad
898 335 1064 366 interitum
1089 346 1175 367 nunc
1198 336 1243 367 in-

271 380 415 412 clinant?
462 380 634 410 Caeterum
674 378 872 418 perpetuitas
906 376 1038 415 Christi,
1077 387 1159 417 quae
1193 378 1244 410 hic

272 422 528 458 commendatur,
567 421 719 452 eximiam
759 421 851 451 affort
890 421 949 460 piis
987 420 1245 459 consolationem,

272 475 351 504 quos
375 466 443 495 eius
467 464 532 494 fore
557 463 729 504 participes
754 463 894 503 psalmus
918 462 1047 493 tandem
1071 463 1244 495 concludit.

272 505 550 547 Quemadmodum
568 506 720 538 Chi-istus
743 516 776 537 se
799 511 831 536 et
853 516 912 537 sua
935 505 1059 545 corpori
1080 516 1138 537 suo
1161 516 1243 538 oom-

271 551 423 581 manicat.

358 592 407 622 13.
430 591 484 623 Ad
507 601 594 631 quem
616 601 687 622 vero
707 591 892 631 anyelorwn.
928 591 1056 622 Rursus
1075 591 1138 622 alio
1158 591 1245 623 testi—

271 634 378 666 monio
402 633 527 666 Christi
551 634 781 674 praestantiam
807 633 949 664 extollit:
979 638 1014 664 ut
1038 633 1113 664 inde
1139 639 1244 674 pateat

271 683 428 717 quantum
467 677 606 708 emineat
643 686 741 716 supra
779 676 920 716 angelos.
978 676 1084 707 Locus
1122 679 1172 708 est
1205 687 1244 708 ex

271 720 402 752 Psalmo
420 720 491 760 110,
509 720 536 755 1,
561 719 614 759 qui
639 719 767 750 nonnisi
790 718 829 750 de
845 718 977 750 Christo
994 719 1110 758 exponi
1128 723 1243 760 potest.

271 763 354 794 Nam
389 773 487 802 quum
523 762 652 802 regibus
686 762 776 793 nefas
813 761 911 793 fuerit
948 762 1108 802 attingere
1142 772 1245 794 sacer-

271 806 405 843 dotium,
438 811 517 836 teste
540 805 639 836 Uziae
670 804 776 844 lepra:
806 809 839 835 et
869 810 994 836 constet
1017 815 1120 844 neque
1143 804 1244 836 Davi-

271 848 354 885 dem,
379 858 482 888 neque
507 847 605 878 alium
622 847 806 888 quempiam
831 858 871 878 ex
896 847 987 887 regni
1008 847 1245 879 successoribus

271 891 468 923 sacerdotem
499 890 595 921 fuisse
619 890 819 921 ordinatum:
850 891 1004 929 sequitur,
1035 896 1100 921 tam
1125 900 1244 922 novum

271 944 407 975 regnum
432 943 525 973 quam
552 943 668 964 novum
694 932 909 964 sacerdotium
934 932 986 963 hic
1005 932 1124 971 induci,
1148 943 1244 973 quum

271 977 355 1008 idem
380 987 437 1007 rex
461 981 491 1006 et
515 976 664 1007 sacerdos
689 976 905 1007 constituitur.
952 974 1121 1006 Praeterea
1144 982 1245 1007 aeter—

272 1020 355 1050 nitas
387 1018 557 1050 sacerdotii
586 1018 619 1049 in
650 1018 754 1050 solum
779 1018 945 1050 Christum
971 1019 1129 1058 competit.
1176 1019 1244 1050 Iam

272 1063 364 1093 initio
397 1060 513 1101 psalmi
547 1060 724 1093 collocatur
758 1061 797 1092 ad
830 1061 891 1092 Dei
927 1061 1102 1092 dexteram.
1156 1060 1246 1100 Quae

270 1104 415 1144 loquutio
438 1103 488 1145 (ut
518 1104 582 1135 iam
615 1103 694 1146 dixi)
725 1104 857 1144 perinde
888 1103 973 1134 valet
1001 1114 1037 1135 ac
1066 1104 1092 1134 si
1116 1103 1247 1135 daretur

271 1147 318 1178 illi
347 1146 510 1179 secundus
533 1157 552 1177 a
582 1153 670 1186 patre
700 1146 797 1179 locus.
843 1146 903 1178 Est
929 1147 1015 1177 enim
1046 1147 1247 1187 metaphora,

276 1200 356 1230 quae
386 1189 546 1231 significat
576 1189 668 1220 illum
699 1190 799 1230 patris
830 1199 900 1221 esse
923 1189 1093 1228 vicarium,
1121 1194 1153 1220 et
1181 1190 1244 1230 pri-

277 1233 414 1264 marium
447 1232 589 1273 legatum
620 1233 651 1263 in
680 1237 839 1272 potestate
870 1232 1063 1269 exercenda,
1099 1237 1134 1264 ut
1157 1238 1247 1273 pater

276 1280 391 1316 regnet
420 1285 479 1316 par
501 1285 633 1306 manum
656 1275 734 1306 eius.
780 1275 884 1306 Nemo
908 1280 956 1306 est
979 1275 1168 1315 angelorum
1193 1276 1247 1315 qui

274 1324 341 1349 tam
373 1318 582 1349 honorificam
618 1328 785 1358 personam
817 1318 982 1349 sustineat.
1034 1318 1123 1359 Ergo
1152 1318 1247 1358 longe

274 1361 424 1392 omnibus
447 1360 612 1401 praecellit
635 1360 796 1392 Christus.

359 1403 466 1436 Donec
479 1413 605 1443 ponam.
640 1402 801 1443 Quoniam
820 1413 984 1443 nunquam
1006 1403 1121 1435 desunt
1137 1404 1247 1435 hostes

274 1446 405 1478 Christo
436 1447 488 1486 qui
519 1457 654 1487 regnum
686 1447 753 1478 eius
784 1452 983 1486 oppugnent,
1016 1446 1116 1477 videri
1138 1453 1247 1487 posset

274 1501 337 1520 non
358 1499 425 1520 esse
446 1495 536 1520 extra
553 1489 748 1529 periculum:
773 1490 961 1529 praesertim
984 1500 1082 1529 quum
1107 1490 1248 1529 polleant

273 1532 402 1573 magnis
427 1532 547 1563 viribus
571 1532 625 1572 qui
648 1532 726 1563 illud
753 1537 899 1563 evertere
922 1532 1110 1570 moliuntur,
1141 1532 1247 1563 varias

274 1574 415 1606 habeant
438 1580 532 1613 artes,
555 1575 675 1606 furioso
699 1585 826 1606 rursum
852 1575 974 1615 impetu
999 1575 1108 1606 omnia
1131 1585 1246 1607 conen·
1274 1581 1275 1595 ³

275 1625 338 1648 tur.
390 1617 486 1649 Certe
520 1618 548 1648 si
582 1623 767 1658 reputemus
801 1628 883 1658 quae
917 1622 992 1649 sunt
1023 1622 1100 1648 ante
1131 1618 1247 1656 oculos,

274 1660 404 1691 videtur
427 1659 562 1691 subinde
585 1661 746 1691 ruiturum
763 1660 885 1692 Christi
905 1671 1051 1700 regnum.
1087 1660 1152 1692 Sed
1170 1661 1248 1692 haec

275 1703 445 1743 promissio
477 1708 598 1734 metum
628 1703 720 1734 nobis
750 1714 877 1734 omnem
903 1703 1025 1741 adimit,
1058 1704 1143 1743 quod
1167 1714 1248 1734 nun-

274 1756 369 1785 quam
394 1745 581 1777 detrahetur
604 1745 756 1777 Christus
780 1757 820 1777 ex
843 1757 900 1777 sua
922 1746 1011 1777 sede:
1040 1748 1118 1786 quin
1142 1747 1247 1787 potius

274 1787 385 1819 hostes
419 1798 492 1819 suos
529 1798 641 1820 omnes
679 1793 872 1829 prosternet.
927 1789 1001 1820 Duo
1034 1789 1136 1830 igitur
1169 1789 1248 1820 haec

275 1830 418 1862 notanda
434 1837 520 1867 sunt,
537 1841 701 1871 nunquam
719 1832 862 1871 quietum
879 1832 944 1863 sore
961 1831 1085 1863 Christi
1102 1842 1247 1872 regnum,

273 1873 329 1905 sed
362 1873 477 1904 multos
507 1874 574 1904 fore
601 1874 649 1905 illi
671 1875 805 1906 infestos
828 1884 846 1904 a
869 1875 983 1914 quibus
1007 1875 1168 1906 turbetur:
1197 1875 1248 1906 de-

275 1916 349 1947 inde
372 1916 527 1956 quidquid
551 1923 649 1957 agant
672 1917 791 1955 hostes,
815 1928 980 1957 nunquam
998 1917 1246 1958 praevalituros:

275 1959 349 1999 quia
365 1958 488 1990 Christi
513 1961 610 1991 sessio
633 1959 672 1990 ad
696 1960 796 1999 patris
821 1959 985 1991 dexteram
1012 1971 1075 1992 non
1095 1963 1145 1992 est
1167 1965 1246 1991 tem-

275 2002 413 2042 poraria,
445 2002 499 2032 sed
524 2012 624 2042 usque
647 2002 686 2033 ad
711 2003 808 2033 finem
832 2003 954 2034 mundi.
999 2003 1114 2043 Itaque
1137 2013 1248 2034 omnes

273 2045 327 2084 qui
360 2045 429 2075 eius
460 2045 596 2084 imperio
627 2055 662 2076 se
692 2056 755 2076 non
787 2045 1006 2083 submiserint,
1039 2046 1248 2086 proterendos

275 2141 316 2160 an
341 2135 418 2160 tunc
440 2130 619 2161 finiendum
642 2131 685 2161 sit
708 2131 830 2162 Christi
859 2142 993 2172 regnum
1019 2142 1117 2171 quum
1141 2131 1248 2163 hostes

274 2183 349 2203 suos
386 2174 614 2212 prostraverit:
655 2174 846 2213 respondeo,
888 2180 1081 2214 perpetuum
1119 2174 1247 2214 quidem

276 2216 354 2253 fore,
386 2215 442 2246 sed
466 2225 502 2246 eo
525 2216 618 2247 modo
641 2227 734 2256 quem
759 2216 882 2248 Paulus
906 2216 1048 2248 declarat
1071 2217 1184 2257 prioris
1208 2217 1247 2247 ad

277 2256 464 2289 Corinthios
488 2259 592 2298 capite
617 2259 664 2296 15,
689 2259 740 2290 25.
787 2258 842 2291 Sic
865 2260 950 2290 enim
983 2260 1166 2291 habendum
1190 2264 1247 2296 est,

276 2293 383 2331 Deum
407 2305 485 2331 tunc
509 2301 600 2332 nobis
624 2302 656 2332 in
680 2313 713 2333 se
736 2302 804 2342 ipso
827 2303 1058 2342 appariturum,
1085 2303 1139 2344 qui
1162 2312 1248 2333 nunc

274 2344 309 2373 in
344 2342 476 2374 Christo
514 2348 639 2375 tantum
675 2344 745 2375 vult
779 2346 937 2385 cognosci.
993 2345 1107 2386 Neque
1141 2350 1247 2376 tamen

1027 195 1168 228 EPIST.
1193 195 1256 228 AD
1281 195 1528 227 HEBltAEOs

2233 197 2275 230 20

1299 293 1382 324 Nam
1416 293 1475 324 hac
1507 299 1597 332 parte
1621 293 1802 333 superiores
1825 298 1903 324 sunt
1925 293 2086 334 corporeis
2108 295 2272 328 creaturis.

1299 335 1363 368 Sed
1396 334 1573 376 λειτουργία
1603 346 1697 376 quam
1729 336 1805 376 ipsis
1835 336 1986 367 continuo
2015 341 2087 376 post
2115 336 2271 377 assignat,

1298 379 1383 418 cogit
1407 389 1460 409 eos
1485 379 1515 408 in
1541 377 1702 409 ordinem:
1732 383 1840 419 utpote
1871 388 1951 418 quae
1974 379 2120 418 opposita
2143 382 2193 410 est
2216 379 2272 411 do-

1299 421 1407 452 minio.
1461 421 1561 460 quue
1593 422 1778 461 expressius
1814 421 1953 452 declarat
1989 431 2089 461 quum
2124 421 2201 454 dicit
2231 423 2272 454 in

1300 463 1572 494 ministerium.
1607 463 1704 494 Prius
1727 464 1809 494 enim
1835 464 2013 504 epithetum
2039 464 2170 503 perinde
2187 465 2272 497 valet

1300 516 1335 537 ac
1358 506 1384 537 si
1409 505 1544 536 dixisset
1566 516 1636 538 esse
1659 505 1840 538 officiarios.
1887 507 2028 538 Ministri
2052 517 2128 538 vero
2153 517 2271 539 nomen

1300 548 1454 580 humilius
1485 554 1532 579 est
1562 558 1599 580 ac
1629 549 1794 581 abiectius.
1847 549 1906 580 Est
1938 549 2065 590 quidem
2099 549 2274 583 honorifica

1299 592 1436 622 servitus
1471 601 1566 631 quam
1602 591 1744 632 iniungit
1774 592 1864 623 Deus
1898 593 2038 633 angelis:
2075 591 2134 624 hoc
2166 597 2273 624 tamen

1299 635 1366 674 ipso
1386 633 1468 674 quod
1486 634 1644 673 serviunt,
1669 640 1757 675 patet
1773 634 1868 675 longe
1890 635 2034 675 dispares
2054 645 2123 666 esse
2139 635 2273 667 Christo

1299 677 1351 717 qui
1371 676 1529 707 Dominus
1552 681 1600 708 est
1616 677 1770 709 omnium.
1805 676 1842 709 Si
1859 678 1929 718 quis
1946 678 2082 714 obiiciat,
2106 677 2273 710 Christum

1300 720 1447 750 similiter
1471 719 1579 750 vocari
1610 720 1830 760 compluribus
1852 720 1929 752 locis
1953 726 1985 752 et
2008 731 2135 752 servum
2160 725 2192 752 et
2216 721 2274 752 mi-

1300 764 1447 803 nistrum,
1470 772 1527 793 nec
1547 762 1606 793 Dei
1626 762 1730 799 modo,
1754 762 1809 794 sed
1828 768 1974 794 nostrum
1992 774 2127 804 quoque,
2155 763 2273 795 solutio

1298 806 1331 836 in
1364 811 1513 845 promptu
1545 810 1602 842 est,
1633 814 1699 835 non
1731 815 1800 836 esse
1823 805 1881 837 hoc
1905 811 2048 844 naturae,
2080 806 2134 837 sed
2159 806 2273 838 volun-

1299 849 1399 879 tariae
1423 847 1665 885 exinanitionis,
1697 847 1966 887 quemadmodum
1990 853 2128 880 testatur
2151 849 2274 880 Paulus

1298 891 1452 931 (Philipp.
1477 890 1505 927 2,
1531 890 1581 931 7):
1611 895 1643 921 et
1669 890 1793 921 interea
1825 901 1955 923 manere
1986 891 2030 922 illi
2061 891 2273 923 nihilominus

1299 934 1457 964 illibatum
1482 944 1576 964 suum
1601 933 1828 973 principatum.
1865 933 1988 965 Contra
2011 939 2117 965 autem
2143 934 2273 974 angelos

1300 977 1332 1006 in
1365 976 1449 1007 hunc
1481 976 1577 1006 finem
1608 980 1732 1007 creatos
1761 986 1830 1007 esse
1859 981 1894 1006 ut
1916 977 2075 1014 serviant,
2111 982 2275 1017 totamque

1300 1029 1412 1050 eorum
1436 1018 1652 1050 conditionem
1678 1018 1855 1050 ministerio
1874 1019 2040 1050 contineri.
2075 1019 2163 1061 Ergo
2188 1030 2275 1061 mag-

1302 1073 1377 1092 num
1414 1068 1461 1092 cst
1496 1061 1684 1093 discrimen:
1723 1062 1799 1102 quia
1832 1061 1915 1102 quod
1951 1062 2001 1093 his
2036 1062 2183 1094 naturale
2217 1068 2273 1101 est,

1302 1104 1430 1136 Christo
1455 1109 1502 1135 cst
1525 1104 1616 1144 quasi
1640 1104 1864 1143 adventitium,
1896 1105 2002 1136 carnis
2027 1109 2154 1136 nostrae
2177 1115 2274 1145 quam

1301 1147 1405 1178 induit
1442 1153 1599 1186 respectu.
1663 1147 1757 1186 Quod
1786 1147 1849 1178 illis
1881 1153 1929 1178 est
1960 1147 2188 1184 necessarium,
2222 1147 2275 1179 hic

1301 1197 1414 1230 sponte
1445 1190 1553 1222 subiit.
1599 1190 1775 1221 Praeterea
1805 1191 1850 1221 sic
1874 1190 2020 1222 minister
2043 1195 2092 1221 est
2115 1189 2275 1229 Christus,

1302 1240 1336 1264 ut
1367 1233 1447 1263 nihil
1481 1233 1527 1264 illi
1563 1244 1602 1264 ex
1626 1233 1751 1272 imperii
1772 1234 1939 1264 maiestate
1963 1232 2095 1264 decedat
2119 1235 2216 1264 etiam
2239 1233 2274 1264 in

1301 1286 1404 1307 carne.
1458 1276 1508 1307 Ex
1544 1276 1705 1315 praesenti
1739 1275 1807 1307 loco
1841 1276 1992 1307 eximiam
2026 1275 2274 1307 consolationem

1302 1319 1483 1358 percipiunt
1513 1318 1633 1356 fideles,
1668 1329 1767 1358 quum
1797 1319 1961 1349 ministros
1984 1318 2044 1350 sibi
2067 1319 2198 1349 attribui
2222 1328 2275 1350 au-

1302 1362 1392 1393 diunt
1423 1361 1575 1393 coelestes
1605 1362 1776 1398 exercitus,
1805 1366 1842 1392 ut
1869 1361 2005 1392 salutem
2033 1361 2178 1401 ipsorum
2202 1371 2274 1401 pro-

1301 1407 1424 1436 curent.
1460 1405 1519 1435 Est
1543 1404 1628 1435 enim
1654 1415 1719 1435 non
1740 1403 1874 1445 vulgare
1898 1404 1999 1435 divini
2022 1404 2054 1434 in
2079 1414 2136 1435 nos
2156 1403 2275 1436 amoris

1301 1448 1429 1488 pignus,
1454 1447 1572 1479 habere
1596 1447 1668 1478 illos
1692 1452 1802 1478 nostra
1824 1457 1921 1478 causa
1944 1447 2091 1478 assiduos
2112 1447 2144 1477 in
2168 1456 2274 1487 opere.

1302 1491 1388 1522 Hinc
1410 1491 1506 1521 etiam
1531 1495 1643 1521 manat
1664 1500 1737 1521 rara
1757 1490 1828 1521 fidei
1849 1490 2063 1528 confirmatio,
2087 1489 2170 1529 quod
2187 1488 2275 1520 salus

1302 1539 1412 1564 nostra
1430 1533 1547 1564 talibus
1570 1533 1740 1573 praesidiis
1757 1533 1882 1564 munita
1905 1533 1948 1564 sit
1975 1538 2067 1563 extra
2084 1532 2272 1571 periculum.

1301 1576 1432 1616 Optime
1455 1587 1532 1616 ergo
1556 1576 1738 1607 infirmitati
1764 1580 1892 1607 nostrae
1911 1575 2052 1607 consulit
2068 1575 2158 1606 Deus
2175 1585 2274 1615 quum

1274 1632 1275 1655 l
1301 1620 1381 1650 tales
1412 1619 1465 1650 dat
1489 1619 1582 1650 nobis
1610 1619 1772 1650 adiutores
1796 1619 1849 1658 qui
1874 1618 2015 1650 Satanae
2040 1618 2204 1650 nobiscum
2228 1628 2276 1649 re-

1301 1663 1426 1701 sistant,
1456 1672 1611 1702 suamque
1637 1672 1767 1702 operam
1793 1661 1894 1692 modis
1917 1661 2064 1693 omnibus
2085 1660 2275 1701 impendant

1668 1704 1732 1736 Sed
1768 1704 1827 1736 hoc
1862 1704 2014 1735 beneficio
2048 1704 2166 1735 electos
2199 1713 2275 1735 suos

1301 1748 1505 1787 peculiariter
1536 1747 1700 1788 dignatur.
1746 1748 1834 1788 Ergo
1865 1752 1901 1778 ut
1928 1747 2036 1787 angeli
2064 1747 2165 1778 nostri
2199 1747 2274 1782 sint,

1302 1790 1421 1821 Christi
1453 1791 1597 1822 membra
1621 1801 1678 1822 nos
1702 1800 1772 1821 esse
1794 1795 1929 1829 oportet.
1976 1789 2178 1829 Quamquam
2202 1800 2274 1829 pos-

1301 1839 1372 1864 sent
1402 1833 1581 1864 exadverso
1615 1833 1708 1865 obiici
1742 1833 1921 1873 scripturae
1956 1833 2154 1864 testimonia:
2189 1832 2276 1864 unde

1301 1882 1425 1907 constat
1453 1876 1661 1916 reproborum
1693 1877 1790 1907 etiam
1821 1886 1918 1907 causa
1948 1875 2080 1915 angelos
2109 1875 2275 1906 interdum

1301 1920 1414 1950 emitti.
1468 1919 1550 1950 Nam
1586 1919 1671 1958 apud
1702 1918 1872 1949 Danielem
1907 1917 1971 1959 (10,
1993 1918 2048 1960 20)
2081 1928 2274 1949 commemo-

1302 1967 1414 1992 rantur
1448 1962 1554 2002 angeli
1590 1962 1763 1993 Persarum
1798 1967 1828 1992 et
1863 1961 2072 1993 Graecorum.
2124 1960 2189 1992 Sed
2224 1971 2274 1992 re-

1301 1704 1340 1735 ad
1375 1716 1432 1736 nos
1467 1705 1610 1736 tuendos.

1274 2013 1276 2039 '5
1301 2006 1452 2043 spondeo,
1484 2006 1528 2035 ita
1556 2005 1744 2045 angelorum
1768 2015 1826 2044 ope
1852 2004 1924 2035 illos
1948 2004 2046 2035 fuisse
2071 2003 2208 2044 adiutos,
2239 2007 2274 2034 ut

1274 2043 1276 2081 ξ
1301 2046 1454 2078 Dominus
1483 2047 1543 2078 hoc
1566 2048 1660 2078 modo
1690 2046 1801 2088 populi
1826 2047 1876 2078 sui
1899 2046 2036 2078 salutem
2061 2051 2273 2086 promoveret.

275 2097 343 2118 esse
367 2092 398 2117 et
421 2087 553 2127 pedibus
577 2088 646 2118 eius
669 2087 848 2120 calcandos.
885 2087 920 2120 Si
941 2090 1011 2128 quis
1032 2096 1139 2120 autem
1157 2094 1248 2129 roget
1275 2094 1276 2097 ’

1304 2089 1477 2122 Successus
1491 2091 1576 2121 enim
1600 2096 1631 2121 et
1648 2091 1809 2128 victoriae,
1828 2100 1906 2130 quas
1926 2089 2123 2126 obtinebant,
2147 2099 2274 2128 semper

1302 2133 1339 2163 ad
1365 2133 1529 2164 ecclesiam
1550 2138 1703 2173 tanquam
1722 2132 1761 2164 ad
1778 2143 1909 2172 scopum
1930 2142 2023 2163 suum
2041 2130 2273 2162 referebantur.

1302 2176 1373 2207 Hoc
1403 2179 1525 2206 certum
1558 2182 1615 2214 est,
1645 2176 1719 2216 quia
1750 2175 1935 2206 exsulamus
1960 2185 1979 2206 a
2008 2184 2108 2215 regno
2131 2174 2192 2205 Dei
2216 2184 2274 2214 per

1301 2225 1476 2259 peccatum,
1500 2218 1621 2249 nullam
1646 2219 1738 2249 nobis
1760 2228 1832 2249 cum
1857 2217 1982 2258 angelis
2004 2227 2073 2248 esse
2095 2216 2272 2247 communi-

1301 2262 1475 2300 cationem,
1506 2262 1568 2292 nisi
1598 2261 1857 2292 reconciliatione
1887 2271 1943 2300 per
1973 2259 2140 2291 Christum
2172 2258 2271 2291 facta:

1274 2313 1276 2317 ·
1300 2304 1396 2344 idque
1430 2304 1464 2335 in
1487 2304 1583 2343 scala,
1617 2314 1698 2344 quae
1728 2304 1760 2334 in
1791 2304 1914 2335 visione
1943 2302 2147 2342 patriarchae
2177 2301 2272 2334 Iacob

276 2385 400 2417 desinet
419 2385 570 2417 Christus
593 2395 689 2427 caput
711 2398 780 2418 esse
804 2387 972 2419 hominum
996 2394 1027 2419 et
1045 2388 1244 2428 angelorum:
1274 2399 1276 2416 ι

277 2438 336 2459 nec
366 2435 534 2468 propterea
564 2430 738 2470 quidquam
770 2441 811 2461 ex
835 2431 903 2461 eius
931 2430 1050 2462 honore
1074 2432 1246 2462 minuetur.
1275 2458 1276 2467 ,

276 2471 399 2501 Verum
433 2471 528 2503 huius
563 2473 759 2512 quaestionis
797 2473 913 2504 solutio
947 2484 985 2505 ex
1022 2485 1058 2505 eo
1093 2474 1161 2505 loco
1193 2483 1247 2513 pe-

276 2513 374 2544 tenda
396 2519 453 2544 est.

365 2556 414 2586 14.
448 2555 563 2587 Annon
592 2567 702 2589 omnes.

278 2599 412 2638 paratio,
440 2609 525 2630 nunc
548 2599 676 2631 subiicit
699 2600 803 2640 qualis
826 2601 867 2632 sit
890 2602 1028 2633 conditio
1052 2601 1248 2643 angelorum.

277 2640 372 2680 Quod
402 2641 581 2682 spiritus
606 2648 706 2681 vocat,
738 2643 769 2674 id
800 2643 928 2683 quidem
958 2650 1005 2675 est
1028 2645 1248 2676 excellentiae.

755 2557 827 2596 Quo
862 2558 977 2589 melius
1012 2559 1136 2590 eluceat
1167 2569 1249 2590 com·
1276 2560 1277 2570 ¹

1301 2348 1465 2387 proposita
1488 2346 1558 2387 fuit,
1582 2357 1713 2378 cernere
1736 2346 1818 2378 licet.

1660 2475 1841 2514 CAPUT
1863 2475 1915 2514 Π.

1388 2562 1416 2592 1.
1451 2561 1654 2600 Quamobrem
1685 2563 1795 2601 oportet
1827 2570 1882 2592 nos
1914 2561 2014 2601 mayis
2047 2560 2202 2593 attendere
2229 2560 2272 2591 iis

1302 2613 1380 2642 quae
1410 2604 1597 2644 audivimus,
1628 2614 1664 2634 ne
1695 2603 1817 2642 quando
1839 2603 2032 2643 diffluamus.
2077 2604 2107 2635 2.
2133 2603 2170 2635 Si
2191 2603 2272 2635 em'm

1276 2656 1277 2667 ³
1303 2646 1357 2684 qui
1374 2656 1433 2685 per
1456 2646 1582 2687 anyelos
1604 2647 1781 2678 enuntiatus
1804 2649 1868 2677 erat
1889 2656 1997 2685 sermo,
2020 2647 2131 2686 firmus
2151 2646 2223 2686 fuit,
2245 2648 2272 2677 et
