2513 3126
116 198 176 230 237

115 305 175 335 pus
191 298 340 335 usurpat:
366 293 434 326 Non
451 294 624 332 festinabit,
645 293 699 325 sed
717 293 804 334 quod
821 303 878 333 pro
894 293 1084 332 imperativo

115 348 210 378 saepe
249 338 376 377 capitur
415 337 499 376 apud
535 338 715 370 Hebraeos:
758 336 807 367 Ne
842 336 979 367 festinet.
1038 334 1088 364 Ita

115 391 229 412 sensus
245 386 345 412 esset:
369 379 475 411 Nolite
492 380 524 411 in
542 380 659 412 animis
678 380 794 411 vestris
811 377 1011 414 tumultuari,
1031 375 1087 407 sed

115 422 239 463 placide
267 423 424 454 sustinete
454 428 600 455 vestrum
632 422 844 453 desiderium:
881 426 912 451 et
940 419 1087 451 cohibete

115 470 242 498 vestros
265 466 410 502 affectus,
435 465 534 498 donec
558 470 698 506 praestet
721 465 882 495 Dominus
905 461 990 502 quod
1014 471 1086 501 pro-

115 509 224 540 mittit.
269 507 551 547 Quemadmodum
581 508 655 540 alibi
680 508 755 539 dicit
778 506 854 546 (Ies.
873 505 924 540 30,
950 504 1016 544 15):
1048 504 1086 534 In
1112 501 1114 537 ἲ

115 551 242 582 silentio
276 556 308 582 et
341 551 450 590 quiete
481 552 544 582 erit
572 549 726 582 fortitudo
757 553 873 579 vestra.
920 546 984 577 Sed
1009 556 1086 585 quo-

114 594 201 625 niam
225 593 326 625 altera
349 594 442 625 lectio
466 594 597 634 propius
620 593 659 624 ad
679 591 769 622 Petri
787 589 1085 629 interpretationem

115 636 266 668 accedere
290 636 429 676 videtur,
453 646 522 667 eam
546 636 649 675 magis
672 632 859 672 amplector.
904 631 948 662 Et
972 641 1088 662 sensus

114 689 179 710 non
204 679 288 711 male
308 679 488 717 conveniet,
523 677 666 709 Credens
690 685 755 706 non
780 673 916 713 nutabit,
951 678 1008 705 aut
1031 684 1086 705 va-

114 722 252 753 cillabit:
284 722 359 761 quia
388 721 514 751 firmam
546 730 581 750 ac
613 717 762 750 stabilem
794 717 949 748 fulturam
979 717 1086 748 habet.

113 765 221 805 Atque
244 764 321 794 haec
344 762 483 802 insignis
507 767 555 792 est
578 761 735 798 doctrina,
759 759 843 800 quod
860 759 991 791 Christo
1014 759 1088 791 suh-

113 807 201 846 nixi,
235 810 326 837 extra
356 804 465 844 lapsus
495 804 674 844 periculum
706 804 815 834 simus.
867 802 969 833 Porro
999 802 1085 833 idem

114 849 201 880 valet
223 847 435 888 pudefieri
459 847 543 887 quod
568 846 740 887 trepidare.
774 845 884 885 Quare
907 845 1086 885 genuinum

111 901 241 924 sensum
271 890 448 930 prophetae
478 890 613 921 retinuit
636 889 765 929 Petrus,
798 893 963 928 utcunque
994 898 1086 929 grae-

111 944 180 966 cam
204 933 383 964 versionem
404 938 559 972 sequutus
580 933 631 964 sit.

195 975 223 1007 7.
255 974 346 1007 Vobis
374 985 443 1016 erqo
464 975 520 1015 qui
541 975 678 1007 creditis.
723 974 833 1013 Quum
857 973 947 1005 Deus
972 973 1084 1006 Chris-

109 1021 179 1050 tum
203 1018 392 1059 pronuntiet
421 1018 561 1058 lapidem
584 1029 654 1050 esse
678 1018 856 1058 pretiosum
881 1022 914 1048 et
937 1016 1085 1053 electum,

110 1061 206 1093 talem
231 1061 325 1092 nobis
348 1061 416 1092 fore
438 1061 562 1101 colligit
587 1060 761 1101 apostolus.
802 1059 885 1091 Nam
909 1064 996 1092 certe
1020 1059 1085 1092 illic

109 1104 300 1136 describitur
323 1103 484 1141 Christus,
516 1104 643 1144 qualem
675 1104 781 1144 ipsum
810 1102 1085 1143 apprehendimus

108 1146 183 1178 fidei
200 1157 306 1184 sensu,
331 1152 362 1178 et
385 1146 513 1186 qualem
538 1157 572 1178 se
596 1147 681 1179 veris
704 1146 936 1186 experimentis
960 1145 1084 1185 probat.

109 1189 220 1228 Quare
237 1189 410 1230 diligenter
433 1189 574 1221 notanda
598 1194 648 1221 est
670 1189 781 1228 illatio,
805 1187 954 1220 Christus
977 1198 1083 1220 coram

109 1232 180 1264 Deo
202 1232 322 1264 electus
346 1238 393 1264 est
417 1232 515 1273 lapis:
541 1243 618 1274 ergo
644 1231 791 1264 fidelibus
816 1231 889 1263 talis
913 1236 970 1263 est.
1007 1231 1085 1263 Sola

109 1276 196 1306 enim
214 1279 263 1307 est
278 1275 369 1314 fides,
393 1285 473 1315 quae
494 1276 633 1315 pretium
658 1285 694 1306 ac
717 1274 941 1306 excellentiam
959 1274 1084 1306 Christi

109 1318 199 1350 nobis
223 1318 382 1358 patefacit.
429 1317 593 1357 Quoniam
617 1322 727 1349 autem
752 1317 888 1358 apostoli
912 1318 1083 1349 consilium

108 1363 158 1392 est
174 1361 306 1393 obviare
321 1361 474 1393 scandalo
490 1361 574 1401 quod
598 1360 690 1392 nobis
713 1360 886 1392 multitudo
910 1360 1083 1400 impiorum

108 1404 225 1445 gignit,
259 1404 369 1435 statim
400 1403 538 1436 alterum
568 1403 750 1435 membrum
783 1403 911 1435 subiicit
943 1403 981 1434 de
1004 1403 1083 1444 ipsis

108 1446 295 1484 incredulis,
332 1446 416 1487 quod
439 1446 611 1479 Christum
635 1446 815 1486 respuendo
846 1456 910 1477 non
933 1445 1084 1478 auferant

108 1494 218 1521 tamen
251 1490 408 1521 honorem
440 1489 487 1521 illi
517 1501 536 1521 a
564 1494 655 1529 patre
686 1489 807 1521 datum.
853 1488 891 1520 In
922 1499 994 1520 eam
1017 1499 1082 1520 rem

108 1533 228 1564 citatur
248 1543 361 1564 versus
376 1543 418 1564 ex
434 1532 520 1564 Psal.
535 1532 607 1573 118,
631 1532 714 1573 quod
738 1532 831 1572 lapis,
854 1541 950 1572 quem
974 1542 1084 1572 repro-

108 1575 227 1607 barunt
250 1575 466 1613 aedificantes,
493 1579 656 1607 statuatur
684 1575 895 1606 nihilominus
924 1575 958 1606 in
985 1580 1082 1616 caput

107 1618 229 1659 anguli.
274 1617 370 1650 Unde
392 1619 549 1659 sequitur,
580 1618 761 1657 Christum,
789 1618 902 1650 invitis
925 1617 1081 1659 hostibus,

107 1671 239 1693 manere
270 1665 380 1693 tamen
409 1662 442 1692 in
473 1671 530 1693 suo
561 1661 675 1702 gradu,
710 1662 743 1692 in
775 1671 839 1701 quo
869 1665 961 1701 pater
990 1661 1082 1692 illum

107 1704 235 1737 locavit.
281 1704 487 1745 Quamquam
518 1704 599 1736 duae
631 1705 813 1736 sententiae
843 1703 896 1736 hic
921 1703 1082 1736 notandae

107 1752 193 1779 sunt.
240 1747 335 1779 Prior
364 1753 422 1786 est,
453 1747 622 1779 Christum
645 1748 826 1788 oportuisse
855 1747 944 1779 reiici
974 1746 1014 1778 ab
1043 1747 1081 1778 iis

108 1791 162 1831 qui
196 1790 342 1831 regimen
376 1791 409 1822 in
444 1790 579 1822 ecclesia
612 1790 676 1822 Dei
711 1790 910 1822 obtinebant.
967 1790 1083 1822 Altera

107 1843 200 1872 vero,
234 1833 349 1865 inanes
378 1833 445 1865 fore
474 1833 617 1874 ipsorum
656 1838 809 1866 conatus:
844 1833 919 1874 quia
953 1833 1082 1873 impleri

109 1880 255 1917 oporteat
278 1876 362 1917 quod
389 1875 479 1908 Deus
503 1876 654 1917 decrevit,
686 1880 721 1908 ut
744 1881 899 1916 tanquam
922 1876 1005 1917 lapis
1028 1886 1083 1907 an-

105 1919 228 1960 gularis
250 1920 408 1951 sustineat
439 1919 630 1951 aedificium.
676 1919 778 1951 Porro
802 1919 907 1951 locum
931 1919 1019 1951 hunc
1043 1919 1081 1950 de

105 1962 238 1994 Christo
261 1972 336 1994 vere
359 1967 391 1993 et
414 1962 541 2003 proprie
565 1962 680 1994 debere
710 1962 860 2003 intelligi,
890 1972 955 1994 non
985 1961 1081 1993 modo

106 2005 239 2045 spiritus
267 2009 398 2037 sanctus
427 2006 517 2037 testis
546 2009 605 2045 est,
635 2011 667 2036 et
690 2005 839 2037 Christus
867 2005 936 2046 ipse
959 2004 1081 2036 Matth.

106 2048 157 2086 21,
181 2047 236 2088 42)
267 2048 322 2088 qui
351 2048 396 2079 sic
423 2049 587 2088 exposuit:
622 2048 678 2080 sed
706 2059 746 2080 ex
777 2058 814 2080 eo
844 2050 942 2081 etiam
973 2047 1082 2089 colligi

106 2095 222 2132 potest,
247 2090 329 2131 quod
347 2095 518 2131 antequam
535 2090 686 2124 Christus
704 2092 829 2124 veniret
852 2092 887 2123 in
911 2090 1081 2131 mundum,

107 2133 204 2174 vulgo
228 2134 272 2164 ita
294 2137 457 2173 receptum
481 2137 558 2165 erat.
593 2133 659 2166 Nec
682 2134 815 2166 dubium
838 2134 917 2175 quin
940 2144 959 2166 a
981 2134 1081 2174 patri-

107 2176 168 2208 bus
195 2177 284 2216 quasi
313 2186 370 2216 per
399 2186 515 2208 manus
544 2176 664 2209 tradita
694 2181 780 2209 esset
810 2177 890 2210 haec
913 2177 1080 2218 expositio.

107 2219 223 2260 Itaque
247 2218 392 2251 videmus
417 2219 526 2259 pueris
549 2230 674 2260 quoque
697 2221 774 2261 ipsis
798 2220 886 2261 quasi
910 2221 1082 2261 vulgarem

108 2262 206 2294 fuisse
230 2261 268 2294 de
287 2262 408 2293 Messia
431 2261 636 2294 cantilenam.
681 2263 792 2303 Quare
815 2274 873 2302 ego
901 2263 940 2295 de
964 2263 1024 2295 hac
1046 2272 1081 2294 re

108 2315 173 2336 non
206 2305 335 2346 longius
366 2305 545 2345 disputabo.
592 2304 765 2338 Sumamus
789 2306 900 2347 itaque
923 2316 981 2346 pro
1004 2316 1079 2338 con-

108 2347 202 2389 fesso,
225 2348 387 2380 Davidem
412 2348 457 2379 sic
481 2347 577 2379 fuisse
600 2352 703 2380 aetate
728 2359 788 2381 sua
810 2349 951 2390 lapidem
971 2359 1080 2389 repro-

108 2390 229 2429 batum,
263 2395 299 2422 ut
328 2390 452 2423 Christi
493 2400 662 2431 personam
699 2392 843 2432 gesserit.
895 2391 1081 2424 Redeamus

108 2443 195 2465 nunc
226 2433 266 2465 ad
296 2434 387 2474 prius
416 2434 607 2465 membrum.
653 2433 802 2467 Christus
831 2435 871 2466 ab
895 2434 1081 2467 architectis

108 2476 267 2508 reiicitur:
299 2477 359 2508 hoc
389 2477 422 2508 in
446 2476 573 2508 Davide
602 2475 708 2508 fuerat
728 2478 820 2518 prius
843 2477 1081 2509 adumbratum.

108 2518 192 2550 Nam
226 2519 280 2560 qui
314 2529 423 2551 rerum
459 2519 684 2560 potiebantur,
718 2530 791 2552 eum
825 2520 987 2552 habebant
1021 2529 1081 2561 pro

109 2560 263 2594 damnato
297 2566 330 2594 et
363 2561 498 2602 perdito.
550 2562 641 2594 Idem
676 2562 711 2593 in
745 2562 877 2596 Christo
911 2563 1082 2603 impletum

107 2603 179 2636 fuit.
234 2604 318 2636 Nam
353 2605 406 2645 qui
444 2610 615 2645 praeerant
655 2605 884 2646 gubernandae
918 2605 1081 2646 ecclesiae,

108 2647 214 2688 ipsum
246 2657 372 2689 quoque
403 2648 627 2688 reprobarunt,
663 2653 819 2688 quantum
851 2649 883 2680 in
910 2649 988 2690 ipsis
1012 2648 1082 2680 tuit.

1010 196 1160 228 CAPUT
1184 196 1227 227 ΙΙ.

2057 198 2119 230 238

1141 291 1212 323 Hoc
1244 292 1336 323 valde
1367 292 1540 332 percellere
1572 292 1716 325 infirmos
1741 297 1875 334 poterat,
1908 304 2005 333 quum
2031 294 2118 326 vidc-

1141 339 1213 365 rcnt
1245 335 1377 366 totidem
1406 346 1475 367 esse
1499 334 1621 367 Christi
1647 335 1766 375 hostes,
1798 340 1876 376 quot
1900 342 1993 367 erant
2016 347 2117 368 sacer-

1142 376 1240 414 dotes,
1266 377 1447 418 presbytori
1466 384 1496 410 et
1516 377 1670 413 doctores,
1695 379 1727 410 in
1753 379 1869 419 quibus
1892 379 1969 411 solis
1993 381 2118 419 conspi-

1141 428 1199 449 cua
1240 426 1308 450 erat
1350 421 1453 460 imago
1495 421 1655 453 ecclesiae.
1721 422 1806 453 Hui‘c
1847 422 2000 453 scandalo
2042 423 2117 453 dum

1141 462 1261 492 mederi
1293 463 1361 493 vult
1386 463 1512 502 Petrus,
1543 463 1679 495 Davidis
1708 465 1892 495 testimonio
1916 464 2117 504 praedictum

1141 504 1237 535 fuisse
1262 506 1413 536 admonet
1437 506 1520 546 quod
1545 511 1623 538 tunc
1646 507 1824 538 cernebant
1847 507 1969 538 fideles.
2015 508 2115 539 Prae-

1141 547 1251 577 sertim
1270 554 1375 579 autem
1394 548 1530 580 Iudaeos
1546 549 1730 589 alloquitur,
1755 549 1795 580 ad
1820 560 1899 589 quos
1924 550 2032 590 propie
2058 551 2118 583 hoc

1141 589 1334 627 pertinebat.
1392 591 1598 632 Quamquam
1640 602 1704 623 non
1744 593 1852 623 minus
1892 592 1987 623 hodie
2028 593 2116 624 utilis

1142 631 1232 662 nobis
1264 637 1311 663 est
1336 633 1414 664 11366
1438 634 1624 666 admonitio.
1669 634 1753 666 Nam
1778 635 1830 675 qui
1855 635 1914 666 sibi
1941 636 2117 674 primatum

1142 680 1295 714 arrogant
1318 675 1349 705 in
1367 676 1508 714 ecclesia,
1532 677 1733 709 infestissimi
1756 682 1831 709 sunt
1848 676 1973 709 Christi
1996 677 2116 715 hostes,

1142 726 1178 747 ac
1213 717 1370 748 diabolica
1402 719 1490 750 rabie
1525 725 1764 760 persequuntur
1799 720 1867 752 eius
1902 721 2116 760 evangelium.

1141 759 1232 800 Papa
1263 770 1299 791 se
1331 760 1485 792 vicarium
1516 763 1679 794 nominat:
1715 763 1862 794 videmus
1886 767 1994 795 autem
2019 774 2117 803 quam

1141 802 1294 834 atrociter
1336 802 1382 833 illi
1418 803 1616 836 adversetur.
1674 805 1848 845 Simplices
1882 815 1918 837 ac
1952 806 2117 845 imperitos

1141 849 1329 876 consternat
1360 845 1421 877 1106
1453 848 1681 886 spectaculum.
1736 848 1804 880 Cur
1832 848 1938 880 istud?
1991 848 2117 889 Nempe

1141 888 1217 928 qnia
1248 898 1314 919 11011
1345 892 1497 928 reputant
1528 890 1670 921 accidere
1701 891 1784 930 quod
1809 890 1918 923 David
1945 891 2115 931 praedixit.

1141 930 1389 962 Meminerimus
1420 931 1530 971 itaque
1562 932 1622 964 1106
1646 934 1798 965 vaticinio
1822 945 1887 966 non
1912 937 2037 965 tantum
2062 934 2115 966 ad-

1140 974 1281 1005 monitos
1313 974 1413 1005 fuisse
1443 975 1498 1014 qui
1529 975 1682 1006 viderunt
1706 975 1874 1008 Christum
1903 987 1921 1008 a
1949 977 2062 1008 scribis
2084 982 2116 1008 et

1140 1016 1327 1048 Pharisaeis
1360 1017 1462 1049 reiici:
1497 1017 1553 1049 sed
1588 1028 1647 1048 nos
1680 1019 1777 1049 etiam
1811 1019 1928 1050 muniri
1960 1019 2116 1051 adversus

1141 1059 1327 1100 quotidiana
1360 1059 1528 1099 scandala,
1567 1071 1648 1100 quae
1683 1060 1778 1091 fidem
1814 1067 1959 1093 nostram
1994 1062 2114 1102 alioqui

1140 1102 1334 1134 labefactare
1365 1107 1507 1143 possent.
1554 1102 1693 1142 Quoties
1724 1103 1854 1143 inquam
1885 1105 2032 1136 videmus
2061 1114 2115 1136 eos

1140 1146 1195 1185 qui
1221 1145 1405 1185 praesulum
1429 1146 1526 1177 titulo
1549 1147 1741 1187 gloriantur,
1764 1147 1934 1187 insurgere
1957 1148 2114 1180 adversus

1140 1188 1326 1227 Christum,
1369 1188 1479 1220 veniat
1516 1189 1576 1221 hoc
1618 1189 1711 1220 nobis
1749 1189 1781 1220 in
1817 1195 1972 1229 mentem,
2007 1201 2115 1230 repro-

1139 1231 1210 1262 bari
1258 1231 1398 1271 lapidem
1445 1231 1485 1263 ab
1530 1231 1733 1270 architectis,
1782 1232 1875 1264 sicuti
1923 1243 1941 1263 a
1987 1233 2114 1265 Davide

1139 1274 1339 1314 praedictum
1374 1279 1432 1306 est.
1492 1274 1776 1314 Quemadmodum
1814 1280 1921 1306 autem
1956 1276 2033 1306 trita
2066 1281 2115 1308 est

1138 1317 1328 1357 metaphora
1366 1317 1517 1355 aedificii,
1556 1328 1656 1358 quum
1696 1317 1734 1349 de
1772 1318 1916 1357 politico,
1966 1319 2016 1349 vel
2054 1319 2114 1358 spi-

1138 1360 1249 1391 rituali
1293 1361 1450 1401 regimine
1499 1361 1623 1401 agitur:
1677 1361 1722 1391 ita
1768 1360 1877 1392 David
1923 1361 2115 1393 architectos

1139 1408 1231 1435 vocat
1288 1404 1403 1443 quibus
1455 1404 1629 1435 commissa
1681 1408 1730 1434 est
1780 1403 1986 1444 gubernandi
2038 1415 2115 1436 cura

1137 1450 1169 1477 et
1220 1450 1377 1486 potestas:
1431 1457 1494 1478 non
1546 1446 1631 1487 quod
1681 1450 1767 1478 recte
1818 1446 2004 1487 aedificent,
2060 1447 2115 1478 sed

1137 1489 1213 1529 quia
1247 1499 1366 1521 nomen
1401 1489 1540 1527 habent,
1580 1494 1612 1521 et
1647 1488 1812 1520 ordinaria
1846 1493 2005 1530 potestate
2038 1495 2115 1521 sunt

1136 1532 1285 1572 praediti.
1339 1532 1436 1564 Unde
1470 1532 1637 1573 sequitur,
1674 1542 1739 1564 non
1774 1542 1902 1573 semper
1936 1532 2045 1564 fideles
2079 1543 2115 1564 ac

1137 1585 1230 1607 veros
1254 1575 1316 1607 Dei
1341 1575 1508 1606 ministros
1532 1585 1611 1612 esse,
1635 1575 1690 1615 qui
1713 1577 1791 1606 sunt
1813 1576 1846 1606 in
1869 1574 1974 1607 officio
1997 1576 2114 1607 consti-

1137 1618 1208 1649 tuti.
1255 1618 1312 1649 Bis
1343 1628 1420 1659 ergo
1450 1618 1607 1650 ridiculus
1637 1623 1685 1649 est
1716 1628 1799 1658 papa
1829 1628 1902 1650 cum
1926 1619 2001 1656 suis,
2037 1618 2114 1650 dum

1135 1660 1196 1693 sibi
1220 1660 1279 1693 hoc
1302 1661 1370 1693 solo
1393 1665 1567 1701 praetextu
1590 1671 1751 1692 summam
1777 1665 1810 1692 et
1832 1660 1999 1692 indubiam
2024 1666 2113 1692 auto-

1135 1704 1266 1736 ritatem
1290 1709 1455 1745 arrogant,
1476 1704 1563 1744 quod
1585 1703 1740 1736 ordinarii
1757 1706 1834 1735 sunt
1850 1704 2002 1736 ecclesiae
2022 1715 2113 1744 prae-

1135 1747 1229 1779 sides.
1282 1747 1431 1778 Primum
1465 1747 1569 1779 nihilo
1599 1747 1712 1778 iustior
1744 1751 1801 1778 aut
1832 1747 1937 1787 magis
1967 1746 2113 1788 legitima

1135 1795 1183 1822 est
1213 1790 1342 1822 illorum
1373 1790 1499 1822 vocatio
1530 1789 1571 1822 ad
1602 1789 1778 1831 regendam
1803 1789 1980 1828 ecclesiam,
2014 1799 2112 1830 quam

1135 1832 1342 1874 Heliogabali
1380 1833 1419 1864 ad
1461 1833 1640 1874 regendum
1678 1832 1859 1873 imperium.
1913 1832 2038 1863 Verum
2076 1836 2113 1863 ut

1134 1876 1198 1907 illis
1234 1875 1346 1907 demus
1380 1876 1465 1916 quod
1499 1876 1706 1916 impudenter
1739 1875 1929 1912 obtendunt,
1966 1875 2026 1905 rite
2058 1885 2113 1907 vo-

1135 1923 1223 1950 catos
1242 1929 1328 1951 esse:
1353 1918 1500 1950 videmus
1524 1923 1633 1950 tamen
1657 1918 1731 1959 quid
1757 1918 1795 1949 de
1819 1917 1991 1949 ordinariis
2015 1918 2112 1950 eccle-

1135 1962 1200 1994 siae
1222 1961 1424 2002 praesulibus
1441 1961 1549 1994 David
1573 1961 1774 2003 pronuntiet,
1799 1959 1969 1992 Christum
1991 1961 2114 1993 scilicet

1135 2005 1174 2037 ab
1208 2004 1286 2045 ipsis
1316 2005 1422 2037 reiici:
1458 2009 1493 2036 ut
1526 2005 1631 2046 porcis
1659 2004 1771 2035 haram
1796 2003 1900 2044 magis
1923 2013 2019 2043 quam
2042 2003 2113 2035 Deo

1135 2047 1294 2088 templum
1325 2047 1505 2080 aedificent.
1560 2047 1743 2088 Sequiritur
1772 2046 1874 2077 altera
1905 2056 1994 2086 pars,
2029 2047 2112 2086 quod

1135 2101 1199 2122 non
1220 2090 1361 2122 efficient
1386 2091 1497 2131 magni
1520 2100 1633 2122 omnes
1656 2090 1708 2130 qui
1732 2089 1876 2129 potentia
1899 2094 1931 2120 et
1954 2089 2113 2130 dignitate

1134 2145 1194 2166 sua
1217 2133 1420 2174 superbiunt,
1443 2134 1521 2174 quin
1545 2138 1676 2165 maneat
1699 2131 1850 2163 Christus
1873 2142 1930 2163 suo
1954 2132 2032 2164 loco.

1221 2176 1251 2208 8.
1281 2176 1383 2216 Lapis
1411 2177 1619 2217 impactionis,
1667 2175 1843 2215 Postquam
1868 2174 1980 2206 fideles
2002 2185 2112 2207 conso-

1134 2220 1220 2251 latus
1251 2224 1308 2256 est,
1339 2219 1424 2259 quod
1447 2220 1482 2251 in
1506 2219 1638 2251 Christo
1662 2217 1804 2249 habituri
1827 2217 1895 2248 sint
1918 2217 2110 2249 fundamen-

1135 2267 1203 2294 tum
1223 2261 1359 2294 solidum
1377 2265 1409 2293 et
1425 2262 1550 2303 stabile,
1574 2261 1724 2302 quamvis
1740 2261 1842 2291 maior
1858 2270 1943 2300 pars,
1967 2260 2110 2301 adeoque

1135 2306 1292 2347 primores
1308 2305 1370 2345 ipsi
1387 2305 1514 2337 nullum
1531 2305 1578 2336 illi
1595 2305 1629 2335 in
1646 2303 1790 2335 aedificio
1805 2303 1914 2335 locum
1926 2303 2109 2344 assignent:

1135 2359 1222 2380 nunc
1251 2357 1385 2388 poenam
1417 2348 1589 2379 denuntiat
1620 2356 1701 2387 quae
1731 2350 1841 2377 manet
1870 2356 1982 2377 omnes
2005 2346 2109 2378 incre-

1135 2392 1236 2430 dulos,
1268 2397 1304 2422 ut
1335 2391 1451 2422 horum
1475 2390 1624 2431 exemplo
1648 2389 1696 2420 illi
1720 2392 1913 2420 terreantur.
1958 2388 1999 2420 In
2023 2389 2111 2421 hunc

1134 2435 1233 2466 finem
1267 2434 1345 2465 citat
1375 2433 1499 2465 Iesaiae
1534 2432 1754 2465 testimonium
1789 2441 1829 2463 ex
1863 2432 1967 2472 capite
1997 2431 2026 2472 8,
2059 2431 2108 2464 14.

1135 2477 1206 2509 Illic
1241 2476 1400 2518 propheta
1428 2476 1608 2507 Dominum
1644 2475 1787 2505 minatur
1819 2474 1887 2506 fore
1916 2474 2046 2506 Iudaeis
2075 2475 2110 2506 in

1134 2520 1274 2560 lapidem
1305 2519 1494 2551 offensionis
1526 2524 1558 2550 et
1589 2523 1713 2559 petram
1741 2517 1896 2549 scandali.
1943 2517 2016 2549 Hoc
2037 2527 2110 2558 pro-

1135 2563 1204 2604 prie
1226 2563 1259 2593 in
1275 2561 1444 2594 Christum
1468 2566 1661 2602 competere,
1685 2559 1792 2601 colligi
1815 2564 1922 2601 potest
1940 2570 1981 2592 ex
1999 2564 2107 2591 textu:

1136 2611 1167 2638 et
1196 2605 1318 2637 Paulus
1348 2604 1388 2635 ad
1416 2604 1588 2636 Christum
1618 2602 1847 2643 accommodat,
1876 2602 1973 2635 Rom.
2001 2603 2030 2643 9,
2057 2603 2108 2634 32.

1136 2649 1221 2680 Nam
1256 2648 1288 2679 in
1323 2648 1392 2680 eius
1425 2656 1565 2688 persona
1591 2646 1684 2678 Deus
1717 2647 1917 2678 exercituum
1948 2656 1983 2678 se
2013 2645 2108 2686 plene
