2513 3126
169 229 231 262 493
1007 225 1139 257 EPIST

170 326 288 366 inferre
317 326 531 358 contumeliae:
557 325 610 358 sed
633 324 731 356 dixit:
762 322 902 361 Increpet
924 324 950 353 te
973 321 1138 353 Dominus.

172 369 220 400 10.
251 368 313 400 Isti
339 379 407 400 vero
435 377 630 408 quaecunque
651 376 712 397 non
737 367 892 405 noverunt,
927 364 1069 397 convitiis
1090 365 1139 396 in-

169 414 307 443 cessunt:
339 421 534 451 quaecunque
562 419 631 441 vero
661 407 847 439 naturaliter
869 409 1017 448 tanquam
1047 406 1139 439 bruta

169 454 324 486 animalia
345 454 455 496 sciunt,
479 454 512 485 in
533 453 576 485 iis
597 453 846 491 corrumpuntur.

255 540 284 571 8.
317 538 468 571 Similiter
495 537 556 576 isti,
585 539 635 569 etc.
688 535 875 568 Similitudo
904 535 966 567 ista
997 534 1138 575 praecise

171 582 314 623 urgenda
344 592 407 613 non
437 583 498 618 est,
533 589 569 611 ac
601 580 628 610 si
658 579 690 610 in
721 579 869 610 omnibus
899 587 967 617 eos,
1002 587 1137 618 quorum

170 626 327 665 meminit,
351 623 527 655 Sodomitis
549 621 719 660 conferret,
752 621 802 653 vel
827 621 950 661 angelis
973 620 1137 661 apostatis,

169 667 221 699 vel
256 666 420 699 incredulo
453 665 581 706 populo.
634 665 774 696 Tantum
809 663 930 695 indicat
961 673 1030 695 esse
1061 672 1137 694 vasa

169 710 235 741 irae
265 710 304 741 ad
328 709 491 740 interitum
522 708 691 748 destinata,
722 717 780 738 nec
803 717 894 747 posse
919 706 980 737 Dei
1005 715 1136 737 manum

169 753 310 793 effugere
339 751 418 791 quin
441 751 613 791 aliquando
642 751 676 781 in
700 750 778 790 ipsis
801 759 928 790 quoque
952 748 1015 780 tale
1040 748 1136 779 docu-

168 802 313 826 mentum
345 798 475 825 statuat.
522 793 700 825 Consilium
725 793 811 824 enim
836 792 905 823 eius
928 796 984 828 est,
1016 791 1137 822 abster-

168 848 239 869 rere
272 837 341 877 pios
375 837 489 877 quibus
519 836 645 877 scribit,
681 846 721 867 ne
752 835 880 867 illorum
912 834 1072 866 consortio
1102 843 1137 865 se

168 879 347 911 involvant.
392 879 494 910 Porro
527 879 587 910 hoc
617 879 685 910 1000
709 878 823 919 incipit
851 877 923 909 illos
947 877 1137 917 impostores

167 923 284 955 clarius
308 922 495 954 describere.
534 923 583 954 Ac
606 923 747 962 primum
772 921 847 952 dicit
872 930 924 952 eos
941 919 1028 952 velut
1052 929 1135 951 som·

168 965 288 996 niando
321 965 462 1005 polluere
486 974 615 996 carnem
639 974 741 996 suam.
788 963 915 1003 Quibus
938 962 1046 995 verbis
1069 966 1136 993 stu-

165 1007 273 1048 pidam
305 1007 538 1048 impudentiam
568 1013 674 1039 notat:
710 1018 746 1039 ac
778 1007 805 1038 si
830 1006 949 1037 diceret
978 1005 1136 1045 proiectos

166 1061 236 1082 esse
260 1050 299 1082 ad
323 1061 452 1081 omnem
477 1050 673 1089 foeditatem,
697 1060 714 1081 a
739 1060 802 1090 qua
825 1048 1014 1089 nequissimi
1038 1047 1135 1079 etiam

165 1093 357 1131 abhorrent,
392 1094 452 1125 nisi
484 1104 616 1125 somnus
645 1093 800 1133 pudorem
832 1091 974 1132 adeoque
1003 1100 1135 1122 sensum

166 1137 269 1168 tollat.
315 1137 375 1168 Est
403 1137 502 1177 igitur
532 1136 752 1176 metaphorica
783 1135 925 1175 loquutio
952 1144 1014 1174 qua
1036 1133 1136 1174 signi-

167 1180 241 1211 ficat
265 1180 350 1219 ipsos
375 1184 440 1210 tam
464 1190 533 1211 esse
557 1178 696 1217 hebetes,
721 1182 757 1209 ut
775 1178 843 1209 sine
860 1177 926 1208 ulla
943 1175 1136 1209 verecundia

167 1222 207 1253 ad
237 1232 364 1253 omnem
396 1221 630 1262 turpitudinem
661 1232 695 1253 se
729 1221 932 1261 prostituant.
985 1218 1136 1250 Notanda

167 1268 274 1296 autem
308 1269 355 1295 est
392 1264 578 1305 antithesis,
616 1274 711 1304 quum
747 1263 822 1294 dicit
860 1273 913 1294 eos
951 1272 1136 1294 carnem

166 1318 183 1339 c
195 1317 213 1338 o
227 1318 247 1338 0
261 1311 303 1338 ta
316 1307 403 1338 min
417 1317 435 1338 a
448 1319 464 1338 r
476 1318 510 1338 e:
534 1307 594 1339 1100
613 1311 671 1345 est,
691 1307 775 1347 quod
792 1306 901 1337 minus
917 1304 1135 1346 praestantiae

166 1349 272 1388 habet,
303 1349 531 1381 dehonestare:
563 1354 594 1381 et
622 1355 730 1381 tamen
762 1358 915 1390 spernere
945 1347 1037 1388 quasi
1061 1357 1134 1387 pro-

166 1392 306 1432 brosum,
335 1392 419 1433 quod
447 1393 479 1424 in
511 1403 629 1434 genere
660 1393 803 1424 humano
830 1391 972 1422 maxime
996 1390 1135 1421 excellit.

166 1434 219 1466 Ex
243 1435 302 1467 hoc
319 1435 458 1467 secundo
475 1436 619 1468 membro
635 1439 776 1476 apparet,
798 1434 899 1465 fuisse
915 1433 1135 1465 tumultuosos

166 1477 314 1510 homines
338 1478 393 1518 qui
416 1478 603 1510 anarchiam
627 1481 831 1520 quaererent,
854 1481 891 1508 ut
915 1477 1010 1508 soluti
1026 1476 1134 1517 legum

166 1525 264 1560 metu,
296 1521 427 1553 liberius
457 1527 634 1562 peccarent.
680 1522 788 1562 Atque
820 1520 900 1552 haec
923 1519 985 1551 duo
1008 1529 1136 1559 semper

166 1563 232 1595 fere
265 1564 437 1596 coniuncta
464 1570 557 1596 sunt:
593 1570 627 1596 ut
658 1565 711 1605 qui
741 1563 873 1604 proiecti
902 1566 978 1594 sunt
1008 1562 1048 1593 ad
1079 1572 1135 1592 ne·

165 1606 308 1646 quitiam,
336 1606 433 1638 simul
462 1617 590 1638 omnem
621 1608 766 1639 ordinem
797 1606 953 1638 abolitum
981 1615 1051 1636 esse
1079 1615 1134 1636 cu-

165 1649 267 1689 piant.
302 1649 404 1680 Porro
428 1650 555 1681 tametsi
579 1650 631 1682 hie
654 1655 722 1682 erat
738 1660 848 1681 eorum
865 1659 991 1689 scopus,
1014 1647 1134 1687 absque

164 1692 240 1732 iugo
275 1692 453 1724 exsultare:
492 1697 627 1733 apparet
664 1698 772 1724 tamen
807 1703 847 1723 ex
881 1691 980 1723 Iudae
1016 1690 1133 1727 verbis,

164 1738 314 1775 proterve
337 1746 391 1766 eos
415 1741 447 1766 et
469 1736 700 1768 contumeliose
725 1735 763 1767 de
786 1735 1029 1776 magistratibus
1048 1733 1134 1773 loqui

165 1777 285 1810 solitos.
324 1778 606 1817 Quemadmodum
630 1779 725 1810 hodie
744 1778 874 1809 fanatici
898 1777 1045 1808 homines
1069 1786 1133 1807 000

165 1824 290 1851 tantum
322 1821 467 1853 fremunt
496 1833 530 1854 se
553 1821 695 1854 cohiberi
719 1821 965 1862 magistratuum
990 1819 1133 1859 imperio,

165 1862 220 1894 sed
251 1863 369 1896 furiose
400 1864 554 1896 adversus
582 1875 710 1896 omnem
734 1865 880 1905 politiam
905 1862 1133 1894 declamitant:

164 1905 215 1937 ius
238 1905 337 1946 gladii
356 1907 526 1947 profanum
550 1918 618 1939 esse
635 1908 747 1939 dicunt
763 1913 794 1938 et
817 1906 927 1947 pietati
944 1906 1132 1936 adversum:

167 1948 306 1988 denique
328 1960 370 1980 ex
392 1951 526 1982 ecelesia
542 1950 606 1982 Dei
629 1961 720 1991 reges
744 1954 776 1982 et
795 1959 905 1980 omnes
925 1949 1134 1989 magistratus

167 1992 371 2032 superciliose
393 1993 552 2026 abdicant.
593 1993 624 2025 Gr
638 1994 647 2024 l
661 1994 789 2025 orias
813 1996 908 2024 vocat
930 1992 1060 2023 ordines
1077 2001 1132 2021 ex·

167 2034 316 2067 cellentia
338 2036 510 2076 praeditos,
535 2041 567 2068 et
590 2036 644 2078 qui
668 2037 789 2067 honore
812 2036 1062 2075 supereminent.

252 2078 281 2109 9.
319 2079 418 2119 Atqui
456 2079 591 2112 Effichael
626 2079 838 2120 archanyelus.
898 2077 1036 2109 Brevius
1074 2076 1134 2107 hoc

167 2127 395 2161 argumentum
419 2123 535 2155 Petrus
567 2129 599 2154 et
622 2123 654 2154 in
678 2133 795 2163 genere
819 2120 1017 2162 perstringit,
1049 2118 1133 2159 quod

167 2163 272 2203 angeli
303 2165 355 2204 qui
387 2165 482 2206 longe
513 2171 679 2206 praestant
708 2165 904 2205 hominibus,
935 2174 997 2194 non
1025 2168 1133 2193 tamen

166 2206 306 2238 audeant
344 2208 610 2240 contumeliosum
648 2208 803 2240 iudicium
842 2208 969 2238 inferre.
1031 2205 1133 2236 Porro

166 2249 240 2288 quia
271 2250 354 2282 hanc
385 2251 553 2282 historiam
583 2263 622 2283 ex
652 2251 733 2283 libro
763 2250 948 2291 apocrypho
971 2253 1133 2288 sumptam

165 2297 329 2331 putarunt,
353 2293 427 2325 indo
451 2293 572 2325 factum
595 2299 642 2326 est
659 2300 692 2326 ut
709 2295 816 2325 minus
833 2292 984 2333 ponderis
999 2291 1133 2322 haberet

166 2335 309 2374 epistola.
362 2336 428 2368 Sed
460 2347 557 2376 quum
586 2336 699 2368 Iudaei
729 2342 796 2368 tum
827 2336 929 2367 multa
959 2334 1133 2366 habuerint

166 2387 206 2424 e}
229 2385 359 2418 patrum
382 2378 617 2418 traditionibus,
641 2380 722 2410 nihil
747 2379 876 2411 absurdi
900 2388 969 2410 esse
990 2377 1081 2409 video
1106 2377 1131 2408 si

166 2419 309 2453 dicamus
325 2422 438 2453 Iudam
463 2422 612 2453 retulisse
634 2422 717 2462 quod
740 2423 802 2453 iam
827 2433 845 2453 a
869 2421 979 2452 multis
995 2419 1132 2452 saeculis

165 2461 270 2495 fuerat
298 2475 355 2504 per
386 2476 499 2496 manus
530 2465 695 2496 traditum.
740 2465 815 2497 8010
842 2463 986 2504 equidem
1012 2462 1132 2494 multas

166 2505 302 2545 ineptias
333 2507 392 2540 1100
422 2508 516 2539 titulo
546 2513 691 2548 receptas
713 2508 825 2539 fuisse:
856 2506 1130 2546 quemadmodum

166 2547 260 2595 hodie
284 2551 425 2590 papistae
449 2550 610 2591 quaelibet
634 2551 755 2581 insulsa
773 2550 1001 2581 monachorum
1019 2548 1132 2579 deliria

166 2601 199 2621 m
224 2591 284 2624 hoc
306 2593 449 2634 catalogo
472 2599 658 2626 recensent:
682 2593 737 2624 sed
763 2593 822 2623 hoc
846 2602 910 2623 non
932 2591 1036 2623 obstat
1052 2592 1129 2630 quin

166 2633 317 2666 historias
347 2635 499 2676 quasdam
529 2636 700 2668 habuerint
730 2635 857 2675 scriptis
888 2645 952 2665 non
976 2633 1130 2674 proditas.

165 2679 235 2710 Hoc
259 2683 351 2710 extra
372 2680 622 2712 controversiam
646 2685 703 2717 est,
728 2679 853 2710 Mosem
878 2688 895 2709 a
919 2676 1059 2708 Domino
1083 2687 1129 2707 se-

1143 250 1149 257 .
1175 223 1316 257 [UDAE

2099 225 2161 256 494

1194 321 1320 360 pultum
1350 330 1428 357 esse,
1462 320 1522 352 hoc
1552 325 1610 359 est,
1643 324 1730 352 certo
1754 320 1814 352 Dei
1846 320 1978 353 consilio
1997 320 2160 352 oecultum

1194 364 1290 395 fuisse
1321 363 1389 394 eius
1419 363 1612 403 sepulcrum.
1663 363 1850 395 Absconditi
1881 368 1989 395 autem
2020 363 2160 403 sepulcri

1192 416 1288 438 00000
1319 406 1441 437 00111101
1472 406 1607 437 obscura
1637 411 1702 436 est:
1735 417 1773 437 ne
1803 407 1923 438 seilicet
1953 415 2069 446 corpus
2092 406 2160 437 eius

1192 449 1225 480 in
1249 448 1486 489 superstitionis
1510 448 1676 479 materiam
1702 448 1897 480 abducerent
1913 448 2034 480 Iudaei.
2072 448 2160 487 Quid

1192 502 1269 532 ergo
1300 492 1418 522 mirum
1448 491 1475 522 si
1505 491 1681 531 prophetae
1708 501 1823 530 corpus
1848 491 2001 522 divinitus
2025 491 2159 523 abscon-

1192 534 1311 571 ditum,
1351 534 1453 566 Satan
1490 534 1522 564 in
1561 533 1701 564 medium
1740 534 1882 573 proferre
1920 539 2052 566 conatus
2086 533 2158 566 est?

1192 576 1310 617 Angeli
1339 582 1447 608 autem
1477 581 1589 609 contra
1613 575 1817 613 obstiterunt,
1848 576 1942 608 sicuti
1966 587 2076 608 eorum
2102 576 2159 607 mi-

1192 619 1359 651 nisterium
1398 630 1525 660 semper
1559 618 1629 650 Deo
1664 622 1848 659 promptum
1883 623 1940 651 est.
1996 619 2038 650 Et
2073 624 2159 651 certe

1191 661 1338 693 videmus
1362 662 1517 694 Satanam
1548 661 1695 693 omnibus
1725 661 1791 692 fere
1814 661 1949 692 saeculis
1973 661 2056 694 hanc
2079 662 2158 702 lapi-

1190 704 1263 735 dem
1299 705 1452 742 movisse,
1487 709 1523 736 ut
1554 715 1687 745 corpora
1726 714 1892 735 servorum
1924 703 1987 734 Dei
2026 704 2158 736 totidem

1190 747 1299 779 stultis
1324 747 1506 779 hominibus
1530 747 1614 778 idola
1637 750 1755 779 essent.
1794 745 1903 786 Quare
1926 746 1965 778 ob
1990 746 2049 778 hoc
2068 747 2157 778 testi-

1191 791 1349 826 monium,
1395 790 1541 830 quamvis
1586 790 1620 820 in
1660 790 1820 830 scriptura
1861 799 1926 820 non
1967 790 2158 829 reperiatur,

1190 838 1339 873 suspecta
1362 833 1453 864 nobis
1476 843 1544 864 esse
1568 832 1647 864 haec
1670 832 1807 872 epistola
1830 842 1896 863 non
1920 831 2022 863 debet.
2062 832 2158 871 Quod

1191 875 1333 907 Michael
1365 875 1520 907 adversus
1544 875 1699 908 Satanam
1732 874 1916 915 disceptans
1947 874 2035 906 solus
2067 874 2158 906 indu-

1190 918 1285 958 citur,
1309 928 1429 950 novum
1454 929 1518 949 non
1542 923 1600 950 est.
1639 918 1767 950 Scimus
1789 918 1979 958 angelorum
1996 917 2159 959 myriadas

1190 965 1318 1002 praesto
1349 971 1477 1002 semper
1506 972 1573 992 esse
1603 961 1642 992 ad
1675 961 1736 992 Dei
1766 960 1973 1001 obsequium:
2003 959 2059 991 sed
2090 960 2159 1000 ipse

1190 1004 1229 1035 ad
1254 1014 1304 1035 res
1328 1003 1486 1044 gerendas
1508 1003 1593 1035 hunc
1610 1003 1661 1036 vel
1678 1003 1770 1034 illum
1787 1013 1856 1034 cum
1874 1003 1999 1035 delectu
2016 1002 2157 1041 adhibet,

1189 1049 1285 1087 prout
1308 1046 1437 1086 placuit.
1476 1046 1569 1085 Quod
1587 1057 1605 1077 a
1621 1046 1781 1078 Michaele
1797 1046 1918 1078 dictum
1935 1046 2034 1077 refert
2050 1045 2159 1084 Iudas,

1189 1090 1273 1129 apud
1298 1089 1487 1120 Zachariam
1507 1088 1549 1130 (3,
1573 1089 1606 1131 2)
1629 1099 1757 1129 quoque
1780 1088 1928 1129 habetur,
1952 1088 2101 1129 Increpet
2124 1093 2156 1119 te

1188 1132 1298 1164 Deus:
1322 1132 1383 1169 vel,
1403 1132 1594 1172 Compescat
1610 1132 1722 1164 Satan.
1761 1132 1821 1163 Est
1837 1136 1946 1163 autem
1963 1131 2159 1170 comparatio

1189 1175 1320 1207 maioris
1337 1180 1368 1206 et
1384 1175 1528 1214 minoris,
1553 1180 1585 1206 ut
1602 1179 1726 1206 vocant.
1751 1174 1822 1205 Non
1839 1185 1938 1205 ausus
1953 1179 2001 1206 est
2016 1173 2158 1206 Michael

1189 1219 1327 1249 atrocius
1362 1217 1553 1249 maledicere
1583 1217 1724 1249 Satanae
1758 1217 1828 1258 (qui
1862 1222 1971 1248 tamen
2004 1217 2160 1257 reprobus

1189 1266 1238 1293 est
1267 1270 1304 1292 ac
1335 1260 1519 1302 damnatus)
1549 1270 1644 1300 quam
1675 1265 1710 1291 ut
1733 1260 1824 1291 illum
1848 1259 1919 1290 Deo
1942 1259 2157 1291 cohibendum

1190 1302 1346 1335 traderet:
1366 1304 1420 1334 isti
1440 1308 1547 1334 autem
1565 1307 1748 1344 potestates,
1765 1313 1846 1343 quas
1863 1302 2019 1343 singulari
2037 1302 2159 1333 honore

1190 1351 1286 1378 ornat
1301 1347 1399 1385 Dens,
1423 1347 1577 1377 extremis
1600 1345 1724 1386 probris
1741 1346 1899 1377 incessere
1916 1356 1979 1376 non
1997 1345 2157 1376 dubitant.

1277 1389 1326 1421 10.
1361 1390 1565 1429 Quaecunque
1599 1399 1659 1420 non
1692 1391 1846 1420 noverunt.
1899 1387 2071 1428 Significat
2106 1397 2159 1419 eos

1190 1432 1272 1464 nihil
1296 1432 1359 1464 nisi
1383 1442 1527 1464 crassum
1551 1436 1582 1463 et
1606 1432 1696 1472 quasi
1720 1431 1904 1471 pecuarium
1929 1441 2050 1471 sapere,
2074 1430 2158 1461 ideo-

1189 1485 1250 1516 que
1281 1486 1345 1507 non
1369 1475 1532 1515 percipere
1556 1475 1631 1515 quid
1655 1474 1777 1506 honore
1802 1474 1934 1515 dignum
1959 1473 2016 1504 sit:
2050 1477 2158 1504 tamen

1189 1518 1340 1550 accedere
1367 1519 1452 1550 hanc
1475 1519 1622 1549 insanam
1647 1517 1822 1554 audaciam,
1854 1522 1891 1548 ut
1915 1516 2069 1547 damnare
2093 1526 2158 1547 non

1190 1566 1365 1592 vereantur
1396 1571 1477 1601 quae
1505 1566 1634 1601 captum
1659 1571 1771 1591 eorum
1794 1564 1959 1600 superant.
2004 1558 2087 1590 Item
2111 1558 2159 1589 di-

1190 1614 1282 1636 verso
1307 1604 1384 1636 vitio
1408 1604 1564 1641 laborare,
1592 1603 1675 1643 quod
1699 1613 1797 1643 quum
1822 1601 1980 1643 pecudum
2005 1612 2095 1632 more
2118 1601 2158 1632 ad

1189 1658 1226 1678 ea
1257 1647 1402 1678 ferantur
1431 1657 1513 1687 quae
1537 1646 1685 1678 sensibus
1709 1647 1851 1686 corporis
1875 1656 1908 1676 00
1932 1645 2094 1685 ingerunt,
2125 1645 2158 1675 in

1188 1690 1251 1721 illis
1275 1689 1357 1721 nihil
1382 1694 1514 1721 servent
1537 1689 1728 1720 modestiae:
1756 1688 1812 1720 sed
1836 1698 1870 1719 se
1893 1687 2024 1728 penitus
2048 1687 2158 1728 ingur-

1186 1733 1304 1773 gitent,
1339 1743 1402 1764 non
1436 1742 1534 1764 secus.
1561 1743 1596 1764 00
1630 1741 1745 1772 porcus
1780 1731 1813 1762 iu
1850 1730 1911 1761 luti
1939 1729 2092 1762 foetorem
2124 1740 2158 1761 se

1186 1775 1359 1816 provolvit.
1405 1775 1606 1807 Adverbium
1636 1773 1948 1812 naturaliter,
1979 1773 2094 1804 rationi
2125 1777 2158 1804 et

1186 1818 1303 1850 iudicio
1332 1819 1514 1859 opponitur.
1560 1817 1658 1849 Solus
1688 1818 1775 1848 enim
1800 1818 1935 1847 naturae
1958 1815 2099 1856 impetus
2122 1815 2157 1846 in

1185 1861 1289 1893 brutis
1323 1861 1516 1892 animalibus
1549 1864 1679 1901 regnat:
1714 1860 1796 1890 ratio
1831 1864 1938 1890 autem
1970 1858 2157 1890 hominibus

1187 1904 1344 1936 moderari
1369 1904 1473 1942 debet,
1495 1909 1527 1935 et
1550 1914 1658 1935 eorum
1684 1902 1847 1943 appetitus
1871 1902 2027 1933 fraenare.

1274 1990 1322 2021 11.
1355 1990 1418 2022 Vae
1441 1989 1515 2029 illis,
1539 1989 1686 2029 quoniam
1709 1989 1793 2020 viam
1811 1986 1890 2019 Cain
1912 1987 2046 2027 inpressi
2066 1989 2157 2018 sunt.-

1186 2036 1212 2065 et
1234 2033 1404 2072 deceptione
1426 2033 1572 2065 merceslis
1594 2031 1734 2063 Balaam
1757 2031 1848 2070 effusi
1870 2033 1958 2061 sunt:
1989 2032 2015 2061 ct
2037 2031 2156 2061 contra-

1186 2076 1316 2108 dictione
1348 2075 1423 2107 00νο
1452 2076 1621 2116 perierunt.
1676 2075 1725 2107 12.
1760 2073 1806 2104 Hi
1839 2075 1912 2104 sunt
1942 2073 1976 2104 in
2003 2073 2156 2112 fraternis

1186 2119 1296 2151 vestris
1317 2119 1466 2150 conviviis
1488 2118 1636 2158 maculae,
1665 2118 1746 2149 inter
1768 2126 1799 2147 se
1822 2116 2023 2153 convivantes,
2054 2124 2156 2146 secure

1180 2164 1342 2201 pascentes
1364 2172 1395 2193 se
1417 2162 1519 2201 ipsos:
1543 2160 1636 2192 nubes
1658 2171 1740 2200 aqua
1762 2161 1906 2197 carentes,
1929 2168 2007 2198 quae
2025 2169 2045 2189 a
2061 2158 2157 2189 ventis

1185 2205 1453 2245 circumagyuntur:
1479 2203 1606 2236 arbores
1636 2202 1779 2235 autumni
1805 2202 1988 2241 emareiolae,
2019 2200 2156 2241 infruyi-

1183 2248 1279 2287 ferae,
1304 2247 1351 2279 bis
1372 2250 1536 2287 emortuae,
1559 2249 1585 2278 et
1608 2246 1797 2278 eradicatae.-
1822 2244 1871 2275 13.
1895 2244 1996 2276 undae
2011 2244 2155 2283 efferatae

1185 2291 1295 2329 maris,
1317 2291 1534 2330 despumantes
1554 2300 1612 2321 sua
1636 2290 1775 2328 ipsorum
1797 2287 1960 2319 dedecora:
1982 2286 2085 2318 stellae
2107 2296 2154 2317 er-

1185 2334 1313 2372 raticae,
1345 2333 1456 2373 quibus
1486 2332 1584 2373 caliyo
1617 2331 1808 2363 tenebrarum
1840 2331 1874 2361 in
1907 2333 2062 2361 aeternum
2090 2339 2153 2360 ser-

1184 2379 1256 2408 vata
1278 2379 1330 2408 est.

1272 2462 1321 2493 11.
1354 2462 1417 2494 Vae
1439 2461 1514 2500 illis,
1538 2463 1588 2491 cte.
1628 2459 1749 2490 Mirum
1774 2462 1821 2490 est
1845 2468 1902 2489 cur
1920 2467 1974 2489 eos
1991 2462 2056 2488 tam
2074 2457 2154 2488 dure

1183 2506 1372 2544 insectetur,
1413 2514 1514 2544 quum
1553 2514 1592 2534 ne
1631 2502 1787 2533 adversus
1825 2500 1981 2533 Satanam
2021 2500 2151 2540 quidem

1183 2548 1397 2580 contumeliae
1420 2547 1575 2578 iudicium
1594 2545 1707 2585 angelo
1724 2544 1916 2585 permissum
1933 2544 2031 2575 fuisse
2048 2553 2153 2583 nuper

1183 2591 1311 2623 dixerit.
1358 2590 1422 2622 Sed
1456 2589 1557 2620 noluit
1580 2587 1762 2629 generalem
1787 2587 1932 2627 regulam
1956 2587 2150 2627 praefigere:

1183 2636 1312 2665 tantum
1335 2632 1505 2664 Michaelis
1536 2631 1682 2670 exemplo
1713 2631 1853 2661 breviter
1883 2629 2024 2661 ostendit
2056 2639 2151 2669 quam

1183 2676 1394 2708 intolerabilis
1418 2676 1459 2707 sit
1483 2675 1616 2706 istorum
1641 2674 1737 2711 furor,
1769 2672 1845 2703 dum
1868 2672 2052 2714 petulanter
2076 2681 2151 2703 con-
