2513 3126
101 201 161 234 301

103 300 200 332 ritate
230 299 348 339 agitur.
402 297 575 330 Caeterum
591 298 615 339 ²)
647 308 711 330 rum
744 298 850 329 minus
882 296 1012 344 frivola·
1032 296 1079 337 (ut

101 352 202 382 nuper
224 341 327 383 attiyi)
356 351 450 381 quam
472 341 623 381 pudenda
651 344 694 373 est
718 340 847 373 Serveti
878 338 1079 386 improbitas,

103 386 158 425 qui
189 384 268 416 haec
301 385 399 415 verba
429 390 533 424 urget,
569 394 630 424 quo
660 383 772 424 probet
805 391 987 414 sermonem
1016 380 1078 429 Dei

103 428 203 460 fuisse
225 427 387 459 visibilem
411 437 447 458 ac
474 427 680 467 palpabilem.
724 425 828 464 Impie
859 423 1019 463 duplicem
1044 433 1078 453 111

103 470 236 502 Christo
259 472 408 501 naturam
420 469 447 511 ²)
469 469 515 501 vel
536 469 676 507 destruit,
699 467 745 499 vel
765 467 880 498 miscet.
926 465 1078 514 Fh'igtmen-

104 518 174 544 tum
198 513 308 552 itaque
332 512 439 543 nescio
463 511 546 552 quod
576 510 838 546 comminiscitur,
870 507 995 539 Christi
1019 508 1077 539 hu-

104 556 295 587 manitatem
328 556 373 586 sic
403 555 562 591 deificans,
594 558 630 584 ut
653 552 826 583 veritatem
859 553 996 582 naturae
1019 550 1080 581 hu-

104 608 219 630 manae
235 607 367 638 prorsus
383 597 430 628 illi
447 597 576 633 adimat,
593 604 718 634 negans
734 594 858 624 interea
874 593 937 624 alia
953 593 1079 624 ratione

106 640 276 672 Christum
300 650 369 671 esse
392 640 453 670 Dei
477 639 590 678 filium,
621 637 684 667 nisi
707 637 782 676 qnia
814 647 853 667 ex
877 642 980 667 matre
1003 646 1078 667 con-

104 689 218 723 ceptus
241 687 289 714 est
319 682 451 722 spiritus
483 680 587 711 sancti
611 679 744 718 virtute,
775 684 807 710 et
837 680 1000 719 propriam
1032 678 1078 710 illi

104 726 347 758 subsistentiam
370 725 402 755 in
426 723 498 753 Deo
521 722 684 753 auferens.
726 721 822 753 Unde
846 722 1001 762 sequitur,
1025 732 1079 752 ne-

104 779 167 808 que
190 768 295 799 Deum
320 776 398 802 esse,
422 775 528 805 neque
553 765 733 796 hominem:
757 764 825 797 licet
842 764 985 795 videatur
1007 774 1078 796 con·

102 811 209 851 fusam
228 819 266 841 ecc
288 811 414 848 utroque
436 817 575 839 massam
597 807 740 846 conflare.
780 806 902 838 Verum
927 807 1078 847 quoniam

104 853 198 884 nobis
220 850 352 883 indubia
375 856 423 882 est
446 861 538 882 mens
562 850 710 891 apostoli,
734 860 846 882 canem
869 850 962 881 illum
985 850 1078 881 omit-

104 899 220 927 tamus.

189 948 240 981 De
261 959 398 981 sermone
419 948 510 980 vitae.
557 948 731 980 Genitivus
763 948 832 979 loco
863 948 999 989 epitheti
1026 958 1078 979 ca·

102 992 191 1033 pitur
214 1000 272 1032 pro
305 992 451 1024 vivifico:
483 991 557 1032 quia
586 990 635 1032 (ut
660 992 763 1031 primo
790 991 950 1032 evangelii
973 991 1079 1031 capite

103 1033 219 1076 docet),
250 1034 289 1066 In
320 1035 390 1075 ipso
423 1034 490 1065 vita
520 1039 598 1065 erat.
645 1033 851 1074 Quamquam
883 1033 996 1065 titulus
1026 1033 1079 1065 hic

103 1077 137 1109 in
161 1076 263 1108 filium
288 1077 351 1108 Dei
375 1076 495 1118 duplici
518 1077 589 1108 iure
613 1077 779 1117 competit:
812 1082 843 1107 et
867 1076 953 1117 quod
976 1077 1077 1108 vitam

103 1119 254 1151 effuderit
276 1119 310 1150 in
343 1130 455 1151 omnes
484 1124 660 1158 creaturas,
691 1124 724 1151 et
753 1119 839 1160 quod
868 1129 954 1150 nunc
977 1119 1076 1151 vitam

102 1163 137 1194 in
161 1162 252 1194 nobis
275 1167 413 1203 reparet,
437 1173 518 1203 quae
542 1172 600 1202 per
616 1162 708 1194 Adae
731 1168 900 1203 peccatum
917 1162 1078 1194 exstincta

102 1206 251 1246 perierat.
287 1205 374 1245 Quin
392 1205 490 1237 etiam
507 1205 614 1245 ipsum
639 1215 764 1245 quoque
780 1205 937 1237 sermonis
960 1215 1077 1236 nomen

102 1248 252 1280 bifariam
276 1253 383 1288 potest
401 1249 535 1289 exponi:
561 1247 612 1280 vel
636 1248 674 1279 de
692 1247 834 1286 Christo,
858 1247 909 1280 vel
925 1247 964 1279 de
980 1258 1076 1280 evan-

101 1291 177 1332 gelii
201 1291 364 1322 doctrina:
396 1301 473 1322 nam
497 1296 529 1322 et
560 1301 618 1331 per
642 1290 727 1323 hanc
757 1290 845 1323 salus
868 1290 959 1322 nobis
981 1291 1077 1321 affer·

101 1338 166 1365 tur.
212 1333 387 1365 Caeterum
417 1334 493 1374 quia
524 1334 594 1365 eius
623 1334 806 1365 substantia
836 1338 884 1365 est
908 1333 1076 1366 Christus:

102 1386 207 1416 neque
230 1376 315 1407 aliud
332 1377 487 1414 continet,
512 1387 609 1417 quam
627 1376 813 1408 hominibus
832 1375 962 1408 tandem
980 1377 1077 1407 fuisse

101 1420 307 1460 patefactum,
338 1420 392 1460 qui
424 1429 553 1459 semper
583 1420 689 1450 fuerat
712 1419 798 1459 apud
820 1424 962 1459 patrem:
997 1417 1077 1450 mihi

102 1461 280 1502 simplicior
302 1468 333 1493 et
357 1463 462 1503 magis
486 1462 628 1503 genuina
651 1461 779 1493 videtur
803 1462 891 1502 prior
906 1462 1076 1502 expositio.

101 1504 206 1536 Porro
229 1514 413 1536 sermonem
437 1505 546 1536 vocari
569 1505 762 1545 sapientiam
786 1505 819 1536 in
844 1505 913 1537 Deo
936 1504 1077 1537 residen-

102 1552 178 1584 tem,
202 1547 319 1579 melius
343 1558 383 1579 ex
406 1547 576 1588 evangelio
599 1552 736 1579 constat.

188 1602 218 1633 2.
242 1602 287 1634 Et
307 1603 374 1634 vita
395 1603 596 1643 manifestata
619 1605 670 1635 est.
705 1602 832 1643 Copula
850 1603 1075 1644 explicationis

102 1645 173 1677 vice
196 1645 250 1677 hic
272 1646 412 1686 ponitur.
459 1647 507 1678 Ac
535 1647 562 1677 si
596 1645 731 1678 diceret:
762 1645 830 1677 Nos
860 1646 899 1677 de
927 1656 1076 1679 sermone

103 1688 231 1720 vivifico
248 1688 469 1720 testimonium
487 1688 659 1726 reddimus,
683 1689 956 1729 quemadmodum
972 1690 1077 1721 mani-

103 1731 220 1762 festata
251 1731 348 1762 fuerit
377 1732 456 1762 vita.
508 1731 716 1771 Quamquam
747 1736 853 1772 potest
883 1732 989 1764 adhuc
1018 1732 1076 1763 du-

103 1773 179 1814 plex
203 1784 273 1805 esse
293 1783 424 1806 sensus:
449 1774 499 1806 vel
516 1774 601 1814 quod
618 1774 785 1806 exhibitus
801 1775 896 1806 fuerit
913 1774 1076 1817 Christus,

102 1817 158 1856 qui
182 1816 250 1848 vita
273 1819 323 1847 est
346 1827 383 1848 ac
405 1816 477 1849 fons
502 1818 601 1848 vitae:
634 1818 685 1849 vel
715 1817 799 1857 quod
831 1819 900 1850 vita
923 1817 1016 1850 nobis
1040 1819 1074 1849 in

103 1859 237 1890 Christo
261 1859 359 1890 fuerit
381 1859 487 1900 palam
513 1860 629 1891 oblata.
664 1859 737 1892 Hoc
761 1860 891 1900 quidem
915 1862 1075 1901 posterius

106 1902 286 1933 necessario
315 1905 460 1942 sequitur
483 1913 524 1934 ex
547 1903 661 1943 priore.
707 1902 878 1942 Quantum
901 1910 1010 1935 tamen
1034 1905 1074 1936 ad

101 1945 275 1976 verborum
309 1945 588 1985 significationem,
623 1945 779 1977 differunt
813 1947 898 1977 inter
927 1957 963 1978 se
995 1947 1074 1979 haec

102 1987 173 2025 duo,
197 1991 234 2018 ut
256 1997 352 2019 eausa
375 1994 405 2019 et
429 1988 571 2020 effectus.
606 1988 670 2020 Ubi
685 1989 827 2020 secundo
851 1990 980 2029 reperit,
1005 2001 1073 2022 an-

101 2031 349 2061 nuntiamus
372 2031 494 2062 vitam
519 2037 749 2072 aeternam,
772 2042 837 2063 non
862 2032 973 2064 dubito
996 2034 1072 2073 quin

102 2072 141 2104 de
164 2073 281 2105 effectu
309 2072 474 2113 loquatur:
502 2084 618 2114 nempe
647 2074 733 2114 quod
764 2076 946 2113 annuntiet,
978 2076 1074 2108 bene-

101 2115 175 2147 ficio
199 2115 323 2147 Christi
345 2122 470 2156 partam
494 2117 584 2148 nobis
616 2127 686 2149 esse
708 2117 818 2148 vitam.
862 2117 958 2150 Unde
981 2119 1072 2151 colli-

102 2159 219 2199 gimus,
251 2169 315 2189 non
349 2167 442 2198 posse
467 2159 632 2192 Christum
656 2160 748 2192 nobis
771 2160 960 2200 praedicari,
991 2163 1071 2202 quin

102 2201 266 2242 aperiatur
289 2202 382 2232 nobis
407 2212 543 2242 regnum
566 2202 713 2241 coeleste,
743 2209 779 2234 ut
802 2214 821 2235 a
853 2207 958 2236 morte
988 2206 1074 2237 exci-

101 2244 162 2275 tati
184 2244 335 2276 vivamus
356 2243 418 2275 Dei
442 2244 552 2276 vitam.

191 2304 277 2343 Quae
298 2306 365 2335 erat
394 2304 480 2344 apud
497 2306 630 2343 pamm.
675 2305 747 2338 Hoc
776 2317 888 2338 verum
920 2309 979 2346 est,
1006 2319 1072 2339 non

103 2350 230 2378 tantum
254 2356 293 2377 ex
319 2357 383 2387 quo
406 2346 554 2379 conditus
572 2348 633 2378 fuit
655 2348 810 2381 mundus:
835 2349 891 2382 sed
909 2350 1009 2382 etiam
1032 2351 1072 2383 ab

102 2389 217 2420 ultima
241 2391 442 2421 aeternitate.
489 2388 624 2429 Semper
650 2392 735 2423 enim
759 2392 851 2424 Deus
882 2393 967 2425 vitae
1001 2394 1072 2426 fons

103 2431 172 2463 fuit.
210 2431 270 2463 Vis
294 2438 401 2464 autem
425 2438 457 2463 et
479 2432 616 2464 facultas
638 2433 822 2467 vivificandi
846 2446 946 2477 penes
969 2441 1072 2468 aeter·

103 2484 179 2505 nam
203 2474 272 2506 eius
288 2476 481 2515 sapientiam
499 2476 575 2506 fuit:
599 2476 655 2507 sed
674 2488 744 2508 eam
768 2484 840 2510 actu
864 2489 927 2510 non
945 2490 1072 2511 exsere-

103 2517 158 2548 bat
180 2523 256 2548 ante
283 2518 396 2549 mundi
426 2518 630 2550 creationem.
676 2519 726 2551 Ex
756 2531 818 2562 quo
848 2527 956 2554 autem
981 2523 1072 2554 Deus

190 2620 212 2649 ¹)
228 2619 294 2644 mira

188 2654 208 2686 ²)
227 2653 351 2686 designat

997 200 1146 232 CAPUT
1171 200 1198 232 1.

2041 206 2104 239 302

1131 306 1312 329 sermonem
1344 297 1489 337 proferre
1511 299 1625 340 coepit,
1654 300 1704 331 vis
1735 300 1801 341 illa,
1825 310 1909 341 quae
1939 302 2027 341 prius
2048 303 2101 334 ab·

1131 339 1278 371 scondita
1311 340 1440 380 latebat,
1473 351 1542 373 sese
1575 342 1608 372 in
1644 346 1808 374 creaturas
1842 343 1982 376 diffudit.
2033 345 2103 377 Iam

1131 381 1211 413 haec
1233 383 1340 422 aliqua
1363 383 1425 414 fuit
1449 384 1680 416 manifestatio:
1705 385 1761 416 sed
1778 386 1941 426 apostolus
1957 387 2020 419 alio
2036 398 2103 421 res-

1132 424 1217 463 picit,
1247 435 1361 465 nempe
1391 426 1476 466 quod
1507 430 1583 459 tunc
1613 427 1744 459 demum
1774 430 1979 461 manifestata
2006 430 2104 462 fuerit

1132 467 1201 498 vita
1235 468 1267 498 in
1291 468 1436 507 Christo,
1470 479 1569 509 quum
1599 470 1670 510 ipse
1700 480 1798 502 carne
1829 477 1941 504 nostra
1969 472 2102 505 indutus

1132 514 1240 548 partes
1264 510 1495 551 redemptionis
1527 512 1683 554 implevit.
1729 513 1874 545 Tametsi
1904 516 1991 546 enim
2017 516 2102 548 eius-

1132 551 1205 582 dem
1226 552 1310 584 vitae
1335 559 1452 594 patres,
1476 555 1574 586 etiam
1597 555 1657 587 sub
1681 555 1761 596 lege,
1784 556 1862 588 socii
1885 567 1921 589 ac
1937 563 2103 590 consortes

1133 594 1281 625 fuerunt:
1316 596 1432 628 scimus
1470 599 1579 629 tamen
1614 598 1673 629 sub
1707 609 1773 638 spe,
1811 609 1892 639 quae
1927 601 2104 633 revelanda

1133 641 1212 675 erat,
1239 637 1336 668 fuisse
1358 639 1535 671 conclusos.
1582 640 1721 672 Necesse
1751 641 1815 673 illis
1844 647 1923 681 erat,
1954 645 2053 675 vitam
2085 654 2103 675 a

1133 683 1237 710 morte
1260 684 1291 710 et
1314 683 1549 713 resurrectione
1564 683 1688 715 Christi
1713 686 1838 724 petere:
1863 685 1950 725 atqui
1968 696 2019 717 res
2034 692 2103 718 erat

1133 732 1198 753 non
1221 721 1325 754 solum
1354 725 1463 762 procul
1493 735 1619 758 remora
1649 726 1689 758 ab
1712 727 1822 765 oculis,
1852 728 1907 759 sed
1938 728 2103 760 mentibus

1133 766 1231 796 etiam
1263 764 1465 797 abscondita:
1500 768 1683 807 pendebant
1713 770 1816 810 igitur
1844 780 1862 801 a
1896 781 1953 811 spe
1983 771 2103 803 revela-

1133 807 1241 847 tionis,
1275 818 1357 848 quae
1386 818 1444 839 suo
1474 809 1603 841 demum
1636 816 1781 852 tempore
1811 813 2011 854 subsequuta
2042 818 2102 846 est.

1133 850 1206 882 Non
1229 854 1381 890 poterant
1411 851 1540 890 quidem
1569 854 1667 884 vitam
1691 855 1847 894 obtinere,
1877 856 1941 887 nisi
1965 856 2024 888 sibi
2047 857 2102 888 ali-

1133 903 1194 934 quo
1217 893 1312 924 modo
1334 894 1589 925 manifestatam:
1619 896 1673 927 sed
1697 898 1781 929 inter
1804 908 1861 930 nos
1884 904 1917 930 et
1938 899 2011 931 illos
2033 910 2102 931 ma-

1132 946 1233 977 gnum
1264 940 1313 967 est
1340 936 1528 968 discrimen:
1559 938 1634 978 quia
1663 949 1757 979 quem
1786 941 1847 980 ipsi
1877 941 2010 973 obscure
2040 943 2101 974 sibi

1132 979 1325 1019 promissum
1349 979 1382 1010 in
1406 979 1519 1020 figuris
1535 981 1742 1020 quaerebant,
1765 993 1822 1014 1108
1839 984 1903 1015 iam
1920 984 2100 1017 exhibitum

1133 1022 1224 1062 quasi
1249 1021 1397 1053 manibus
1420 1027 1578 1054 tenemus.
1623 1023 1796 1055 Caeterum
1821 1027 1989 1059 consilium
2013 1038 2105 1068 apos-

1133 1064 1191 1095 toli
1215 1069 1272 1100 est,
1303 1064 1416 1096 tollere
1445 1065 1630 1105 opinionem
1661 1067 1824 1106 novitatis,
1854 1079 1936 1109 quae
1960 1070 2104 1103 minuere

1133 1107 1294 1148 evangelii
1329 1107 1519 1149 dignitatem
1555 1113 1689 1148 poterat.
1752 1109 1824 1149 Qua
1858 1112 1982 1143 ratione
2016 1113 2103 1152 dicit,

1132 1160 1196 1181 non
1220 1150 1363 1190 coepisse
1394 1160 1480 1182 nunc
1503 1151 1634 1182 demum
1666 1152 1777 1189 vitam,
1809 1158 1973 1195 utcunque
2000 1166 2104 1197 nuper

1132 1193 1336 1233 apparuerit:
1360 1194 1434 1234 quia
1456 1200 1611 1235 perpetuo
1635 1195 1695 1226 fuit
1718 1196 1804 1236 apud
1827 1202 1962 1236 patrem.

1218 1279 1248 1310 3.
1286 1279 1374 1318 Quod
1409 1279 1546 1310 vidimus
1582 1282 1610 1311 et
1645 1280 1844 1321 audivimus,
1882 1284 2104 1317 annuntiamus

1131 1321 1234 1353 vobis:
1267 1324 1301 1353 ut
1327 1325 1354 1353 et
1379 1331 1432 1353 vos
1453 1323 1624 1354 societatem
1650 1322 1790 1354 habeatis
1812 1324 1978 1365 uobiscum,
2008 1329 2035 1358 et
2056 1337 2103 1359 so-

1130 1365 1226 1396 cietas
1258 1367 1365 1396 nostra
1398 1366 1439 1396 sit
1467 1375 1535 1396 cum
1561 1368 1657 1405 patre
1686 1368 1713 1397 et
1741 1376 1810 1397 cum
1838 1367 1905 1406 filio
1933 1369 2001 1400 eius
2029 1369 2104 1402 Iesu

1133 1407 1263 1439 Christo.
1314 1408 1344 1439 4.
1374 1407 1419 1438 Et
1451 1407 1526 1440 haec
1559 1408 1725 1441 scribimus
1756 1409 1857 1449 vobis,
1889 1413 1922 1441 ut
1951 1412 2104 1452 gaudium

1130 1452 1265 1482 vestrum
1295 1451 1336 1482 sit
1367 1450 1556 1490 completum.
1612 1451 1641 1483 5.
1677 1451 1720 1483 Et
1757 1451 1831 1485 haec
1863 1455 1907 1484 est
1934 1455 2105 1494 promissio

1132 1503 1226 1533 quam
1249 1494 1476 1525 annuutiamus
1496 1493 1592 1534 vobis,
1615 1495 1696 1534 quod
1713 1494 1801 1527 Deus
1823 1496 1880 1527 luz
1902 1500 1954 1537 est,
1978 1500 2005 1529 et
2025 1500 2103 1530 tene-

1130 1537 1204 1568 brae
1237 1537 1269 1567 in
1300 1546 1333 1568 eo
1360 1546 1421 1568 non
1449 1539 1522 1568 sunt
1550 1537 1641 1569 ullae.
1694 1538 1724 1569 6.
1755 1537 1791 1570 Si
1821 1539 1995 1571 dixerimus
2025 1541 2104 1580 quod

1130 1580 1300 1611 societatem
1322 1579 1469 1611 habemus
1491 1589 1560 1611 cum
1583 1590 1626 1621 eo,
1649 1583 1677 1612 et
1697 1581 1882 1614 intenebris
1899 1582 2103 1623 ambulamus,

1130 1622 1298 1654 mentimur
1320 1625 1348 1653 et
1368 1623 1524 1654 veritatem
1546 1633 1607 1654 riori
1627 1623 1775 1663 facimus.
1829 1625 1858 1656 7.
1884 1624 1922 1656 Si
1944 1628 2045 1658 autem
2070 1627 2103 1658 in

1129 1665 1195 1697 luce
1216 1665 1422 1706 ambulamus,
1449 1666 1530 1697 sicut
1551 1666 1618 1705 ipse
1640 1667 1674 1698 in
1697 1666 1762 1699 luce
1784 1671 1835 1706 est,
1858 1669 2027 1701 societatem
2050 1669 2104 1701 ha-

1129 1708 1233 1740 bemus
1255 1709 1335 1739 iuter
1357 1719 1413 1740 uos
1433 1711 1592 1740 mutuam:
1616 1711 1643 1740 et
1664 1711 1795 1751 sanquis
1813 1711 1886 1742 Iesu
1904 1710 2020 1743 Christi
2040 1712 2103 1751 filii

1128 1751 1196 1783 eius
1218 1751 1363 1783 emundat
1383 1761 1438 1784 nos
1461 1751 1499 1784 ab
1523 1752 1607 1783 omni
1624 1756 1758 1792 peccato.

1215 1835 1242 1867 3.
1270 1835 1357 1876 Quod
1378 1836 1524 1868 vidimus.
1558 1837 1629 1869 Iam
1654 1838 1749 1869 tertio
1773 1839 1889 1879 repetit
1904 1839 1985 1870 illud
2001 1850 2098 1872 suum

1129 1879 1246 1910 vidisse
1277 1884 1309 1909 et
1337 1879 1480 1918 audisse,
1514 1891 1554 1911 ne
1581 1880 1658 1920 quid
1689 1881 1771 1912 desit
1794 1881 1833 1912 ad
1856 1881 1992 1913 solidam
2021 1893 2099 1915 81130

1128 1921 1290 1953 doctrinae
1313 1922 1553 1955 certitudinem.
1598 1924 1706 1964 Atque
1733 1923 1764 1954 id
1789 1923 1961 1964 diligenter
1983 1931 2098 1957 notan·

1128 1965 1203 1996 dum
1227 1968 1286 2005 est,
1310 1964 1449 1996 delectos
1471 1975 1541 1997 esse
1557 1976 1574 1997 a
1591 1965 1721 1998 Christo
1737 1967 1895 2007 evangelii
1912 1977 2095 2008 praecones,

1126 2008 1181 2048 qui
1198 2007 1303 2039 idonei
1327 2017 1363 2039 ao
1386 2007 1441 2039 fidi
1464 2018 1576 2040 eorum
1593 2009 1747 2047 omnium,
1764 2019 1844 2049 quae
1861 2009 1978 2042 dicturi
1995 2016 2098 2049 erant,

1127 2055 1225 2082 testes
1260 2060 1329 2082 esse
1363 2056 1503 2090 possent.
1560 2051 1665 2083 Simul
1703 2052 1800 2083 ctiam
1839 2052 1878 2083 de
1915 2053 2014 2085 animi
2047 2055 2097 2085 sui

1126 2094 1242 2126 affectu
1275 2098 1429 2125 testatur:
1461 2094 1536 2134 quia
1566 2105 1631 2125 non
1663 2094 1726 2126 alia
1753 2094 1879 2126 ratione
1909 2097 2032 2128 moveri
2063 2107 2098 2128 se

1126 2136 1201 2168 dicit
1226 2136 1266 2167 ad
1291 2136 1505 2175 scribendum,
1536 2137 1598 2168 nisi
1621 2141 1657 2168 ut
1680 2148 1743 2178 eos,
1766 2137 1881 2177 quibus
1904 2139 2025 2178 scribit,
2055 2140 2096 2171 ad

1125 2180 1310 2211 societatem
1341 2179 1586 2211 inaestimabilis
1616 2181 1689 2212 boni
1720 2180 1845 2212 invitet.
1890 2181 1987 2213 Unde
2009 2186 2097 2222 patet

1126 2225 1282 2263 quantam
1313 2221 1431 2253 habeat
1460 2222 1574 2254 salutis
1604 2223 1746 2263 ipsorum
1770 2233 1891 2255 curam.
1937 2224 2031 2263 Quod
2055 2225 2096 2256 ad

1125 2264 1359 2297 conciliandam
1388 2263 1486 2296 fidem
1516 2276 1581 2297 non
1611 2276 1725 2305 parum
1749 2265 1853 2297 valet:
1888 2267 1986 2298 nimis
2009 2267 2095 2298 euim

1125 2308 1244 2349 ingrati
1268 2318 1390 2347 sumus,
1412 2308 1439 2338 si
1462 2318 1536 2339 eum
1560 2318 1747 2340 recusamus
1770 2308 1892 2347 audire,
1918 2310 1972 2349 qui
1995 2310 2094 2342 felici-

1126 2352 1213 2391 tatis,
1237 2360 1333 2390 quam
1351 2350 1486 2390 adeptus
1502 2356 1560 2391 est,
1584 2356 1710 2392 partem
1727 2352 1965 2383 communicare
1988 2353 2094 2385 nobis-

1125 2404 1197 2425 cum
1221 2396 1320 2434 optat.
1355 2392 1515 2426 Fructum
1540 2393 1654 2426 deinde
1677 2394 1831 2434 exprimit
1853 2394 1909 2434 qui
1932 2405 1973 2426 ex
1996 2405 2095 2427 evan-

1125 2437 1209 2477 gelio
1233 2436 1423 2476 percipitur:
1454 2447 1570 2477 nempe
1598 2441 1633 2467 ut
1656 2437 1818 2468 coniuncti
1843 2437 1946 2469 simus
1968 2437 2039 2470 Deo
2063 2442 2095 2470 et

1125 2480 1191 2511 filio
1214 2480 1282 2511 eius
1299 2479 1445 2510 Christo:
1470 2480 1504 2510 111
1527 2490 1589 2520 quo
1611 2489 1775 2511 summum
1798 2479 1917 2511 bouum
1937 2481 2092 2513 consistit.

1125 2522 1197 2554 Hoc
1215 2512 1402 2553 ksecundum
1426 2521 1607 2553 membrum
1630 2522 1704 2553 addi
1728 2523 1881 2562 oportuit,
1911 2533 1975 2554 non
1998 2524 2094 2555 modo

1126 2571 1162 2597 ut
1191 2565 1364 2605 pretiosam
1393 2568 1426 2596 et
1455 2565 1621 2596 amabilem
1653 2564 1803 2597 redderet
1832 2566 1994 2606 evangelii
2019 2567 2093 2599 doc-

1126 2609 1256 2646 trinam,
1278 2607 1333 2639 sed
1357 2608 1455 2639 etiam
1479 2613 1514 2638 ut
1529 2607 1721 2646 ostenderet,
1746 2618 1811 2640 non
1829 2609 1863 2639 in
1880 2608 1978 2640 alium
1995 2609 2092 2641 finem

1127 2662 1180 2684 eos
1202 2651 1262 2683 sibi
1285 2661 1402 2691 cupere
1425 2651 1536 2691 socios,
1557 2650 1619 2682 nisi
1643 2655 1679 2682 ut
1698 2651 1767 2682 Deo
1790 2651 1974 2691 adduceret,
1998 2657 2093 2693 atque
