2513 3126
142 195 206 226 389

144 291 221 322 Ideo
244 291 320 322 dicit
340 291 489 328 frater,
515 289 701 330 significans
725 296 788 317 nou
816 290 889 317 ante
912 286 1015 317 locum
1040 295 1109 317 esse

147 334 224 365 huic
246 333 420 369 doctrinae,
443 343 537 373 quam
557 331 632 362 dum
649 329 740 361 asciti
758 329 790 360 in
807 328 953 360 ordinem
971 329 1109 360 filiorum
1136 336 1138 343 ’

147 376 209 408 Dei
232 386 354 408 sumus.
400 375 541 407 Tametsi
564 377 691 413 recepta
713 376 762 403 est
792 371 885 403 lectio
907 371 942 403 ἐν
965 375 1032 408 ταῖς
1055 381 1110 401 πο-

145 419 255 461 petam:
290 424 399 450 tamen
428 418 562 449 Erasmo
592 414 765 452 assentior,
799 414 908 454 potius
937 413 1109 455 legendum

145 473 214 494 esse
237 461 360 503 πορίαις
383 461 498 500 absque
521 457 734 497 diphthongo,
758 458 791 487 in
816 456 938 497 opibus,
963 457 1015 488 vel
1039 466 1109 488 cum

145 505 273 545 opibus:
298 504 379 544 quod
402 501 559 542 posterius
581 499 662 530 mihi
686 499 790 540 magis
813 500 926 540 placet.

233 589 281 621 12.
312 588 430 619 Beatus
451 586 502 616 vir
523 585 577 624 qui
599 585 705 624 suffert
726 585 935 617 tentationem:
967 584 1113 625 quoniam

145 642 240 673 quum
265 631 413 672 probatus
439 628 544 667 fuerit,
575 628 701 666 accipiet
728 637 872 660 coronam
900 629 988 667 vitae,
1019 637 1112 667 quam

141 675 288 715 promisit
316 672 403 703 Deus
430 670 630 711 diligentibus
655 671 770 709 ipsum.
819 671 867 702 13.
892 671 990 702 Nemo
1018 679 1112 710 quum

146 720 286 756 lentatur,
314 715 406 753 dicat,
428 723 449 744 a
472 713 539 744 Deo
561 715 664 744 tentor.
709 713 799 745 Deus
821 714 902 745 enim
923 723 976 745 nec
999 713 1113 744 tentari

145 760 239 791 malis
259 758 366 798 potest,
400 766 453 787 nec
480 765 663 795 quemquam
694 758 795 788 tentat.
850 756 897 787 14.
929 756 989 787 Sed
1016 765 1112 786 unus-

146 802 273 843 quisque
294 801 435 838 tentatur,
458 799 532 829 dum
550 809 571 830 a
585 809 645 830 sua
660 800 906 838 concupiscentia
922 798 1113 830 abstrahitur

147 847 173 876 et
194 844 353 875 inescatur.
395 841 445 873 15.
469 841 638 881 Postquam
660 844 762 873 autem
783 842 1029 881 eoncupiscentia
1047 851 1115 873 con-

145 887 230 926 cepit,
248 885 339 924 parit
354 886 529 924 peccatum:
551 887 712 924 peccatum
733 895 802 916 vero
820 885 1001 924 perfectum,
1025 893 1113 925 yene-

144 931 195 960 rat
215 930 348 959 mortem.

231 1013 280 1044 12.
304 1012 424 1044 Beatus
441 1012 500 1044 vir.
534 1011 707 1052 Postquam
726 1011 870 1044 adhibita
887 1011 1114 1050 consolatione,

144 1056 339 1096 temperavit
372 1065 483 1086 eorum
513 1055 656 1086 dolorem
686 1055 742 1095 qui
775 1054 900 1087 duriter
932 1059 1114 1086 tractantur

144 1099 178 1130 in
212 1099 273 1130 hoc
306 1098 442 1135 mundo,
476 1102 508 1129 et
541 1108 670 1129 rursum
704 1098 890 1129 humiliavit
923 1108 1114 1138 magnorum

145 1140 335 1181 supercilia:
359 1150 446 1172 nunc
468 1140 630 1172 concludit
654 1140 764 1172 beatos
787 1151 856 1172 esse
872 1141 927 1181 qui
944 1150 1116 1172 aerumnas

145 1187 178 1216 et
200 1184 279 1215 alias
301 1184 499 1215 tentationes
527 1193 646 1223 magno
669 1185 777 1215 animo
800 1184 978 1223 perferunt,
1012 1184 1057 1214 ita
1079 1187 1117 1214 ut

146 1227 329 1267 superiores
358 1231 535 1267 emergant.
581 1226 696 1257 Posset
723 1226 855 1266 quidem
879 1237 997 1258 nomen
1024 1230 1116 1257 ten-

146 1269 323 1301 tationis
363 1269 459 1300 aliter
497 1269 613 1309 accipi,
654 1279 771 1309 nempe
809 1279 866 1309 pro
903 1269 1115 1310 cupiditatum

146 1312 266 1344 aculeis
299 1312 352 1352 qui
384 1313 474 1343 intus
504 1313 649 1343 animum
679 1318 845 1353 pungunt:
880 1311 935 1344 sed
964 1312 1117 1343 existimo

145 1354 370 1386 fortitudinem
399 1355 433 1385 in
464 1355 664 1395 perferendis
686 1355 782 1386 rebus
805 1355 950 1386 adversis
973 1354 1025 1386 hic
1047 1354 1117 1385 lau-

145 1398 225 1429 dari.
267 1398 311 1429 Ut
333 1398 377 1429 sit
400 1398 610 1438 paradoxum,
638 1408 704 1429 non
727 1408 798 1429 esse
822 1397 938 1436 beatos,
962 1402 999 1429 ut
1021 1397 1118 1437 vulgo

145 1446 317 1482 putantur,
351 1440 467 1481 quibus
496 1451 537 1472 ex
568 1446 644 1472 voto
674 1441 784 1472 omnia
817 1440 1027 1481 proveniunt:
1061 1439 1117 1471 sed

146 1484 202 1524 qui
226 1483 320 1515 malis
342 1494 407 1514 non
431 1484 616 1515 vincuntur.

235 1526 387 1566 Quoniam
416 1536 512 1566 qaum
530 1526 692 1566 probatas.
737 1526 912 1558 Rationem
939 1525 1044 1558 reddit
1066 1536 1117 1557 su-

146 1569 284 1610 perioris
307 1572 503 1600 sententiae:
535 1580 609 1601 nam
633 1579 751 1601 corona
774 1569 921 1609 sequitur
943 1574 1116 1600 certamen.

147 1612 237 1652 Ergo
268 1613 295 1643 si
326 1622 454 1643 summa
484 1611 649 1643 beatitudo
677 1617 734 1649 est,
765 1612 799 1643 in
821 1622 921 1652 regno
944 1611 1007 1642 Dei
1030 1621 1118 1642 coro-

147 1655 237 1686 narit
257 1655 415 1694 sequitur,
435 1655 620 1693 certamina,
639 1655 756 1694 quibus
775 1665 834 1686 nos
850 1654 1011 1686 Dominus
1027 1664 1118 1685 exer-

147 1702 212 1736 cet,
245 1697 433 1728 adiumenta
466 1707 535 1729 esse
565 1702 693 1729 nostrae
723 1697 893 1729 felicitatis.
943 1697 994 1728 Ita
1024 1707 1118 1738 argu-

147 1745 294 1772 mentum
317 1745 366 1772 est
389 1751 407 1771 a
430 1741 503 1781 fine,
528 1740 577 1771 vel
602 1740 641 1772 ab
665 1741 798 1772 effectu:
822 1740 908 1772 unde
927 1740 1117 1781 colligimus,

147 1783 220 1814 ideo
243 1787 291 1814 tot
312 1783 407 1814 malis
423 1783 534 1814 vexari
550 1783 671 1821 fideles,
696 1787 731 1814 ut
747 1783 918 1814 manifesta
935 1784 990 1814 fiat
1006 1793 1117 1814 eorum

149 1826 252 1866 pietas
274 1831 306 1857 et
328 1826 527 1857 obedientia:
552 1825 661 1866 sicque
685 1826 815 1857 demum
839 1825 879 1857 ad
902 1825 1117 1866 recipiendam

150 1869 235 1900 vitae
251 1877 403 1900 coronam
421 1869 615 1908 praeparari.
647 1868 819 1900 Caeterum
837 1879 1005 1909 perperam
1022 1869 1117 1899 ratio-

148 1912 302 1943 cinantur
325 1912 379 1951 qui
402 1911 476 1942 inde
500 1912 654 1949 inferunt,
682 1923 742 1943 nos
764 1922 915 1943 coronam
941 1911 1116 1952 pugnando

148 1954 276 1985 mereri.
311 1954 395 1985 Nam
418 1965 519 1994 quum
543 1964 613 1985 eam
637 1955 779 1995 gratuito
803 1955 895 1986 nobis
912 1954 1001 1986 Deus
1021 1954 1117 1985 desti-

148 1998 289 2036 naverit,
327 2002 453 2028 tantum
487 1997 526 2028 ad
565 2007 636 2028 eam
675 1997 892 2037 recipiendam
926 2008 984 2029 nos
1018 2002 1116 2038 aptat.

148 2040 231 2071 Nam
271 2039 355 2080 quod
392 2040 536 2077 subiicit,
575 2041 819 2080 promissam
858 2050 949 2072 esse
986 2040 1026 2071 iis
1063 2040 1117 2080 qui

148 2083 256 2113 Deum
274 2083 427 2122 diligunt:
451 2083 496 2113 ita
511 2083 677 2123 loquendo,
698 2094 761 2114 non
778 2083 895 2114 asserit
910 2083 1116 2114 dilectionem

148 2125 290 2156 hominis
313 2136 381 2157 esse
404 2135 533 2157 causam
557 2125 742 2167 (praevenit
765 2126 850 2156 enim
875 2136 931 2157 nos
952 2126 1040 2158 Deus
1058 2136 1116 2157 suo

147 2178 225 2209 erga
249 2178 306 2199 nos
329 2168 461 2210 amore),
480 2168 536 2199 sed
560 2175 686 2200 tantum
710 2169 879 2209 significat,
909 2179 962 2200 eos
986 2169 1115 2200 demum

148 2211 317 2251 approbari
342 2211 404 2242 Dei
428 2212 554 2248 electos,
584 2212 638 2251 qui
666 2212 770 2251 ipsum
796 2211 946 2251 diligunt.
991 2211 1117 2243 Interea

148 2254 315 2292 admonet,
353 2255 490 2285 victores
527 2255 671 2286 omnium
710 2255 925 2285 tentationum
962 2254 1028 2286 fore
1061 2255 1116 2295 qui

149 2295 255 2327 Deum
287 2302 412 2327 amant:
445 2307 504 2328 nec
533 2297 596 2328 alia
623 2297 662 2328 de
692 2307 787 2329 causa
812 2308 870 2328 nos
894 2297 1001 2328 animo
1025 2297 1116 2330 defici

148 2348 246 2378 quum
279 2341 462 2380 tentamur,
491 2339 553 2372 nisi
584 2340 658 2380 quia
688 2340 856 2380 praevalet
884 2340 997 2371 mundi
1027 2351 1116 2372 amor

148 2381 180 2411 in
204 2381 307 2413 nobis.

235 2424 284 2456 13.
309 2424 405 2456 Nemo
427 2435 521 2465 quum
543 2428 683 2457 tentatur.
719 2425 782 2457 Hic
799 2436 874 2456 vero
898 2435 963 2456 non
983 2425 1115 2457 dubium

149 2470 197 2497 est
228 2468 305 2506 quin
334 2467 373 2498 de
403 2468 465 2500 alio
495 2469 682 2500 tentationis
705 2479 824 2510 genere
847 2469 993 2500 disserat.
1039 2469 1117 2501 Plus

149 2509 226 2539 satis
250 2515 360 2541 notum
377 2515 436 2549 est,
459 2512 654 2543 tentationes
670 2522 781 2543 omnes
798 2517 958 2551 externas,
981 2522 1116 2551 quarum
1141 2526 1143 2567 Ι

150 2551 305 2582 hactenus
339 2553 422 2584 facta
452 2558 500 2584 est
530 2555 667 2592 mentio,
702 2555 795 2586 nobis
825 2565 843 2585 a
873 2554 942 2585 Deo
975 2555 1115 2587 immitti.

150 2594 222 2626 Hoc
247 2604 344 2626 sensu
367 2596 508 2626 tentavit
529 2597 618 2628 Deus
638 2597 814 2635 Abraham,
838 2601 870 2627 et
893 2597 1036 2637 quotidie
1060 2609 1117 2629 nos

149 2641 271 2668 tentat:
312 2638 372 2669 hoc
405 2641 470 2676 est,
503 2640 668 2680 experitur
702 2640 814 2680 quales
846 2640 963 2679 simus,
997 2640 1118 2672 obiecta

1034 189 1182 222 CAPUT
1206 189 1230 221 Ι.

2070 191 2134 223 39Ο

1163 285 1375 324 patefaciendi
1399 285 1498 317 animi
1517 285 1620 317 nostri
1636 287 1811 318 occasione.
1846 286 1911 319 Sed
1932 287 2027 328 longe
2043 287 2131 318 aliud

1163 334 1220 367 est,
1244 334 1336 360 extra
1359 328 1472 360 elicere
1495 328 1580 369 quod
1604 329 1638 359 in
1655 330 1770 361 animis
1794 329 1925 370 latebat,
1949 339 2047 370 quam
2063 331 2129 362 ani-

1163 381 1232 403 mos
1261 372 1351 403 intus
1382 371 1555 403 sollicitare
1578 372 1686 411 pravis
1709 372 1944 411 cupiditatibus.
1988 372 2039 404 De
2063 378 2131 404 ten-

1164 414 1337 445 tationibus
1360 424 1437 454 ergo
1458 414 1595 446 internis
1619 414 1670 445 hic
1694 418 1817 453 tractat,
1841 425 1923 456 quae
1944 415 2027 446 nihil
2044 415 2131 447 aliud

1164 461 1241 487 sunt
1270 467 1365 496 quam
1395 457 1567 488 inordinati
1591 457 1754 497 appetitus
1777 458 1831 497 qui
1852 468 1908 490 nos
1932 458 1971 489 ad
1995 468 2132 498 peccan-

1164 498 1240 530 dum
1271 500 1417 530 incitant.
1463 499 1598 531 Illorum
1622 504 1767 531 autorem
1792 501 1906 531 merito
1929 500 2038 532 Deum
2061 511 2131 533 esse

1164 544 1277 581 negat:
1309 543 1462 581 quoniam
1488 552 1529 573 ex
1551 543 1659 574 carnis
1682 547 1812 573 nostrae
1835 545 2040 583 corruptione
2063 553 2131 575 ma-

1164 588 1255 615 nant.
1307 584 1397 616 Haec
1426 585 1601 616 admonitio
1631 585 1727 617 valde
1756 586 1939 617 necessaria
1968 591 2026 626 est,
2057 586 2133 626 quia

1165 627 1245 658 nihil
1271 626 1453 659 hominibus
1477 632 1526 658 est
1549 628 1652 669 magis
1675 628 1829 659 usitatum
1849 638 1944 668 quam
1965 630 2132 666 malorum,

1164 679 1245 709 quae
1275 670 1408 710 quisque
1437 675 1611 710 perpetrat,
1640 670 1767 710 culpam
1798 670 1860 701 alio
1886 672 2134 703 transscribere:

1165 714 1244 743 tunc
1273 717 1380 743 autem
1410 713 1552 744 maxime
1575 713 1728 745 videntur
1755 713 1816 745 sibi
1840 713 1979 752 liberari,
2010 714 2036 745 si
2064 724 2133 745 eam

1166 755 1199 785 in
1222 754 1330 786 Deum
1360 755 1466 794 ipsum
1496 755 1652 787 derivent.
1697 756 1768 787 Hoc
1799 756 2034 796 tergiversandi
2057 757 2134 787 arti-

1166 797 1275 828 ficium
1299 807 1318 828 a
1340 799 1443 837 primo
1474 797 1604 829 homine
1638 798 1793 830 traditum
1823 799 1935 830 sedulo
1959 799 2135 830 imitamur.

1167 840 1239 872 Hac
1271 840 1309 871 de
1339 850 1435 871 causa
1457 840 1592 872 Iacobus
1622 851 1681 872 nos
1710 841 1749 872 ad
1781 841 1903 882 proprii
1926 845 2036 873 reatus
2059 852 2134 873 cou-

1167 883 1338 915 fessionem
1355 888 1456 920 vocat,
1480 893 1521 914 ne
1537 883 1644 915 Deum
1668 884 1904 916 substituamus
1927 889 2037 916 nostro
2057 884 2134 924 1000,

1167 935 1204 957 ac
1233 926 1261 956 si
1291 936 1349 957 nos
1378 926 1447 966 ipse
1474 926 1513 956 ad
1545 926 1741 966 peccandum
1777 927 1967 967 impelleret.
2012 927 2136 958 Verum

1166 968 1242 1000 huic
1276 969 1457 1000 sententiae
1487 968 1618 1000 videtur
1651 970 1824 1001 reclamare
1858 974 1926 1001 tota
1954 970 2136 1011 scripturae

1167 1012 1322 1049 doctrina,
1343 1021 1423 1052 quae
1447 1011 1597 1043 homines
1620 1011 1717 1043 tradit
1739 1013 1903 1044 excaecari
1927 1023 1945 1043 a
1961 1013 2042 1050 Deo,
2065 1022 2137 1044 con-

1166 1054 1220 1086 iici
1250 1054 1284 1085 iu
1315 1064 1447 1086 sensum
1477 1053 1667 1095 reprobum,
1698 1055 1849 1095 prostitui
1880 1055 1914 1086 in
1944 1055 2137 1096 cupiditates

1166 1097 1275 1128 foedas
1306 1102 1338 1128 et
1360 1097 1497 1129 illicitas.
1543 1097 1745 1137 Respondeo,
1776 1097 1836 1129 hac
1859 1108 1986 1138 quoque
2009 1099 2135 1130 ratione

1167 1140 1312 1171 fortassis
1335 1139 1503 1172 inductum
1527 1140 1627 1171 fuisse
1651 1140 1802 1172 Iacobum
1822 1146 1858 1171 ut
1876 1146 2011 1181 negaret
2029 1151 2047 1172 a
2063 1141 2134 1173 Deo

1169 1193 1227 1214 nos
1270 1183 1406 1223 tentari,
1445 1183 1520 1223 quia
1557 1183 1647 1223 impii
1689 1183 1729 1214 ad
1767 1183 1962 1224 captandum
1999 1183 2138 1216 colorem

1169 1226 1348 1266 scripturae
1372 1225 1567 1258 testimoniis
1590 1236 1624 1257 se
1647 1231 1783 1257 armant.
1826 1226 1952 1257 Verum
1975 1227 2037 1258 duo
2060 1232 2138 1259 sunt

1170 1269 1223 1300 hic
1253 1268 1405 1300 notanda.
1451 1269 1536 1300 Nam
1567 1279 1665 1309 quum
1694 1270 1853 1309 scriptura
1879 1271 2138 1302 excaecationem

1172 1311 1221 1343 vel
1258 1311 1503 1343 obdurationem
1543 1312 1646 1343 cordis
1682 1312 1796 1343 tribuit
1829 1311 1917 1351 Deo,
1955 1323 2058 1353 neque
2091 1313 2138 1344 illi

1170 1355 1299 1386 initium
1321 1355 1477 1395 assignat,
1509 1365 1612 1395 neque
1635 1355 1710 1386 facit
1733 1355 1809 1386 mali
1832 1361 1990 1393 autorem,
2015 1359 2048 1386 ut
2071 1356 2137 1387 cul-

1171 1408 1245 1438 pam
1268 1398 1428 1429 sustinere
1451 1397 1574 1429 debeat.
1619 1397 1656 1428 In
1679 1397 1730 1429 his
1752 1402 1862 1429 autem
1886 1398 2011 1430 duobus
2034 1398 2137 1430 solum

1170 1440 1303 1472 Iacobus
1326 1440 1456 1472 insistit.
1494 1440 1662 1480 Scriptura
1684 1440 1836 1481 reprobos
1860 1451 1879 1472 a
1897 1441 2040 1472 Domino
2062 1452 2138 1473 con-

1170 1485 1224 1516 iici
1246 1483 1362 1515 asserit
1384 1484 1417 1515 in
1441 1493 1556 1523 pravas
1575 1483 1775 1523 cupiditates.
1809 1483 1864 1514 An
1883 1483 1961 1523 quia
1978 1483 2138 1515 Dominus

1171 1538 1225 1560 cor
1247 1537 1360 1558 eorum
1385 1526 1539 1567 depravet
1561 1526 1612 1557 vel
1636 1526 1844 1566 corrumpat?
1887 1526 2040 1557 Minime:
2064 1527 2137 1558 ideo

1171 1571 1258 1602 enim
1288 1570 1459 1601 subiicitur
1485 1570 1592 1609 pravis
1616 1569 1792 1609 desideriis,
1823 1569 1896 1609 quia
1919 1570 1983 1600 iam
2007 1579 2137 1610 eorrup-

1171 1619 1240 1645 tum
1264 1618 1296 1644 et
1319 1612 1469 1644 vitiosum
1494 1616 1571 1643 erat.
1610 1613 1663 1643 Au
1686 1622 1764 1643 vero
1787 1621 1886 1651 quum
1911 1619 2061 1644 excaecat
2084 1612 2136 1643 vel

1170 1656 1303 1688 indurat
1325 1655 1423 1693 Deus,
1450 1656 1569 1695 peccati
1593 1660 1686 1686 autor
1709 1659 1757 1687 est
1781 1654 1831 1686 vel
1855 1655 2024 1686 minister?
2068 1655 2138 1686 Imo

1171 1699 1231 1731 hoc
1262 1698 1356 1730 modo
1386 1702 1515 1738 peccata
1546 1697 1719 1734 ulciscitur,
1751 1699 1934 1737 iustamque
1957 1697 2137 1729 mercedem

1170 1742 1278 1782 impiis
1311 1741 1473 1781 rependit,
1511 1741 1564 1780 qui
1599 1741 1716 1781 spiritu
1749 1750 1808 1771 suo
1842 1740 1912 1781 regi
1945 1741 2138 1772 abnuerunt.

1172 1785 1328 1825 Sequitur
1357 1794 1424 1825 ego,
1452 1794 1555 1824 neque
1578 1784 1702 1823 peccati
1725 1784 1882 1824 originem
1906 1793 1976 1815 esse
1999 1784 2033 1814 in
2057 1783 2138 1822 Deo,

1171 1838 1275 1867 neque
1307 1827 1354 1858 illi
1384 1827 1512 1867 culpam
1543 1826 1699 1866 imputari
1728 1837 1823 1866 posse
1853 1826 1945 1866 quasi
1975 1837 2014 1857 ex
2045 1826 2139 1857 malis

1170 1871 1372 1910 voluptatem
1396 1869 1510 1910 capiat.
1549 1868 1686 1901 Summa
1706 1873 1762 1907 est,
1787 1869 1907 1900 frustra
1929 1869 2138 1909 tergiversari

1169 1914 1335 1945 hominem
1366 1913 1421 1952 qui
1450 1912 1602 1944 vitiorum
1633 1922 1765 1944 suorum
1797 1912 1926 1952 culpam
1950 1913 2083 1944 reiicere
2105 1912 2138 1943 in

1169 1956 1278 1988 Deum
1309 1960 1458 1987 conatur:
1494 1955 1569 1995 quia
1596 1964 1662 1985 nou
1693 1965 1733 1986 ex
1756 1955 1818 1986 alio
1848 1955 1937 1986 fonte
1968 1955 2140 1995 proveniat

1169 1998 1327 2039 quidquid
1359 2003 1406 2029 est
1436 1998 1606 2036 malorum,
1637 2008 1735 2038 quam
1759 2008 1799 2029 ex
1822 2007 1974 2037 perversa
1998 1997 2140 2029 hominis

1169 2041 1438 2081 concupiscentia.
1495 2042 1605 2080 Atque
1640 2042 1688 2072 ita
1720 2051 1799 2072 sane
1836 2051 1886 2072 res
1923 2040 2036 2079 habet,
2073 2050 2138 2071 non

1169 2085 1298 2116 aliunde
1322 2094 1380 2115 uos
1403 2083 1533 2124 impelli,
1557 2083 1613 2115 sed
1636 2084 1750 2124 cuique
1773 2093 1911 2124 pravum
1935 2093 2028 2114 suum
2046 2083 2138 2114 affec-

1169 2133 1237 2158 tum
1268 2137 1336 2158 esse
1366 2126 1481 2158 ducem
1511 2137 1547 2158 ac
1569 2127 1790 2166 impulsorem.
1836 2126 1944 2157 Deum
1978 2136 2057 2157 vero
2086 2136 2140 2157 ne-

1169 2171 1289 2201 minem
1309 2173 1445 2208 tentare,
1468 2169 1544 2200 inde
1560 2170 1683 2210 probat,
1707 2170 1781 2209 quia
1803 2169 1923 2200 malis
1947 2179 2024 2200 non
2049 2173 2136 2199 ten-

1169 2218 1292 2245 tatur.
1331 2212 1413 2243 Nam
1437 2211 1508 2243 ideo
1531 2222 1589 2243 nos
1612 2212 1652 2243 ad
1676 2212 1872 2252 peccandum
1889 2211 2034 2243 diabolus
2053 2211 2138 2242 solli-

1168 2257 1257 2294 citat,
1287 2256 1361 2295 quia
1390 2255 1504 2286 insana
1533 2254 1685 2295 peccandi
1715 2254 1889 2294 cupiditate
1920 2259 2007 2285 totus
2029 2253 2137 2285 ardet:

1169 2299 1260 2330 Deus
1287 2303 1393 2329 autem
1423 2298 1543 2329 malum
1567 2308 1632 2329 non
1656 2298 1795 2338 appetit:
1826 2307 1903 2337 ergo
1927 2307 2031 2336 neque
2053 2296 2138 2327 male

1168 2341 1285 2382 agendi
1309 2341 1402 2372 nobis
1425 2346 1519 2372 autor
1542 2345 1599 2372 est.

1255 2383 1304 2414 14.
1335 2383 1423 2414 Dum
1445 2394 1465 2414 a
1487 2393 1547 2415 sua
1571 2383 1825 2422 concupiscentia.
1871 2382 1980 2421 Quum
2003 2382 2139 2413 interior

1168 2427 1211 2459 sit
1234 2427 1273 2457 ad
1296 2426 1417 2457 malum
1442 2432 1549 2457 motus
1572 2431 1604 2457 et
1627 2426 1781 2463 incitatio,
1806 2425 1928 2456 frustra
1944 2425 1983 2456 ab
2000 2429 2137 2456 externo

1168 2470 1309 2509 impulsu
1341 2470 1557 2501 excusationis
1587 2475 1792 2509 praetextum
1823 2472 1956 2507 quaeret
1980 2473 2137 2507 peccator.

1168 2513 1372 2552 Quamquam
1411 2511 1544 2543 notandi
1581 2516 1658 2543 sunt
1691 2511 1725 2542 hi
1763 2511 1825 2542 duo
1860 2511 2138 2551 concupiscentiae

1168 2556 1314 2591 effectus,
1346 2555 1431 2594 quod
1462 2565 1519 2586 nos
1550 2553 1709 2586 illecebris
1739 2554 1876 2591 inescat,
1907 2556 1939 2584 et
1969 2553 2055 2594 quod
2080 2563 2138 2584 uos

1169 2598 1344 2630 abstrahit:
1369 2608 1505 2637 quorum
1531 2597 1651 2637 singuli
1674 2597 1713 2628 ad
1738 2604 1864 2628 reatum
1887 2596 2062 2628 sufficiunt.

1256 2641 1304 2671 15.
1337 2640 1503 2680 Postquam
1533 2640 1672 2679 concepit.
1723 2640 1885 2680 Principio
1917 2639 2139 2679 concupis-

1884 2699 1932 2724 25*
