2513 3126
278 215 338 246 451

283 312 496 343 destituimur.
542 309 650 347 Quare
674 305 866 337 dubitationi
890 306 1028 337 occurrit
1048 305 1177 344 Petrus,
1202 303 1252 336 his

283 354 398 390 verbis,
422 352 580 383 Dominus
603 349 729 389 inopiae
749 354 876 380 vestrae
899 348 976 379 satis
999 357 1160 388 superque
1181 357 1251 379 suc-

282 402 397 432 curret,
433 395 534 426 donoc
574 393 607 423 in
639 397 808 424 aeternum
838 391 907 422 eius
941 400 1079 431 regnum
1114 390 1252 430 ingressi

283 439 417 470 fueritis.
464 437 616 477 Regnum
641 435 763 467 Christi
787 433 941 474 appellat:
967 434 1041 473 quia
1065 433 1193 464 nonnisi
1216 442 1253 464 eo

283 481 363 513 duce
387 486 419 511 et
442 479 580 519 auspice,
604 478 637 509 in
661 477 785 509 coelum
809 475 1043 508 contendimus.

371 523 419 554 12.
445 521 557 562 Itaque
574 531 632 552 non
649 520 811 561 vieyliyam.
850 518 937 558 Quia
953 529 1063 550 eorum
1081 518 1253 549 memoriae

284 566 336 598 vel
367 564 474 597 studio
503 564 649 596 diffidere
672 563 821 594 videmur
851 572 929 602 quos
952 571 1048 602 saepe
1071 571 1252 593 commone-

283 609 418 640 facimus
452 607 491 639 de
525 617 559 638 re
589 606 710 646 aliqua,
744 605 887 637 modeste
917 609 1051 636 excusat
1081 603 1252 644 apostolus,

283 650 367 691 quod
397 650 544 682 fidelibus
572 659 639 680 rem
663 654 773 680 notam
797 650 830 680 et
852 648 980 688 penitus
1002 657 1113 679 eorum
1137 647 1253 678 animis

283 694 419 725 infixam
449 693 610 724 inculcare
645 697 752 722 tamen
777 701 841 722 non
865 690 1007 722 desinat:
1040 700 1155 729 nempe
1179 690 1254 730 quia

283 737 344 768 hoc
376 736 517 777 postulet
547 736 591 766 rei
623 734 770 776 gravitas
793 739 825 765 et
848 732 1048 774 magnitudo.
1094 732 1160 763 Vos
1183 732 1253 772 qui-

284 779 372 819 dem,
407 778 524 818 inquit,
559 777 657 818 probe
688 777 805 808 tenetis
835 786 993 816 quaenam
1021 776 1064 807 sit
1092 775 1253 815 evangelii

286 824 421 854 veritas:
450 831 555 861 neque
579 830 636 852 vos
665 820 758 860 quasi
786 819 980 850 fluctuantes
1001 818 1166 858 confirmo,
1198 818 1252 848 sed

284 866 316 896 in
341 876 375 897 re
398 869 487 895 tanta
510 863 704 894 monitiones
728 872 892 902 nunquam
916 864 993 893 sunt
1015 869 1253 901 supervacuae:

286 918 385 949 quare
410 916 575 947 nunquam
598 905 752 938 molestae
775 915 845 937 esse
868 904 994 936 debent.
1034 903 1141 936 Simili
1157 903 1254 934 etiam

286 950 495 982 excusatione
514 949 619 980 utitur
635 948 758 980 Paulus
775 947 816 980 ad
832 947 997 979 Romanos
1013 947 1117 987 eapite
1135 945 1183 982 15,
1205 945 1254 984 14,

286 993 467 1024 Persuasus
497 1002 578 1030 sum,
610 991 725 1032 inquit,
756 991 795 1022 de
818 990 908 1022 vobis
938 990 1062 1028 fratres,
1092 987 1177 1029 quod
1207 998 1256 1019 re-

286 1036 360 1067 ferti
383 1035 454 1067 sitis
478 1035 703 1075 intelligentia,
728 1038 763 1065 ut
786 1033 913 1074 possitis
935 1033 988 1064 alii
1012 1032 1089 1063 alios
1112 1041 1254 1062 monere.

286 1078 353 1110 Sed
385 1077 599 1109 confidentius
629 1077 744 1118 scripsi
768 1076 867 1114 vobis,
898 1076 988 1116 quasi
1011 1075 1043 1106 in
1067 1074 1255 1105 memoriam

285 1120 454 1153 reducens.
493 1121 799 1152 Praesentem
822 1119 1077 1150 veritatem
1102 1117 1257 1155 nominat,

286 1165 320 1195 in
343 1164 436 1195 cuius
459 1163 696 1204 possessionem
720 1167 808 1194 certa
830 1162 893 1193 fide
916 1162 980 1192 iam
997 1159 1136 1200 ingressi
1152 1164 1257 1190 erant.

286 1206 401 1238 Fidem
433 1217 510 1247 ergo
539 1206 681 1246 ipsorum
712 1204 932 1242 commendat,
963 1213 1025 1244 quo
1055 1202 1258 1235 constantius

287 1251 320 1280 in
343 1259 381 1281 ea
403 1249 498 1280 infixi
519 1253 684 1280 maneant.

375 1292 426 1323 13.
460 1292 585 1323 Iustum
622 1293 725 1322 autem
753 1289 897 1322 arbitror.
954 1287 1018 1319 Hic
1051 1287 1169 1319 clarius
1204 1298 1257 1319 ex-

287 1335 398 1376 primit
422 1344 518 1374 quam
543 1334 630 1366 utilis
654 1333 795 1374 adeoque
819 1331 1021 1364 necessarius
1045 1330 1087 1362 sit
1110 1330 1258 1362 monitio-

287 1388 366 1409 num
398 1387 493 1409 usus:
526 1377 600 1417 quia
628 1376 741 1407 fideles
772 1376 912 1406 excitare
939 1373 1107 1406 convenit:
1139 1373 1257 1414 alioqui

289 1421 377 1452 enim
417 1420 544 1460 obrepit
582 1430 602 1451 a
638 1429 735 1451 carne
773 1423 890 1457 torpor.
947 1416 1119 1457 Utcunque
1156 1416 1257 1457 igitur

289 1463 438 1495 doctrina
467 1473 530 1493 non
559 1461 742 1502 indigeant,
776 1460 873 1492 utiles
903 1464 1012 1490 tamen
1042 1458 1255 1490 monitionum

288 1506 436 1538 stimulos
465 1516 534 1537 esse
564 1504 655 1536 dicit:
686 1510 727 1535 ne
750 1505 906 1535 securitas
928 1508 961 1533 et
982 1501 1187 1543 indulgentia
1209 1501 1258 1542 (ut

288 1549 359 1580 fieri
382 1547 477 1590 solet)
500 1547 584 1588 quod
609 1551 695 1579 recte
718 1546 900 1578 didicerunt
922 1545 1047 1583 obruat,
1070 1549 1103 1576 et
1125 1544 1257 1576 tandem

289 1591 486 1632 exstinguat.
537 1590 638 1622 Addit
671 1589 805 1621 alteram
836 1598 966 1620 causam
998 1598 1056 1620 eur
1085 1587 1188 1628 magis
1217 1586 1257 1618 ad

288 1634 351 1666 hoc
383 1635 424 1666 sit
458 1634 620 1665 intentus:
654 1633 729 1673 quia
762 1632 859 1664 breve
889 1631 948 1663 sibi
979 1635 1107 1671 tempus
1135 1635 1258 1662 restare

289 1678 427 1709 noverit.
484 1676 639 1715 Strenue,
672 1675 793 1716 inquit,
827 1680 971 1715 tempore
1005 1673 1158 1705 utendum
1192 1678 1256 1704 est:

290 1720 452 1752 Dominus
485 1719 570 1752 enim
605 1718 685 1750 mihi
720 1717 941 1749 manifestavit
975 1727 1038 1748 non
1072 1716 1257 1748 diuturnam

291 1762 374 1794 mihi
404 1763 470 1794 fore
494 1763 594 1795 vitam
624 1762 657 1792 in
687 1761 749 1793 hoc
779 1760 912 1792 mundo.
956 1759 1044 1792 Hinc
1069 1758 1259 1799 colligimus,

291 1806 337 1837 sic
360 1805 588 1846 temperandas
617 1814 687 1836 esse
717 1804 927 1843 monitiones,
961 1813 1002 1834 ne
1031 1802 1178 1842 populus,
1207 1802 1259 1832 cui

293 1849 444 1880 volumus
469 1848 629 1888 prodesse,
654 1847 715 1879 sibi
737 1847 892 1878 iniuriam
916 1846 985 1877 fieri
1002 1849 1109 1886 putet:
1131 1844 1176 1876 sic
1192 1854 1258 1875 rur-

293 1901 348 1922 sus
375 1892 534 1923 cavendas
564 1901 634 1922 esse
664 1890 872 1926 offensiones,
907 1893 942 1920 ut
974 1894 1083 1920 tamen
1114 1887 1261 1919 doctrina

292 1933 430 1965 liberum
460 1944 590 1966 cursum
622 1932 749 1972 habeat,
780 1937 813 1963 et
841 1930 1083 1964 exhortationes
1105 1939 1170 1961 non
1193 1940 1259 1961 ces-

295 1981 376 2007 sent.
415 1976 504 2008 Haec
528 1981 636 2007 autem
659 1975 838 2007 moderatio
861 1973 948 2015 apud
971 1984 1024 2005 eos
1043 1973 1146 2006 locum
1165 1972 1263 2004 habet

296 2018 409 2058 quibus
449 2019 551 2050 acrior
591 2018 772 2059 obiurgatio
808 2028 872 2049 non
909 2017 1077 2049 convenit:
1118 2015 1173 2047 sed
1208 2014 1263 2055 qui

295 2060 412 2092 blande
435 2062 540 2100 potius
562 2060 694 2092 iuvandi
710 2065 798 2099 sunt,
820 2070 919 2100 quum
935 2060 975 2091 ad
991 2059 1133 2091 officium
1149 2063 1263 2099 sponte

296 2105 363 2136 sint
386 2104 548 2144 propensi.
593 2103 757 2135 Docemur
779 2104 877 2135 etiam
902 2103 990 2134 Petri
1014 2102 1171 2142 exemplo,
1202 2110 1264 2140 quo

298 2147 428 2179 brevius
453 2145 544 2177 nobis
567 2151 714 2186 superest
737 2146 822 2177 vitae
845 2146 995 2186 spatium,
1019 2144 1206 2186 diligentius
1225 2143 1264 2174 ad

297 2199 416 2221 munus
450 2193 597 2220 nostrum
632 2189 874 2228 exsequendum
908 2187 1103 2220 incumbere.
1156 2186 1265 2227 Vulgo

297 2232 426 2273 quidem
456 2231 548 2263 nobis
578 2241 644 2262 non
676 2231 770 2261 datur
799 2232 895 2262 finem
920 2236 1067 2262 nostrum
1089 2229 1266 2271 praescire:

298 2275 353 2307 sed
383 2274 438 2315 qui
462 2273 513 2306 vel
543 2278 648 2305 aetate
675 2278 752 2305 sunt
775 2278 937 2313 provecta,
967 2273 1019 2304 vel
1043 2273 1152 2304 minus
1173 2273 1267 2303 firma

298 2317 495 2357 valetudine,
527 2316 645 2348 talibus
674 2316 801 2348 indiciis
832 2315 870 2347 de
894 2316 978 2347 vitae
1008 2326 1084 2348 suae
1107 2315 1267 2347 brevitate

299 2360 466 2398 admoniti,
485 2359 591 2400 magis
607 2358 718 2390 sedulo
734 2359 856 2390 instare
872 2357 932 2389 sibi
949 2358 1074 2397 debent,
1090 2363 1125 2390 ut
1141 2362 1267 2389 mature

298 2408 457 2444 peragant
481 2402 564 2443 quod
581 2401 742 2433 Dominus
764 2401 916 2433 iniunxit.
955 2401 1024 2432 Imo
1047 2401 1101 2441 qui
1117 2400 1269 2432 robustis-

299 2446 372 2478 simi
402 2451 493 2484 sunt,
527 2449 560 2476 et
590 2444 696 2477 adhue
725 2445 759 2475 in
787 2443 893 2475 medio
924 2444 1037 2475 aetatis
1068 2444 1160 2482 flore,
1193 2443 1269 2483 quia

301 2494 410 2520 tamen
447 2498 512 2519 non
550 2492 616 2519 tam
654 2487 844 2518 diuturnum
879 2486 1071 2526 obsequium
1105 2491 1269 2526 praestare

300 2531 371 2563 Deo
395 2534 538 2572 possunt,
561 2540 657 2571 quam
681 2529 861 2570 optandum
884 2535 983 2561 esset:
1007 2529 1119 2560 mortis
1141 2529 1270 2568 propin-

301 2584 383 2614 quae
413 2573 567 2605 memoria
596 2583 711 2605 acuere
741 2583 776 2604 se
799 2572 839 2604 ad
862 2571 997 2604 eandem
1019 2570 1269 2603 sollicitudinem

303 2616 438 2648 debent:
470 2627 510 2647 ne
541 2615 622 2647 bene
651 2615 768 2657 agendi
795 2615 918 2648 occasio
947 2615 1037 2655 pigre
1067 2619 1098 2646 et
1127 2614 1270 2654 segniter

303 2659 344 2691 ad
373 2669 452 2700 opus
482 2658 707 2691 accedentibus
737 2658 860 2690 effluat.
905 2657 1035 2690 Interea
1063 2666 1129 2688 non
1158 2656 1270 2688 dubito

1117 207 1258 239 EPIST.
1283 207 1420 240 PETRI
1443 208 1477 239 11

2209 205 2273 238 452

1303 305 1381 345 quin
1417 304 1488 344 plus
1532 301 1714 334 autoritatis
1752 304 1782 332 et
1821 301 1972 342 ponderis
2002 301 2166 334 doctrinae
2195 311 2272 334 suae

1304 347 1468 387 acquirere
1494 345 1630 377 voluerit
1651 344 1777 383 Petrus,
1800 354 1900 384 quum
1924 344 1985 376 sibi
2008 354 2103 376 curae
2127 344 2271 376 futurum

1304 390 1382 421 dicit
1420 393 1454 421 ut
1491 394 1563 428 post
1596 392 1735 418 mortem
1769 397 1860 419 suam
1895 396 1978 427 quae
2012 392 2088 419 tunc
2121 387 2273 426 instabat,

1304 432 1420 464 harum
1455 441 1563 462 rerum
1594 430 1659 461 sint
1686 440 1853 461 memores.
1905 429 1989 461 Nam
2019 430 2045 461 si
2076 430 2147 469 quis
2178 429 2274 470 paulo

1305 480 1376 516 post
1405 485 1444 506 ex
1476 473 1535 505 hac
1567 474 1633 504 vita
1662 473 1870 513 migraturus,
1902 482 1961 504 nos
1991 472 2175 513 alloquitur,
2205 473 2274 504 eius

1306 528 1400 550 voces
1423 516 1661 556 quodammodo
1687 517 1751 547 vim
1776 515 1961 546 testamenti
1984 514 2113 553 habent,
2137 515 2273 546 maiore-

1305 572 1365 601 que
1388 559 1570 591 revercntia
1593 558 1698 590 solent
1721 568 1740 589 a
1763 558 1855 589 nobis
1877 558 1992 597 excipi.

1392 602 1440 633 14.
1464 601 1689 641 Depositurum
1710 600 1763 633 hoc
1785 600 2022 633 tabernaculum.
2063 600 2115 632 Ad
2140 600 2275 632 verbum

1306 650 1370 678 est:
1404 645 1523 676 Brevis
1553 643 1751 675 tabernaculi
1781 643 1878 675 huius
1909 643 2074 684 depositio.
2128 643 2199 675 Hac
2228 643 2274 674 lo-

1307 689 1471 729 quutione,
1502 688 1535 718 et
1565 691 1677 726 postea
1709 686 1866 718 discessus
1889 686 2030 723 nomine,
2058 691 2197 717 mortem
2221 685 2275 717 de-

1306 733 1423 772 signat.
1462 728 1556 768 Quod
1579 734 1690 760 notare
1712 739 1828 770 operae
1851 729 1992 769 pretium
2016 733 2081 761 est:
2106 738 2182 760 nam
2199 728 2276 760 hino

1307 775 1457 806 docemur
1480 777 1640 812 quantum
1663 772 1703 804 ab
1726 772 1858 804 interitu
1883 782 1969 803 mors
1992 771 2129 803 differat.
2175 771 2278 802 Porro

1307 817 1383 849 hinc
1407 815 1525 847 nimius
1549 815 1663 846 mortis
1686 815 1801 846 horror
1825 825 1882 846 nos
1898 817 2099 846 consternat:
2125 814 2201 854 quia
2217 822 2276 845 neo

1307 860 1384 891 satis
1417 863 1607 899 reputamus
1641 868 1735 898 quam
1767 857 1868 889 fluida
1897 858 1938 889 sit
1969 863 2001 889 et
2029 857 2167 889 evanida
2197 856 2277 888 haec

1308 904 1390 939 vita,
1429 912 1487 933 nec
1522 904 1714 941 perpetuum
1747 900 1840 931 nobis
1874 901 1958 932 vitas
1993 900 2122 932 futurae
2156 904 2277 931 statum

1308 945 1526 986 proponimus.
1572 943 1658 982 Quid
1683 947 1792 974 autem
1817 942 1956 975 Petrus?
1979 949 2116 974 mortem
2140 952 2279 983 pronun-

1309 989 1368 1020 tiat
1391 987 1513 1018 exitum
1537 997 1607 1018 esse
1630 996 1647 1017 e
1665 985 1796 1022 mundo,
1820 990 1857 1016 ut
1873 985 1935 1016 alio
1951 985 2138 1026 migremus,
2163 994 2278 1024 nempe

1309 1031 1348 1063 ad
1381 1030 1576 1061 Dominum:
1613 1028 1817 1060 formidolosa
1851 1028 1953 1069 igitur
1986 1038 2055 1060 esse
2089 1028 2180 1060 nobis
2214 1037 2279 1058 non

1309 1073 1412 1110 debet,
1435 1083 1471 1104 ac
1493 1072 1519 1104 si
1543 1071 1744 1112 pereundum
1768 1071 1861 1103 nobis
1882 1075 1967 1102 esset
1990 1081 2089 1111 quum
2113 1070 2278 1102 morimur.

1309 1115 1515 1153 Pronuntiat,
1541 1114 1773 1155 depositionem
1797 1124 1867 1146 esse
1886 1113 2095 1152 tabernaculi,
2118 1123 2183 1154 quo
2199 1112 2279 1144 dun-

1311 1163 1400 1191 taxat
1432 1158 1616 1198 obtegimur
1646 1156 1686 1188 ad
1716 1157 1813 1189 breve
1842 1162 1979 1196 tempus.
2025 1155 2100 1187 Non
2131 1166 2207 1197 ergo
2232 1158 2281 1186 est

1309 1212 1366 1234 cur
1389 1211 1484 1242 aegre
1507 1201 1659 1239 feramus,
1682 1199 1757 1231 inde
1780 1210 1838 1231 nos
1861 1199 1987 1231 abduci.
2029 1198 2149 1231 Subest
2171 1200 2281 1230 autem

1310 1245 1406 1277 tacita
1429 1243 1600 1275 antithesis
1623 1243 1708 1274 inter
1726 1242 1882 1274 caducum
1899 1241 2142 1273 tabernaculum
2159 1246 2190 1273 et
2207 1250 2279 1282 per-

1310 1294 1441 1329 petuum
1459 1285 1670 1318 domicilium:
1689 1296 1784 1326 quam
1798 1285 1920 1317 Paulus
1935 1285 2075 1325 explicat
2087 1285 2117 1315 2.
2129 1282 2278 1316 Corinth.

1310 1341 1378 1370 cap.
1395 1330 1425 1368 5,
1450 1330 1478 1361 1.
1517 1328 1612 1369 Quod
1636 1328 1722 1367 dicit,
1744 1327 1922 1360 revelatum
1939 1327 2000 1359 sibi
2015 1338 2085 1359 esse
2101 1337 2119 1358 a
2135 1326 2279 1364 Christo,

1310 1373 1368 1405 hoc
1397 1383 1460 1404 non
1489 1371 1529 1403 ad
1560 1382 1662 1412 genus
1685 1371 1808 1409 mortis,
1835 1370 1891 1403 sed
1915 1370 1954 1402 ad
1979 1375 2105 1410 tempus
2128 1370 2279 1410 pertinet.

1314 1415 1467 1456 Quomodo
1490 1417 1601 1452 autem,
1622 1414 1653 1446 si
1669 1413 1827 1454 Babylone
1849 1413 2007 1445 oraculum
2029 1413 2143 1453 aceepit
2158 1412 2194 1444 de
2206 1420 2280 1452 pro-

1306 1460 1428 1499 pinqua
1443 1459 1548 1496 morte,
1572 1456 1690 1488 Romae
1704 1456 1874 1496 crucifixus
1889 1456 1956 1488 est?
1994 1456 2079 1488 Certe
2094 1455 2160 1487 nisi
2173 1454 2282 1486 maria

1310 1504 1337 1533 et
1369 1504 1470 1533 terras
1507 1502 1655 1532 momento
1685 1499 1938 1538 transvolaverit,
1967 1499 2078 1539 procul
2109 1498 2147 1530 ab
2183 1496 2283 1529 Italia

1310 1547 1464 1576 mortuum
1492 1553 1556 1576 esse
1583 1545 1707 1575 constat.
1758 1542 1845 1575 Nam
1871 1542 1951 1582 quod
1972 1542 2129 1582 papistae,
2158 1543 2193 1572 ut
2222 1538 2283 1572 sibi

1313 1586 1401 1619 Petri
1432 1586 1564 1618 cadaver
1598 1585 1763 1623 vindicent,
1798 1584 1992 1625 Babylonios
2024 1595 2056 1616 se
2086 1584 2222 1625 faciunt,
2255 1583 2283 1613 et

1312 1630 1444 1662 Romam
1476 1629 1581 1661 dicunt
1614 1639 1634 1660 a
1665 1628 1756 1661 Petro
1786 1628 1890 1660 vocari
1919 1627 2129 1668 Babylonem,
2163 1626 2198 1658 id
2226 1634 2283 1657 suo

1311 1673 1373 1705 loco
1403 1671 1601 1713 refutabitur.
1648 1671 1744 1711 Quod
1774 1671 1813 1702 de
1846 1671 2000 1702 memoria
2028 1670 2144 1702 harum
2172 1677 2282 1701 rerum

1311 1721 1384 1756 post
1411 1724 1548 1747 mortem
1578 1724 1670 1746 suam
1701 1713 1850 1746 habenda
1878 1713 1963 1752 dicit,
1992 1713 2054 1745 huc
2083 1713 2225 1754 pertinet
2247 1715 2283 1742 ut

1311 1758 1431 1799 posteri
1455 1769 1472 1789 a
1495 1761 1622 1789 mortuo
1645 1757 1742 1789 etiam
1761 1757 1895 1789 discant.
1934 1755 2046 1797 Neque
2065 1756 2153 1788 enim
2169 1753 2284 1787 aetatis

1312 1801 1406 1833 modo
1437 1810 1514 1832 suae
1543 1801 1701 1832 rationem
1730 1800 1917 1832 habuerunt
1939 1799 2083 1839 apostoli,
2114 1797 2170 1830 sed
2190 1796 2284 1829 nobis

1313 1845 1411 1876 etiam
1439 1843 1589 1884 prodesse
1612 1843 1797 1875 voluerunt.
1841 1842 1952 1882 Quare
1975 1847 2139 1882 utcunque
2163 1838 2284 1872 mortui

1314 1888 1390 1923 sint,
1420 1886 1501 1918 vivit
1530 1896 1566 1917 ac
1598 1887 1684 1927 viget
1714 1896 1826 1917 eorum
1857 1885 2014 1917 doctrina.
2064 1885 2107 1916 Et
2138 1888 2286 1915 nostrum

1314 1934 1363 1961 est
1385 1939 1427 1959 ex
1451 1938 1561 1959 eorum
1584 1928 1713 1969 scriptis
1735 1929 1900 1969 proficere,
1923 1927 2057 1968 perinde
2080 1937 2116 1959 ac
2135 1926 2163 1958 si
2178 1925 2285 1967 palam

1316 1976 1424 2004 essent
1446 1971 1507 2011 ipsi
1530 1971 1618 2003 nobis
1639 1973 1710 2003 ante
1732 1971 1841 2004 oeulos.

1404 2056 1454 2087 16.
1480 2055 1589 2095 Neque
1611 2056 1693 2087 enim
1713 2056 1841 2095 fabulas
1861 2055 2013 2088 subtiliter
2035 2055 2218 2096 exeoyitatas
2239 2063 2287 2085 se-

1316 2099 1416 2140 quuti,
1438 2101 1541 2131 notam
1563 2099 1648 2130 vobis
1667 2098 1797 2138 fecimus
1812 2098 1945 2130 Domini
1962 2099 2062 2130 nostri
2078 2098 2153 2129 Iesu
2170 2095 2287 2129 Christi

1316 2143 1483 2182 potentiam
1520 2143 1547 2173 et
1583 2141 1763 2173 adventum:
1803 2142 1856 2173 sed
1892 2143 2074 2181 spectatores
2105 2140 2183 2180 faeti
2218 2139 2286 2170 eius

1317 2185 1568 2258 mayrlzificentiae.
1605 2184 1654 2215 17.
1671 2182 1797 2257 -
1817 2185 1902 2232 enim
1921 2195 1941 2215 a
1956 2183 2022 2215 Deo
2039 2185 2130 2232 patre
2143 2182 2289 2230 bonorem

1797 2226 2089 2309 &222522-320523
2110 2223 2289 2300 mm

1315 2313 1431 2354 placui.
1472 2313 1520 2345 18.
1545 2312 1588 2344 Et
1609 2312 1688 2344 lianc
1709 2321 1807 2344 vocem
1826 2321 1881 2344 uos
1903 2312 2093 2351 audivimus,
2116 2311 2191 2342 dum
2212 2319 2289 2342 esse-

1320 2367 1389 2388 mus
1412 2357 1446 2388 in
1468 2358 1566 2388 monte
1588 2357 1690 2388 sancto
1711 2364 1778 2386 cum
1802 2354 1864 2386 illo.

1409 2442 1458 2473 16.
1485 2441 1590 2482 Neque
1611 2440 1692 2472 enim
1717 2439 1853 2480 fabulas.
1898 2439 2079 2471 Plurimum
2104 2438 2205 2470 animi
2228 2438 2289 2470 hoc

1323 2485 1414 2517 nobis
1437 2484 1536 2523 addit,
1565 2494 1664 2524 quum
1687 2483 1805 2515 scimus
1828 2492 1887 2514 nos
1909 2483 1942 2513 in
1965 2492 2000 2513 re
2023 2487 2111 2514 certa
2133 2481 2288 2513 laborare.

1322 2528 1438 2568 Itaque
1462 2538 1501 2559 ne
1524 2526 1634 2559 fideles
1657 2536 1764 2557 aerem
1787 2536 1822 2557 se
1838 2525 2008 2557 verberare
2031 2528 2146 2565 putent
2168 2523 2203 2555 in
2222 2522 2288 2555 suis

1322 2570 1499 2609 laboribus,
1530 2569 1569 2601 ad
1599 2568 1845 2610 praedicandam
1876 2567 2035 2609 evangelii
2063 2565 2287 2598 certitudinem

1322 2614 1387 2645 iam
1419 2612 1598 2645 deseendit:
1632 2622 1669 2644 ae
1700 2612 1871 2652 quidquam
1899 2621 1918 2642 a
1940 2622 1974 2642 se
1997 2610 2159 2652 proditum
2182 2612 2289 2649 negat,

1321 2657 1383 2688 nisi
1416 2657 1535 2697 optime
1568 2658 1770 2696 compertum
1804 2664 1840 2686 ac
1873 2653 2023 2685 indubiae
2059 2652 2144 2684 fidei.
2201 2651 2288 2682 Hinc
