2513 3126
140 194 204 226 413

145 292 289 324 Satanae
334 292 515 333 praestigiis
559 289 727 332 implicit-a,
772 288 910 329 pessime
953 285 1110 317 delirabit.

145 335 307 366 Anima
337 335 390 366 hic
421 334 547 374 spiritui
580 332 762 374 opponitur,
792 330 887 361 sicuti
919 329 1041 370 primae
1071 327 1112 359 ad

145 377 333 409 Corinthios
356 387 424 418 cap.
441 377 469 415 2,
495 376 545 415 14,
567 385 663 417 quum
689 373 765 405 dicit
781 372 915 411 Paulus,
939 370 1110 403 animalem

146 420 309 453 hominem
340 430 404 451 non
434 429 555 459 capere,
587 428 670 458 quae
698 420 775 447 sunt
799 415 871 446 Dei.
915 414 981 446 Nec
1008 413 1112 454 magis

146 462 239 494 deiici
276 466 402 504 poterat
439 461 577 493 hominis
614 458 779 500 superbia,
817 468 909 498 quam
948 457 1025 488 dum
1065 457 1112 487 ita

146 505 321 537 damnatur
353 502 505 545 quidquid
536 502 714 543 sapientiae
744 500 841 532 habet
867 511 907 532 ex
931 510 989 531 sua
1011 498 1111 540 ipsius

145 549 265 585 anima,
293 548 361 579 sine
384 545 445 577 Dei
473 545 607 584 spiritu:
640 545 705 576 imo
736 543 812 575 dum
843 544 882 575 ab
912 543 982 574 eius
1004 542 1113 573 anima

146 591 183 622 fit
206 590 362 621 transitus
384 588 422 619 ad
447 587 644 619 daemonem.
683 586 825 618 Perinde
843 586 929 617 euim
949 584 1009 616 hoc
1025 584 1113 616 valet

146 642 184 664 ac
215 633 242 664 si
265 632 432 668 diceretur,
462 630 621 661 Homines
644 630 718 661 dum
742 634 924 669 sequuntur
948 627 1111 668 proprium

148 685 289 712 sensum,
312 683 387 705 mox
411 672 515 704 delabi
539 673 578 704 ad
602 672 744 705 Satanae
766 672 971 712 imposturas.

234 717 282 748 16.
319 715 378 748 Ubi
407 715 489 746 em‘m
517 716 691 747 aemulatio.
744 715 986 755 Argumentum
1016 717 1065 745 est
1094 722 1113 744 a

148 758 420 801 repugnantibus:
445 768 518 789 nam
536 758 719 796 aemulatio,
739 767 802 797 qua
820 757 997 789 incitantur
1012 756 1113 797 hypo-

147 803 256 840 critae,
278 801 456 833 contrarios
479 801 636 841 sapientia
658 801 791 832 effectus
815 801 908 841 parit.
946 798 1114 839 Sapientia

148 845 231 877 enim
249 843 380 883 requirit
397 848 516 875 statum
534 844 653 876 mentis
666 844 746 875 bene
759 843 988 884 compositum:
1004 851 1112 873 aemu-

147 887 222 918 latio
245 892 353 917 autem
377 896 450 917 eum
475 886 652 927 perturbat,
675 891 711 917 ut
734 895 840 916 secum
865 885 936 925 ipsa
958 884 1112 925 quodam-

147 928 242 960 modo
265 928 493 966 tumultuetur,
518 932 551 960 et
574 929 645 960 sine
669 928 763 960 modo
783 928 816 959 iu
836 927 914 959 alios
931 927 1113 959 efferverat.

146 971 213 1003 Alii
244 970 482 1003 ἀκαταστασίαν
507 976 637 1003 vertunt
660 972 930 1004 inconstantiam:
960 975 991 1001 et
1013 971 1113 1001 inter-

148 1013 223 1045 dum
247 1013 308 1046 hoc
331 1014 501 1055 significat.
548 1014 612 1047 Sed
637 1025 736 1055 quum
761 1014 803 1045 sit
825 1014 922 1045 etiam
946 1012 1059 1045 seditio
1082 1016 1115 1044 et

148 1056 326 1096 tumultus,
364 1067 481 1088 nomen
520 1057 771 1098 perturbationis
809 1056 916 1097 aptius
954 1055 1115 1097 praesenti

145 1099 213 1131 loco
236 1099 343 1131 visum
376 1104 435 1131 est.
480 1099 624 1132 Gravius
648 1100 734 1131 enim
758 1099 910 1139 quiddam
934 1099 1116 1139 exprimere

145 1141 280 1174 Iacobus
310 1141 421 1180 voluit,
452 1153 549 1183 quam
578 1142 760 1174 levitatem:
792 1152 907 1182 nempe
937 1141 1020 1182 quod
1049 1151 1115 1172 ma-

146 1184 255 1225 lignus
284 1189 316 1216 et
347 1185 550 1224 obtrectator,
580 1186 673 1226 quasi
702 1191 796 1217 extra
826 1195 859 1216 se
885 1184 991 1225 ipsum
1021 1189 1115 1225 esset,

147 1226 278 1259 confuse
301 1233 333 1259 et
356 1238 524 1269 perperam
549 1229 617 1269 agit
639 1228 757 1260 omnia.
795 1227 873 1259 Ideo
890 1226 980 1259 addit
1001 1237 1115 1258 omne

145 1280 164 1301 ο
175 1280 195 1310 p
209 1281 228 1301 u
241 1280 257 1301 s
290 1281 311 1311 p
323 1281 340 1302 r
352 1280 370 1301 a
383 1281 402 1302 v
415 1281 434 1302 u
449 1282 492 1304 m.

234 1312 283 1344 17.
317 1313 403 1353 Quae
433 1316 535 1346 autem
565 1324 581 1345 e
606 1323 734 1345 sursum
760 1316 811 1344 est.
857 1312 950 1344 Nunc
980 1312 1115 1344 effectus

147 1355 295 1388 coelestis
329 1357 508 1397 sapientiae
539 1356 699 1397 prioribus
729 1356 908 1387 contrarios
935 1359 1115 1387 enumerat.

148 1398 259 1430 Primo
283 1398 360 1430 dicit
383 1410 452 1431 esse
476 1410 529 1440 pu
543 1411 558 1430 r
572 1410 588 1431 a
602 1410 650 1430 m:
681 1409 743 1439 quo
767 1398 909 1439 epitheto
931 1397 1117 1430 excluditur

146 1440 331 1482 hypocrisis
354 1448 386 1473 et
409 1442 551 1474 ambitio.
597 1441 748 1474 Secundo
772 1447 865 1473 vocat
889 1451 966 1481 pac
980 1442 1117 1472 atam:

146 1489 182 1515 ut
208 1484 367 1525 significet
398 1485 536 1516 alienam
560 1495 629 1517 esse
653 1496 671 1516 a
694 1483 962 1517 contentionibus.
1007 1483 1118 1515 Tertio

149 1533 242 1558 vocat
273 1537 460 1567 aequam
491 1528 541 1559 vel
566 1528 761 1559 humanam:
785 1531 821 1558 ut
844 1527 984 1558 sciamus
1006 1526 1118 1566 procul

148 1568 268 1600 distare
291 1569 330 1601 ab
353 1570 525 1602 immodica
547 1571 745 1609 austeritate,
768 1579 848 1610 quae
864 1568 942 1600 nihil
961 1569 994 1600 in
1012 1569 1118 1600 fratri-

147 1611 206 1643 bus
238 1612 361 1644 tolerat.
416 1613 518 1644 Vocat
547 1622 711 1644 comem
742 1623 777 1644 ac
807 1612 1024 1643 tractabilem:
1058 1622 1118 1652 quo

147 1654 309 1695 significat
332 1655 505 1687 abhorrere
524 1666 543 1686 a
561 1655 709 1696 superbia
725 1660 756 1686 et
773 1654 985 1695 malignitate.
1025 1654 1117 1686 Post-

147 1707 238 1729 remo
261 1707 282 1737 p
296 1698 304 1727 l
318 1707 335 1728 e
348 1708 368 1728 n
382 1709 400 1728 a
414 1709 440 1728 m
462 1708 531 1730 esse
548 1697 765 1730 misericordia
782 1697 884 1737 docet,
901 1707 999 1737 quum
1017 1697 1117 1738 hypo-

148 1740 247 1771 critae
271 1740 439 1772 inhumani
464 1741 530 1772 sint
551 1746 582 1772 et
598 1740 824 1772 inexorabiles.
864 1740 928 1772 Per
951 1740 1118 1772 fructus

149 1781 292 1813 bonos
329 1784 524 1823 generaliter
561 1784 670 1814 omnia
707 1784 812 1815 officia
850 1783 1000 1823 designat
1037 1793 1118 1823 quae

150 1825 299 1856 benevoli
330 1826 478 1858 homines
508 1826 659 1858 fratribus
689 1826 901 1866 impendunt:
931 1835 967 1856 ac
996 1826 1022 1857 si
1054 1836 1118 1857 uno

149 1868 247 1899 verbo
270 1868 412 1907 dixisset,
438 1869 564 1909 plenam
590 1869 828 1900 beneficentiae.
866 1868 953 1900 Hinc
972 1869 1119 1909 sequitur

150 1911 278 1941 mentiri
302 1921 357 1942 eos
380 1912 434 1952 qui
458 1913 571 1943 tetrica
587 1912 778 1943 austeritate
793 1911 986 1952 gloriantur.
1025 1911 1119 1942 'Pam-

149 1953 210 1984 etsi
245 1959 348 1984 autem
383 1964 481 1994 quum
517 1965 672 1995 puram
708 1954 760 1986 vel
792 1956 952 1986 sinceram
982 1953 1117 1992 dixerat,

149 1996 229 2027 satis
259 1995 472 2028 damnaverat
496 1997 698 2038 hypocrisin:
728 1996 845 2029 clarius
869 2002 978 2028 tamen
1001 1997 1117 2028 iterum

149 2039 182 2069 in
216 2039 280 2070 fine
313 2040 440 2080 repetit.
498 2040 592 2072 Unde
625 2040 850 2078 admonemur,
886 2050 948 2071 non
984 2039 1046 2071 alia
1081 2039 1119 2071 de

149 2090 248 2112 causa
281 2091 351 2113 esse
384 2093 441 2114 nos
473 2082 560 2114 ultra
593 2083 725 2114 modum
755 2093 911 2120 morOSOS,
947 2082 1010 2114 nisi
1042 2082 1118 2123 quia

150 2124 286 2155 nimium
317 2124 408 2156 nobis
437 2127 609 2166 parcimus,
638 2131 671 2157 et
693 2126 904 2157 connivemus
926 2125 966 2156 ad
990 2125 1119 2166 propria

151 2167 238 2198 vitia.
285 2166 349 2199 Sed
381 2167 441 2200 hoc
470 2168 643 2200 absurdum
669 2168 770 2200 videri
798 2172 914 2208 posset,
943 2168 1026 2208 quod
1050 2168 1120 2200 vult

153 2219 222 2241 esse
246 2210 347 2241 sine
374 2211 734 2243 diiudicatione.
780 2211 892 2251 Neque
915 2211 1000 2242 enim
1025 2211 1118 2251 spiri-

151 2256 205 2283 tus
234 2251 307 2292 Dei,
338 2252 410 2284 boni
442 2258 474 2284 et
501 2253 578 2285 mali
608 2254 693 2285 tollit
724 2254 912 2285 discrimen:
940 2263 1044 2294 neque
1074 2254 1119 2285 ita

153 2305 211 2326 nos
232 2295 339 2326 reddit
361 2295 519 2337 socordes,
544 2300 579 2327 ut
600 2297 719 2328 iudicio
743 2297 890 2328 destituti
915 2296 1030 2327 vitium
1061 2306 1119 2337 pro

151 2337 273 2369 virtute
306 2338 485 2370 laudemus.
539 2339 750 2380 Respondeo,
784 2339 937 2370 Iacobum
972 2339 1023 2370 hic
1057 2340 1118 2370 di-

152 2379 476 2413 iudicationis
504 2382 604 2413 verbo
635 2383 729 2413 nimis
760 2383 889 2413 anxiam
920 2391 956 2413 ac
983 2392 1118 2422 scrupu-

156 2421 256 2454 losam
287 2423 526 2463 inquisitionem
558 2430 678 2466 notare,
709 2425 836 2465 qualem
870 2424 934 2455 fere
961 2424 994 2455 in
1018 2425 1117 2465 hypo-

153 2465 240 2496 critis
263 2476 393 2498 cernere
416 2468 499 2504 licet,
522 2469 575 2508 qui
601 2467 677 2499 dum
701 2469 798 2499 nimis
821 2473 934 2498 exacte
950 2467 1119 2507 inquirunt

153 2507 185 2538 in
219 2508 355 2539 fratrum
387 2509 473 2542 dicta
504 2515 535 2541 et
564 2511 656 2549 facta,
688 2510 770 2542 nihil
802 2520 866 2541 non
896 2510 930 2540 in
954 2510 1117 2542 sinistram

152 2556 275 2591 partem
299 2552 440 2590 rapiunt.

240 2593 288 2625 18.
321 2593 456 2627 Fructus
484 2597 585 2626 autem
610 2596 757 2628 iustitiae.
804 2595 934 2635 Duplex
957 2604 1025 2626 esse
1048 2605 1118 2626 sen-

153 2646 208 2668 sus
242 2639 363 2677 potest,
398 2637 448 2670 vel
483 2638 564 2678 quod
600 2639 740 2679 pacificis
774 2639 952 2670 seminatur
985 2638 1117 2677 fructus,

1018 189 1167 226 CAPUT
1191 189 1250 219 IV.

2069 192 2132 223 414

1164 296 1257 325 quem
1282 291 1391 327 postea
1414 287 1584 328 colligant:
1616 287 1665 318 vel
1690 288 1772 328 quod
1797 288 1858 329 ipsi
1883 288 2008 319 etiamsi
2034 288 2131 319 multa

1164 329 1197 359 in
1228 329 1382 369 proximis
1414 330 1556 361 modeste
1580 329 1727 368 tolerent,
1759 340 1822 362 non
1847 334 1955 362 tamen
1981 330 2132 362 desinunt

1165 371 1320 402 iustitiam
1351 381 1466 404 serere.
1512 372 1572 404 Est
1594 376 1704 404 autem
1729 373 1925 414 anticipatio.
1973 373 2053 405 Nam
2078 373 2131 414 qui

1164 414 1363 445 obtrectandi
1409 415 1540 447 libidine
1585 415 1625 447 ad
1670 416 1926 448 maledicendum
1972 416 2132 453 feruntur,

1166 456 1287 488 habent
1320 467 1447 498 semper
1481 458 1567 490 hunc
1601 463 1820 499 praetextum,
1863 457 1972 498 Quid?
2014 468 2133 499 ergone

1166 499 1286 530 malum
1322 503 1432 531 nostra
1465 500 1619 532 facilitate
1653 500 1855 532 fovebimus?
1908 501 1995 533 Dicit
2025 501 2134 541 itaque

1166 541 1319 573 Iacobus:
1343 542 1408 582 Qui
1432 553 1506 574 vere
1530 554 1570 574 ex
1592 542 1662 575 Deo
1685 544 1826 585 sapiunt,
1850 545 1892 575 ita
1915 554 1985 576 esse
2007 554 2133 584 aequos,

1166 584 1338 623 modestos,
1362 585 1512 624 placidos,
1536 586 1767 625 misericordes,
1790 591 1825 617 ut
1849 596 1912 617 non
1936 591 2044 618 tamen
2069 586 2133 618 dis-

1166 626 1321 658 simulent
1344 628 1432 665 vitia,
1457 638 1559 668 neque
1581 628 1644 660 illis
1668 629 1816 661 faveant:
1839 628 1895 661 sed
1915 630 2020 668 potius
2037 629 2134 660 corri-

1167 679 1244 710 gere
1267 670 1431 710 studeant,
1455 671 1548 702 modo
1571 671 1605 702 in
1629 682 1716 712 pace,
1740 671 1799 704 hoc
1823 677 1881 709 est,
1906 671 1964 702 tali
1988 671 2134 703 modera-

1166 712 1253 744 tione
1277 711 1430 750 adhibita,
1460 718 1494 744 ut
1518 714 1625 745 unitas
1648 714 1739 746 salva
1760 719 1898 746 maneat.
1944 715 2052 754 Atque
2075 714 2135 745 hoc

1166 754 1260 786 modo
1285 759 1432 792 testatur,
1465 756 1598 788 minime
1622 757 1684 788 huc
1707 762 1853 798 spectare
1876 767 1956 797 quae
1980 757 2136 788 hactenus

1167 797 1259 834 dixit,
1283 802 1318 828 ut
1338 807 1355 829 e
1379 798 1483 829 medio
1507 798 1662 830 tollantur
1685 799 1828 840 placidae
1851 799 2134 839 reprehensiones:

1166 840 1221 872 sed
1253 850 1294 871 ne
1320 840 1487 872 carnifices
1514 841 1579 872 sint
1610 842 1664 881 qui
1696 843 1846 874 vitiorum
1876 841 1992 873 medici
2023 840 2136 873 haberi

1167 883 1294 915 volunt.
1350 883 1510 922 Proinde,
1544 883 1842 916 facientibus
1879 895 2052 925 pacem,
2086 889 2134 915 est

1167 926 1324 966 septimus
1352 936 1455 967 casus,
1487 930 1525 957 ut
1555 931 1671 958 vocant
1701 928 1921 967 grammatici:
1952 937 1988 959 ac
2017 927 2063 959 sic
2087 936 2135 958 re-

1168 968 1249 1000 solvi
1279 968 1373 1000 debet
1402 968 1512 1007 oratio,
1544 969 1609 1008 Qui
1640 970 1727 1009 pacis
1750 970 1886 1002 studiosi
1909 972 1995 1007 sunt,
2026 979 2137 1001 curam

1168 1011 1378 1042 nihilominus
1396 1011 1517 1043 habent
1532 1012 1687 1043 serendae
1710 1012 1869 1044 iustitiae:
1894 1023 1996 1052 neque
2016 1012 2049 1043 in
2066 1021 2138 1052 pro-

1169 1054 1336 1085 movendis
1369 1058 1401 1086 et
1434 1053 1587 1095 urgendis
1621 1055 1713 1086 bonis
1744 1055 1892 1095 operibus
1922 1055 2032 1095 ignavi
2061 1057 2138 1086 sunt

1169 1101 1225 1128 aut
1253 1096 1391 1136 inutiles,
1424 1097 1478 1129 sed
1502 1097 1606 1129 zelum
1630 1108 1724 1129 suum
1749 1102 1932 1138 temperant
1954 1098 2040 1138 pacis
2063 1107 2138 1129 con-

1169 1139 1327 1171 dimento:
1359 1150 1458 1180 quum
1483 1140 1671 1181 hypocritae
1694 1150 1787 1172 caeco
1812 1145 1843 1172 et
1867 1140 1993 1172 rabioso
2018 1141 2138 1181 impetu

1168 1183 1276 1214 omnia
1301 1182 1500 1223 perturbent.

1523 1311 1704 1351 CAPUT
1726 1311 1795 1351 IV.

1257 1397 1284 1427 1.
1324 1395 1409 1428 Unde
1437 1396 1514 1428 bella
1537 1398 1563 1427 et
1579 1406 1706 1437 pugnae
1728 1396 1808 1428 inter
1829 1395 1908 1428 vos?
1938 1405 2037 1428 noune
2059 1396 2138 1435 hine,

1169 1449 1207 1471 ex
1243 1439 1452 1481 voluptatibus
1495 1440 1605 1470 vestris
1645 1449 1723 1479 quae
1759 1438 1896 1470 militant
1928 1439 1963 1471 in
1997 1439 2140 1471 membris

1170 1482 1304 1514 vestris?
1355 1482 1383 1513 2.
1414 1481 1644 1522 Concupiscitis,
1673 1484 1699 1513 et
1728 1491 1789 1513 uem
1818 1481 1955 1514 habetis:
1985 1482 2140 1521 invidetis,

1170 1527 1196 1556 et
1226 1525 1440 1563 aemulamini,
1469 1527 1496 1556 et
1525 1535 1585 1556 non
1607 1525 1737 1564 potestis
1769 1524 1917 1556 obtinere:
1939 1525 2090 1565 puqnatis
2113 1527 2140 1557 et

1170 1567 1405 1608 belliqeramini.
1441 1568 1515 1599 Nou
1529 1567 1657 1607 habetis,
1673 1570 1837 1608 propterea
1853 1568 1934 1607 quod
1949 1578 2008 1600 mm
2019 1568 2138 1607 petitis.

1171 1611 1199 1642 3.
1231 1610 1353 1649 Petita,
1381 1614 1408 1642 et
1436 1620 1499 1642 nou
1520 1610 1678 1650 accipitis.-
1706 1610 1782 1650 quia
1804 1611 1884 1642 male
1901 1610 2018 1650 petitis,
2049 1613 2084 1642 ut
2105 1611 2139 1642 in

1170 1654 1341 1693 voluptates
1362 1656 1481 1685 vestras
1504 1653 1678 1685 insumatis

1259 1739 1285 1770 1.
1325 1738 1410 1771 Unde
1439 1738 1523 1776 bella,
1554 1741 1604 1770 etc.
1650 1738 1736 1778 Quia
1764 1739 1802 1770 de
1832 1749 1910 1779 pace
1933 1742 2140 1778 tractaverat,

1171 1785 1203 1813 et
1237 1788 1406 1813 monuerat
1439 1782 1484 1813 sic
1518 1781 1764 1813 exterminanda
1796 1792 1865 1813 esse
1895 1782 1975 1813 vitia
2010 1787 2044 1813 ut
2077 1791 2141 1822 pax

1172 1825 1334 1857 foveatur:
1366 1825 1425 1856 hac
1454 1824 1620 1856 occasione
1651 1823 1816 1856 descendit
1844 1824 1884 1855 ad
1907 1824 2142 1863 contentiones,

1171 1868 1287 1908 quibus
1310 1878 1344 1900 se
1367 1872 1477 1899 mutuo
1502 1866 1680 1899 vexabant:
1713 1877 1749 1898 ac
1772 1867 1923 1904 ostendit,
1952 1876 2006 1899 eas
2029 1877 2069 1898 ex
2092 1867 2141 1898 in-

1171 1910 1327 1942 ordinatis
1361 1910 1466 1951 potius
1500 1908 1729 1950 cupiditatibus
1770 1920 1933 1951 emergere
1971 1920 2069 1950 quam
2099 1919 2139 1941 ex

1171 1953 1279 1985 studio
1312 1953 1399 1984 recti.
1450 1952 1532 1984 Nam
1569 1952 1596 1984 si
1626 1952 1756 1984 modum
1785 1953 1843 1984 sibi
1874 1953 2007 1993 quisque
2038 1953 2140 1992 impo-

1172 2002 1272 2035 neret,
1302 2006 1365 2027 non
1396 1996 1569 2028 incitarent
1599 1995 1652 2026 alii
1684 1995 1774 2027 alios.
1822 1996 1909 2036 Ergo
1932 2006 1971 2027 ex
1995 2005 2032 2027 eo
2055 1994 2139 2035 quod

1172 2039 1304 2079 impune
1341 2045 1531 2079 grassantur
1568 2038 1733 2078 libidines,
1771 2038 1929 2070 effervent
1962 2038 2138 2070 conflictus.

1171 2081 1267 2113 Unde
1295 2086 1437 2122 apparet,
1466 2082 1619 2112 maiorem
1648 2081 1735 2112 inter
1766 2091 1823 2113 nos
1853 2091 1962 2121 pacem
1986 2081 2139 2119 futuram,

1172 2126 1198 2156 si
1229 2124 1269 2156 ab
1298 2124 1415 2156 iniuria
1444 2123 1563 2165 singuli
1590 2124 1797 2156 abstinerent.
1841 2123 1906 2156 Sed
1937 2124 2025 2161 vitia,
2057 2133 2139 2163 quae

1173 2168 1205 2199 in
1237 2167 1328 2199 nobis
1356 2171 1504 2207 regnant,
1535 2173 1611 2198 sunt
1641 2166 1732 2208 quasi
1762 2168 1877 2198 armati
1904 2166 2068 2203 satellites,
2099 2165 2139 2196 ad

1173 2220 1299 2252 pugnas
1317 2209 1532 2242 concitandas.
1574 2209 1639 2241 Me
1652 2220 1683 2240 m
1697 2210 1715 2241 b
1729 2220 1776 2241 ra
1800 2214 1894 2242 vocat
1909 2219 2021 2241 omnes
2037 2208 2139 2239 nostri

1172 2257 1290 2294 partes.
1335 2252 1617 2292 Voluptates
1648 2252 1764 2293 accipit
1789 2263 1846 2293 pro
1869 2252 1989 2284 illicitis
2012 2255 2044 2282 et
2067 2251 2138 2281 libi·

1173 2296 1294 2328 dinosis
1328 2295 1511 2334 desideriis,
1545 2305 1627 2335 quae
1659 2295 1721 2326 nisi
1751 2305 1823 2327 cum
1855 2295 1990 2326 aliorum
2019 2293 2139 2324 iniuria

1172 2339 1281 2371 satiari
1305 2343 1478 2378 nequeunt.

1258 2382 1287 2413 2.
1317 2380 1548 2421 Comum-scitis,
1576 2383 1602 2412 et
1623 2390 1683 2412 non
1705 2380 1830 2412 habetis.
1876 2379 2017 2410 Videtur
2039 2378 2137 2419 signi-

1172 2426 1277 2463 ficare,
1306 2423 1531 2464 inexplebilem
1562 2434 1632 2455 esse
1656 2423 1796 2454 hominis
1819 2423 1974 2462 animum,
2004 2421 2058 2453 ubi
2080 2422 2138 2452 im-

1172 2467 1281 2508 probis
1304 2467 1532 2506 cupiditatibus
1554 2466 1712 2506 indulget.
1751 2467 1798 2497 Ac
1817 2475 1895 2497 sane
1914 2465 1958 2496 ita
1977 2469 2039 2496 est:
2064 2474 2137 2495 nam

1173 2511 1225 2551 qui
1257 2519 1333 2541 suos
1361 2510 1521 2549 appetitus
1552 2510 1686 2541 licenter
1712 2508 1855 2549 grassari
1884 2508 1977 2546 sinit,
2011 2506 2137 2538 nullum

1172 2563 1315 2593 unquam
1340 2551 1469 2583 habebit
1491 2551 1737 2592 concupiscendi
1756 2551 1896 2582 modum.
1935 2550 2024 2589 Quin
2040 2549 2136 2581 etiam

1171 2596 1198 2628 si
1228 2594 1367 2626 mundus
1397 2595 1444 2626 illi
1474 2595 1620 2633 daretur,
1653 2599 1785 2634 cuperet
1814 2603 1915 2625 novos
1945 2594 2004 2625 sibi
2033 2592 2136 2624 creari

1171 2638 1319 2670 mundos.
1367 2638 1414 2669 Ita
1445 2638 1489 2677 fit,
1518 2642 1554 2669 ut
1583 2638 1642 2669 sibi
1671 2637 1818 2668 homines
1850 2641 2010 2668 tormenta
2032 2645 2135 2667 accer-
