2513 3126
115 198 177 230 233

116 292 156 324 ad
186 292 361 324 Hebraeos.
416 292 479 323 Hic
510 303 586 323 vero
616 292 682 328 lac,
712 302 776 323 non
807 290 1014 322 elementaris
1042 294 1090 320 est

117 335 272 373 doctrina,
297 338 332 366 ut
355 340 511 375 perpetuo
535 336 607 375 quis
631 334 741 372 discat,
765 343 928 373 nunquam
949 332 989 363 ad
1007 332 1088 363 veri-

116 379 193 409 tatis
216 379 385 418 perveniat
410 378 578 409 notitiam:
602 377 658 409 sed
675 378 762 408 vitae
778 377 860 408 ratio
876 386 957 415 quae
973 384 1087 405 novam

116 422 299 461 genituram
324 421 438 461 sapiat,
466 431 564 461 quum
590 432 648 452 nos
679 420 896 460 permittimus
922 418 991 448 Deo
1014 416 1090 447 edu-

116 463 244 494 candos.
297 463 457 494 Similiter
486 464 691 502 infantia,
722 473 787 493 non
819 461 904 492 virili
934 467 966 490 et
995 459 1089 503 plane

116 506 246 537 adultae
268 506 392 537 Christi
424 506 522 537 aetati
553 506 602 547 (ut
625 505 701 537 alibi
725 504 847 535 Paulus
871 504 965 533 vocat
990 501 1088 549 [Eph.

115 549 144 586 4,
163 548 240 590 13]),
274 549 487 580 sedvetustati
504 549 610 580 carnis
627 553 658 579 et
674 547 789 586 prioris
806 546 892 576 vitae
905 550 1087 584 opponitur.

114 591 217 622 Porro
246 592 340 623 sicuti
372 597 528 631 perpetua
550 595 600 622 est
624 599 727 620 novae
750 588 838 618 vitae
862 585 1009 626 infantia,
1044 587 1088 616 ita

114 634 306 665 continuum
345 634 437 665 lactis
475 634 666 664 alimentum
705 631 823 661 Petrus
864 628 1087 660 commendat:

114 677 186 708 vult
208 678 294 708 enim
319 687 376 707 nos
399 677 468 715 ipso
492 675 643 705 educatos
666 672 888 713 grandescere.

200 719 230 750 3.
250 719 287 750 Si
302 719 424 758 quidem
438 717 597 758 qustastis.
633 715 760 746 Alludit
777 715 815 745 ad
834 714 912 745 illud
930 714 1017 746 Psal.
1030 714 1086 746 34:

114 762 253 794 Gustate
269 766 300 791 et
316 761 431 796 videte,
451 765 510 790 etc.
545 759 644 790 Hunc
660 768 738 790 vero
756 763 886 798 gustum
903 758 936 788 in
955 757 1087 789 Christo

113 804 232 844 percipi
263 803 440 843 significat:
478 806 514 833 ut
547 807 635 833 certe
669 800 790 832 nullam
821 810 962 840 unquam
994 806 1087 831 extra

114 846 281 878 Christum
305 844 448 884 requiem
470 845 598 875 animae
617 851 747 875 nostrae
766 843 945 874 invenient.
981 842 1088 874 Duxit

114 893 221 920 autem
252 887 487 918 exhortationis
521 893 751 927 argumentum
786 896 804 917 a
834 885 897 916 Dei
931 886 1086 923 bonitate,

114 930 199 971 quod
222 931 290 961 eius
314 930 467 967 suavitas,
496 940 591 970 quam
615 930 647 960 in
673 929 804 961 Christo
828 929 995 967 sentimus,
1020 928 1087 960 alli-

113 983 185 1005 cere
208 983 266 1004 nos
290 973 413 1004 debeat.
459 973 544 1004 Nam
567 972 651 1013 quod
679 972 865 1004 subiicitur:
895 971 942 1003 ad
972 982 1087 1011 quem

113 1016 380 1053 accedentes,
410 1025 475 1047 non
505 1016 695 1055 simpliciter
725 1015 764 1046 ad
790 1014 898 1046 Deum
930 1015 1086 1046 refertur:

112 1058 169 1090 sed
192 1059 297 1099 ipsum
321 1058 470 1099 designat
492 1058 597 1098 qualis
621 1059 802 1098 patefactus
824 1058 926 1089 estin
949 1067 1088 1098 persona

113 1101 247 1133 Christi.
284 1101 354 1132 Iam
375 1111 452 1133 vero
476 1102 545 1132 fieri
570 1102 681 1141 nequit
704 1102 782 1141 quin
805 1111 863 1132 nos
886 1101 925 1132 ad
943 1110 977 1131 se
1002 1106 1087 1132 totos

112 1145 217 1184 rapiat
240 1143 302 1175 Dei
325 1144 440 1185 gratia,
475 1144 590 1184 suique
613 1154 722 1175 amore
745 1144 934 1179 inflammet,
959 1154 999 1174 ex
1023 1153 1086 1184 quo

113 1187 232 1218 serium
261 1187 329 1218 eius
358 1197 491 1218 sensum
521 1187 738 1227 concepimus.
783 1186 855 1218 Hoc
878 1186 905 1218 si
929 1186 1023 1217 Plato
1048 1186 1087 1217 de

111 1239 169 1261 suo
183 1229 316 1270 pulchro
324 1230 475 1270 affirmat,
487 1241 526 1261 cu
536 1229 795 1261 iusumbratilem
810 1230 969 1261 duntaxat
982 1229 1085 1261 ideam

112 1273 223 1312 procul
247 1273 448 1304 intuebatur:
477 1273 578 1304 multo
602 1273 712 1304 verius
734 1273 767 1304 in
792 1273 899 1304 Deum
922 1272 1086 1312 competit.

111 1315 185 1347 Hoc
199 1325 277 1356 ergo
293 1315 481 1354 notandum,
503 1315 587 1355 quod
604 1315 722 1347 Petrus
740 1325 903 1348 accessum
920 1315 960 1346 ad
976 1315 1084 1347 Deum

112 1367 185 1389 cum
219 1358 372 1389 bonitatis
408 1359 478 1390 eius
505 1362 603 1399 gustu
633 1359 812 1399 coniungit.
866 1357 970 1390 Sicuti
998 1358 1085 1389 enim

112 1401 294 1433 necessario
327 1400 436 1432 Deum
471 1401 583 1433 horret
616 1411 652 1433 ac
687 1402 770 1442 fugit
805 1412 898 1433 mens
932 1401 1084 1438 humana,

111 1444 264 1484 quamdiu
293 1443 434 1485 rigidum
457 1454 495 1476 ac
517 1455 667 1476 severum
691 1444 752 1475 sibi
776 1445 887 1485 fingit:
919 1445 966 1475 ita
988 1444 1085 1475 simul

112 1496 150 1518 ac
179 1492 352 1527 paternum
375 1497 469 1518 suum
493 1497 635 1519 amorem
661 1487 812 1527 patefecit
835 1487 903 1528 ipse
926 1487 1085 1523 fidelibus,

112 1529 195 1560 nihil
216 1535 318 1562 restat
340 1530 402 1561 nisi
426 1535 462 1562 ut
485 1530 679 1570 posthabitis
702 1530 863 1568 omnibus,
884 1540 983 1570 seque
1006 1530 1086 1562 adeo

112 1572 200 1613 ipsos
222 1572 323 1611 obliti,
347 1573 387 1604 ad
410 1583 484 1604 eum
508 1578 690 1614 properent.
730 1572 770 1604 In
789 1583 926 1611 summa,
950 1573 1086 1613 profecit

111 1615 140 1647 is
163 1615 292 1647 demum
315 1616 349 1647 in
372 1616 551 1657 evangelio,
574 1616 629 1657 qui
652 1616 747 1648 corde
763 1616 803 1647 ad
823 1616 929 1647 Deum
953 1616 1086 1648 accedit.

112 1657 237 1690 Verum
265 1658 362 1690 simul
389 1659 527 1691 ostendit
551 1660 584 1691 in
608 1671 702 1700 quem
727 1660 835 1698 finem,
865 1664 897 1691 et
926 1669 990 1699 qua
1011 1670 1086 1691 con-

111 1700 234 1734 ditione
256 1702 408 1735 accedere
429 1712 489 1734 nos
519 1703 558 1735 ad
583 1703 751 1735 Christum
775 1707 938 1743 oporteat:
970 1713 1086 1743 nempe

110 1748 147 1776 ut
170 1745 204 1776 in
226 1745 295 1785 ipso
326 1745 510 1779 fundemur.
555 1747 640 1778 Nam
664 1757 763 1787 quum
787 1746 823 1777 in
846 1746 986 1786 lapidem
1009 1756 1085 1778 con-

111 1788 246 1820 stitutus
280 1789 339 1820 sit:
372 1788 457 1821 hanc
487 1790 554 1821 vim
584 1800 662 1831 erga
691 1799 750 1821 nos
777 1790 921 1830 proferat
949 1794 1086 1830 oportet,

113 1841 154 1863 ne
190 1831 310 1863 frustra
343 1836 375 1863 et
405 1832 565 1864 inutiliter
593 1832 770 1873 quidquam
801 1832 849 1864 illi
873 1843 891 1864 a
921 1838 1013 1873 patre
1041 1833 1088 1864 in-

111 1873 259 1905 iunctum
282 1875 334 1906 sit.
369 1874 522 1907 Occurrit
537 1880 645 1907 autem
662 1875 825 1914 scandam,
849 1886 948 1916 quum
968 1876 1087 1907 fatetur

112 1916 151 1948 ab
187 1916 373 1949 hominibus
407 1919 623 1959 reprobatum.
677 1919 760 1951 Nam
790 1919 865 1959 quia
897 1919 981 1950 bona
1012 1929 1087 1959 pars

112 1959 226 1991 mundi
249 1960 418 1993 Christum
447 1962 586 2003 respuit,
618 1962 711 1994 multi
740 1962 839 1994 etiam
866 1961 907 1993 ab
937 1961 1007 2003 ipso
1030 1962 1085 1994 ab-

113 2002 265 2034 horrent:
299 2009 405 2044 posset
438 2004 500 2036 hac
532 2006 697 2037 occasione
731 2015 750 2036 a
783 2005 876 2037 nobis
911 2006 1085 2036 contemni.

113 2045 394 2084 Quemadmodum
413 2047 560 2080 videmus
583 2048 739 2089 quosdam
762 2048 931 2088 imperitos
950 2047 1086 2080 alienari

113 2087 153 2120 ab
183 2089 367 2130 evangelio,
397 2091 471 2130 quia
499 2101 562 2122 non
593 2092 635 2123 sit
665 2091 782 2131 ubique
811 2090 996 2131 plausibile,
1027 2101 1086 2123 nec

113 2132 253 2172 gratiam
283 2132 351 2164 suis
381 2133 616 2173 professoribus
638 2134 796 2166 conciliet.
841 2134 942 2175 Atqui
965 2134 1086 2166 Petrus

114 2174 247 2206 minoris
269 2174 439 2206 Christum
469 2186 488 2206 a
515 2176 609 2209 nobis
635 2178 705 2209 fieri
729 2179 826 2215 vetat,
856 2181 1021 2217 utcunque
1043 2177 1087 2208 sit

113 2217 235 2249 mundo
257 2218 524 2258 contemptibilis:
547 2220 622 2259 quia
636 2220 850 2253 nihilominus
866 2230 961 2255 suum
978 2230 1085 2252 coram

114 2258 185 2291 Deo
209 2261 351 2301 pretium
374 2261 593 2302 honoremque
615 2264 764 2295 retineat.

200 2303 229 2334 5.
258 2304 423 2344 Tanquam
444 2305 509 2336 vivi
531 2304 649 2344 lapides
671 2306 894 2346 aedificamini.
939 2305 1084 2339 Verbum

115 2345 175 2378 hoc
198 2350 264 2377 tam
280 2347 449 2379 indicativi
465 2358 561 2388 quam
577 2347 758 2388 imperativi
777 2349 863 2381 modi
879 2359 950 2381 esse
969 2354 1085 2390 potest.

114 2387 197 2421 Nam
221 2390 306 2430 apud
330 2390 473 2422 Graecos
496 2400 622 2431 quoque
644 2392 795 2433 ambigua
816 2397 866 2424 est
888 2393 1085 2424 terminatio.

115 2430 289 2464 Caeterum
319 2433 444 2465 utrovis
473 2433 566 2465 modo
595 2438 755 2473 sumatur,
789 2445 852 2467 non
880 2435 1013 2467 dubium
1037 2439 1086 2467 est

114 2475 193 2514 quin
216 2475 337 2507 hortari
361 2477 481 2509 Petrus
503 2476 583 2509 velit
606 2476 725 2518 fideles,
748 2482 785 2510 ut
807 2489 842 2511 se
860 2479 894 2510 in
916 2478 1086 2519 spirituale

114 2517 185 2549 Deo
213 2519 371 2559 templum
401 2524 600 2552 consecrent.
645 2520 730 2551 Nam
760 2531 778 2552 a
807 2522 872 2553 fine
895 2522 1086 2562 vocationis,

114 2560 208 2600 quale
227 2566 372 2594 nostrum
396 2563 440 2594 sit
463 2563 615 2600 officium,
638 2564 713 2603 apte
729 2564 948 2596 ratiocinatur.
984 2564 1086 2596 Porro

114 2603 294 2636 notandum
325 2609 373 2637 est
402 2606 486 2646 quod
517 2616 556 2638 ex
587 2606 739 2638 universo
772 2606 916 2638 fidelium
950 2617 1086 2639 numero

113 2646 245 2679 domum
268 2658 366 2679 unam
389 2649 558 2681 construit.
604 2649 687 2680 Nam
704 2649 765 2681 etsi
781 2650 916 2690 quisque
935 2654 1084 2682 nostrum

1021 195 1170 227 CAPUT
1195 195 1237 227 II.

2055 197 2118 229 234

1144 288 1205 320 Dei
1231 289 1383 329 templum
1408 294 1457 321 est
1480 299 1517 321 ac
1533 288 1660 329 dicitur,
1684 299 1795 321 omncs
1815 293 1924 320 tamen
1942 290 2116 322 coadunari

1144 332 1176 361 in
1201 343 1312 369 unum,
1336 336 1369 363 et
1391 336 1505 363 mutua
1526 332 1660 363 caritate
1679 332 1896 372 conglutinari
1914 343 2042 364 neccsse
2059 336 2116 372 est,

1144 379 1179 404 ut
1211 385 1311 405 unum
1341 385 1380 405 ex
1411 375 1561 406 omnibus
1592 375 1750 414 templum
1782 376 1846 406 fiat.
1900 375 1989 416 Ergo
2021 377 2116 407 sicuti

1145 428 1256 447 verum
1287 422 1336 448 est
1365 417 1513 457 singulos
1542 428 1612 449 esse
1643 417 1778 457 templa,
1813 418 1847 448 in
1878 418 1995 458 quibus
2024 418 2117 449 Dcus

1143 470 1199 498 per
1233 461 1382 499 spiritum
1417 470 1511 491 suum
1544 460 1682 491 habitat:
1719 461 1764 490 ita
1794 461 1939 501 singulos
1969 462 2052 492 inter
2082 472 2116 493 se

1143 503 1245 540 aptari
1282 513 1413 533 necesse
1446 508 1509 540 est,
1549 507 1583 534 ut
1618 502 1657 534 ad
1691 507 1887 534 structuram
1923 504 2116 535 universalis

1143 544 1255 583 templi
1279 547 1483 576 conveniant.
1529 545 1600 577 Hoc
1628 546 1663 577 fit
1687 545 1765 576 dum
1789 555 1847 576 sua
1869 547 2003 586 quisque
2026 557 2116 578 men-

1143 596 1218 617 sura
1252 593 1438 625 contentus,
1471 588 1559 619 intra
1591 588 1688 619 officii
1716 587 1764 619 sui
1793 589 1947 620 terminos
1978 600 2011 620 se
2039 600 2115 621 con-

1142 629 1238 659 tinet:
1271 640 1383 661 omnes
1417 635 1526 661 tamen
1557 631 1711 671 quidquid
1741 630 1863 662 habeut
1894 631 2058 663 facultatis
2083 633 2116 664 in

1141 681 1313 703 commune
1347 674 1527 704 conferunt.
1583 673 1677 712 Quod
1711 684 1770 705 nos
1800 673 1962 714 lapides
1998 675 2116 707 vivos

1142 714 1299 754 appellat,
1337 720 1370 745 et
1403 716 1632 755 spirituale
1667 716 1864 755 aedificium,
1899 717 1992 748 sicuti
2028 718 2117 756 prius

1142 756 1267 788 dixerat
1291 756 1470 796 Christum,
1494 759 1605 790 vivum
1628 759 1785 799 lapidem:
1817 760 1849 790 in
1873 769 1911 791 eo
1934 760 2045 791 subest
2070 765 2115 790 ta-

1141 800 1204 831 cita
1234 800 1432 840 comparatio
1461 802 1582 833 veteris
1613 802 1741 842 templi:
1777 807 1871 842 atque
1899 802 1931 833 id
1959 802 2044 834 valet
2076 803 2116 834 ad

1142 843 1266 882 gratiae
1290 842 1583 882 amplificationem.
1618 845 1739 876 Eodem
1764 846 1904 884 pertinet
1927 845 2013 885 quod
2037 846 2114 877 sub-

1141 886 1210 916 iicit
1240 885 1278 916 de
1307 885 1423 916 hostiis
1454 886 1685 925 spiritualibus.
1731 887 1862 926 Quanto
1889 888 1976 919 enim
2000 888 2115 929 figuris

1142 928 1359 968 praestantior
1389 932 1438 959 est
1460 929 1598 960 veritas:
1623 939 1661 960 eo
1691 931 1793 971 magis
1817 930 1983 962 excellunt
2005 931 2116 963 omnia

1141 972 1200 1002 sub
1224 971 1349 1002 Christi
1372 981 1519 1011 regnum.
1565 972 1733 1004 Habemus
1764 974 1850 1004 enim
1875 973 2011 1005 coeleste
2034 974 2114 1005 illud

1142 1014 1325 1054 exemplar,
1355 1015 1405 1045 cui
1437 1014 1662 1046 subserviebat
1690 1020 1783 1047 vetus
1812 1016 2048 1053 sanctuarium,
2083 1019 2115 1048 et

1142 1057 1298 1097 quidquid
1322 1057 1432 1088 Moses
1455 1057 1487 1088 in
1512 1057 1583 1098 lege
1606 1058 1757 1089 instituit.

1229 1099 1441 1131 Sacerdotium
1463 1102 1613 1132 sanctum.
1660 1100 1750 1132 Haec
1776 1101 1950 1141 singularis
1973 1106 2023 1134 est
2046 1102 2113 1143 dig-

1142 1143 1240 1183 natio,
1271 1143 1355 1183 quod
1379 1143 1468 1174 Deus
1496 1154 1560 1174 non
1592 1143 1687 1174 modo
1718 1154 1776 1175 nos
1805 1144 1865 1175 sibi
1894 1145 1927 1175 in
1958 1145 2114 1185 templum

1140 1193 1307 1217 consecrat
1330 1186 1363 1216 in
1387 1196 1450 1226 quo
1475 1186 1598 1218 habitet
1621 1196 1657 1217 ac
1681 1186 1814 1227 colatur,
1846 1187 1902 1218 sed
1926 1188 1996 1219 vult
2019 1188 2114 1219 simul

1140 1238 1211 1260 esse
1249 1228 1443 1261 sacerdotes.
1499 1230 1610 1269 Atque
1645 1229 1732 1260 hunc
1765 1229 1923 1270 duplicem
1958 1230 2114 1263 honorem

1140 1271 1212 1302 ideo
1246 1276 1478 1303 commemorat
1509 1272 1641 1311 Petrus,
1676 1277 1711 1303 ut
1740 1283 1798 1303 nos
1828 1272 1868 1303 ad
1899 1272 1962 1303 Dei
1991 1274 2114 1305 cultum

1140 1315 1247 1346 acrius
1277 1314 1431 1346 stimulet.
1481 1315 1574 1346 Inter
1605 1315 1726 1347 hostias
1756 1315 1942 1355 spirituales
1973 1316 2114 1356 primum

1140 1357 1246 1389 locum
1261 1357 1386 1389 obtinet
1403 1358 1565 1398 generalis
1581 1358 1685 1389 nostri
1701 1357 1831 1399 oblatio,
1856 1358 1894 1390 de
1915 1369 1978 1399 qua
1994 1359 2114 1390 Paulus

1140 1400 1180 1431 ad
1204 1400 1344 1432 Roman.
1370 1400 1418 1439 12,
1444 1401 1473 1433 1.
1521 1401 1634 1441 Neque
1671 1402 1757 1433 enim
1791 1401 1908 1432 offerre
1942 1401 2114 1442 quidquam

1140 1453 1313 1484 possumus
1338 1444 1418 1481 Deo,
1450 1444 1551 1476 donec
1580 1444 1628 1475 illi
1659 1454 1719 1476 nos
1749 1444 1836 1484 ipsos
1865 1445 1898 1475 in
1922 1444 2114 1476 sacrificium

1141 1485 1369 1518 obtulerimus:
1390 1487 1474 1527 quod
1492 1487 1528 1518 fit
1545 1487 1647 1519 nostri
1663 1487 1890 1528 abnegatione.
1924 1486 2115 1528 Sequuntur

1140 1534 1253 1570 postea
1282 1540 1393 1570 preces
1423 1532 1456 1561 et
1485 1531 1665 1571 gratiarum
1696 1531 1851 1570 actiones,
1881 1530 2114 1571 eleemosynae,

1141 1578 1173 1603 et
1195 1573 1303 1604 omnia
1328 1573 1458 1613 pietatis
1481 1574 1646 1605 exercitia.

1227 1616 1380 1655 Acceptas
1402 1615 1484 1648 Deo.
1526 1616 1598 1648 Hoc
1622 1627 1748 1657 quoque
1772 1627 1837 1647 non
1861 1627 1977 1657 parum
2001 1616 2113 1648 alacri-

1140 1659 1217 1690 tatis
1240 1659 1358 1690 addere
1381 1658 1472 1691 nobis
1496 1659 1600 1700 debet,
1626 1670 1726 1700 quum
1750 1660 1870 1692 scimus
1894 1659 1964 1691 Deo
1988 1659 2114 1700 placere

1139 1713 1235 1743 quem
1265 1702 1311 1734 illi
1340 1705 1545 1743 praestamus
1575 1702 1716 1734 cultum:
1752 1703 1845 1735 sicuti
1880 1703 2036 1734 dubitatio
2065 1703 2112 1742 pi-

1140 1746 1270 1786 gritiam
1299 1756 1409 1778 secum
1441 1746 1621 1779 necessario
1652 1746 1763 1778 trahit.
1808 1746 1896 1787 Ergo
1922 1745 1975 1777 hic
1997 1746 2113 1777 tertius

1140 1794 1189 1821 est
1222 1789 1457 1821 exhortationis
1491 1789 1658 1828 stimulus,
1693 1789 1779 1830 quod
1813 1793 1951 1820 testatur
1984 1793 2114 1828 accepta

1140 1842 1211 1864 esse
1234 1832 1305 1864 Deo
1329 1837 1442 1864 nostra
1464 1832 1578 1870 officia,
1606 1843 1648 1864 ne
1672 1833 1843 1873 trepidatio
1866 1832 2031 1873 segniores
2055 1840 2114 1863 nos

1140 1875 1263 1907 reddat.
1304 1875 1427 1916 Magno
1450 1875 1581 1916 quidem
1604 1876 1731 1908 fervore
1754 1875 1940 1907 idololatrae
1963 1874 2114 1906 feruntur

1140 1918 1180 1950 ad
1203 1919 1333 1950 fictitios
1356 1928 1431 1950 suos
1454 1918 1579 1951 cultus:
1602 1919 1658 1950 sed
1682 1919 1743 1950 hoc
1761 1918 1832 1949 ideo
1848 1918 1894 1957 fit,
1917 1918 1993 1957 quia
2010 1916 2113 1949 Satan

1140 1961 1279 1993 inebriat
1301 1971 1413 1993 eorum
1437 1966 1572 1999 mentes,
1603 1972 1643 1993 ne
1667 1962 1700 1992 in
1723 1971 1856 2001 operum
1881 1970 2014 1991 suorum
2038 1970 2112 1991 con-

1139 2005 1369 2036 siderationem
1400 2005 1545 2036 veniant.
1599 2004 1734 2044 Quoties
1767 2009 1875 2035 autem
1910 2003 1945 2034 in
1975 2013 2113 2034 examen

1139 2052 1298 2079 vocantur
1332 2057 1444 2079 eorum
1479 2048 1708 2084 conscientiae,
1746 2047 1909 2078 labascere
1942 2045 2111 2086 incipiunt.

1139 2090 1272 2122 Certum
1307 2090 1437 2130 quidem
1473 2094 1522 2122 est
1550 2091 1622 2122 fieri
1652 2100 1715 2122 non
1748 2100 1840 2129 posse
1871 2094 1908 2120 ut
1942 2089 2113 2129 quisquam

1139 2134 1223 2165 serio
1253 2138 1284 2165 et
1314 2144 1355 2164 ex
1385 2133 1494 2165 animo
1516 2144 1551 2166 se
1574 2133 1645 2165 Deo
1676 2132 1812 2171 addicat,
1843 2132 1906 2163 nisi
1929 2136 2017 2164 certo
2039 2142 2112 2171 per-

1139 2186 1254 2208 suasus
1292 2177 1334 2208 sit
1371 2186 1436 2207 non
1474 2177 1596 2208 frustra
1633 2186 1666 2207 se
1704 2175 1858 2207 laborare.
1919 2174 1985 2207 Sed
2023 2173 2113 2206 addit

1139 2218 1318 2259 apostolus,
1354 2229 1426 2259 per
1458 2219 1690 2251 Christum.
1745 2217 1919 2258 Nunquam
1953 2217 2040 2249 enim
2074 2226 2112 2248 ea

1139 2262 1318 2303 reperietur
1347 2263 1380 2293 in
1409 2262 1575 2295 sacrificiis
1606 2262 1725 2294 nostris
1754 2262 1894 2301 puritas,
1926 2265 1962 2292 ut
1991 2270 2049 2301 per
2078 2269 2113 2291 se

1138 2305 1210 2337 Deo
1247 2309 1341 2346 grata
1377 2306 1460 2336 sint:
1499 2315 1665 2346 nunquam
1703 2304 1832 2345 integra
1865 2313 1901 2335 ac
1934 2303 2032 2344 plena
2064 2307 2113 2334 est

1139 2348 1241 2379 nostri
1272 2348 1460 2389 abnegatio:
1493 2358 1660 2389 nunquam
1690 2351 1756 2378 tam
1783 2347 1929 2378 sincerus
1958 2345 2112 2386 precandi

1138 2391 1289 2429 affectus,
1328 2396 1364 2422 ut
1401 2390 1549 2423 decebat:
1589 2401 1755 2431 nunquam
1794 2395 1860 2421 tam
1894 2388 2047 2420 ardenter
2079 2391 2113 2419 et

1138 2440 1269 2466 strenue
1292 2434 1511 2466 incumbimus
1534 2434 1574 2466 ad
1599 2434 1680 2465 bene
1703 2432 1876 2474 agendum,
1898 2432 1976 2472 quin
1996 2430 2112 2463 mutila

1138 2478 1203 2508 sint
1233 2488 1270 2509 ac
1299 2477 1411 2508 multis
1441 2477 1529 2509 vitiis
1558 2476 1716 2517 implicita
1746 2480 1859 2507 nostra
1887 2484 1994 2515 opera.
2046 2473 2111 2506 Sed

1139 2520 1291 2561 Christus
1321 2520 1534 2551 nihilominus
1561 2520 1627 2551 illis
1649 2519 1788 2560 gratiam
1811 2518 1971 2550 conciliat.
2015 2516 2111 2548 Diffi-

1139 2564 1267 2596 dentiae
1295 2563 1405 2604 igitur,
1434 2571 1534 2603 quam
1562 2562 1601 2594 de
1630 2572 1763 2602 operum
1793 2566 1978 2593 nostrorum
2001 2570 2111 2600 accep-

1139 2607 1226 2638 tione
1242 2606 1412 2646 concipere
1435 2615 1614 2646 possemus,
1639 2605 1691 2636 hic
1707 2605 1826 2637 Petrus
1843 2604 1992 2642 occurrit,
2011 2613 2111 2644 quum

1139 2650 1216 2682 dicit
1239 2655 1370 2689 accepta
1391 2659 1461 2681 esse
1484 2659 1550 2680 non
1573 2648 1791 2689 praestantiae
1810 2657 1888 2681 suae
1906 2647 2031 2685 merito,
2055 2645 2110 2678 sed
