2513 3126
127 188 187 220 189

577 285 666 316 Citat
705 284 756 316 hic
791 284 853 315 duo
892 284 1091 315 testimonia:

212 285 285 324 Ipse
318 285 399 316 enim
431 285 521 316 discit.

1024 325 1094 365 Ego

124 327 215 368 prius
248 332 412 367 sumptum
452 332 565 367 putant
601 338 640 358 ex
676 327 769 358 Iosue
803 327 907 367 capite
940 326 966 356 1.

125 381 200 401 vero
223 371 326 410 magis
349 369 488 401 arbitror
510 370 704 401 sententiam
730 369 813 401 hanc
833 369 1003 400 adductam
1024 377 1093 398 esse
1118 399 1120 412 ἶ

807 413 856 443 Ac
885 411 912 442 si
943 411 1092 442 dixisset:
1118 427 1120 449 1
1147 410 1245 448 docet,
1265 410 1432 441 Christum
1447 420 1574 450 semper
1586 409 1724 440 eundem
1740 411 1957 451 principatum
1974 411 2119 442 tenuisse

124 424 163 444 ex
195 412 358 444 communi
391 414 570 453 scripturae
600 412 755 444 doctrina.

124 456 244 495 passim
261 455 421 487 Dominus
443 466 478 486 se
501 455 592 487 nobis
615 464 781 495 nunquam
799 454 985 485 defuturum
1002 451 1091 492 polli-

123 503 222 530 cetur.
279 498 331 529 Ex
366 498 426 530 hac
459 498 673 538 promissione
706 497 804 528 infert
837 495 922 535 quod
956 495 1094 526 habetur

124 540 256 572 Psalmo
281 541 351 581 118,
385 541 476 572 uobis
506 546 678 581 suppetere
709 539 832 570 timoris
855 537 1001 569 vincendi
1027 547 1093 584 ma·
1117 531 1120 587 ι
1218 580 1223 585 .
1397 581 1402 586 ι
1724 580 1728 586 ,
1838 581 1842 586 ¹
1872 581 1877 585 ,
2064 582 2070 587 ,

1029 578 1093 610 Hic
1117 589 1120 608 ν
1146 578 1328 619 Christum,
1351 591 1403 620 qui
1429 591 1515 612 nunc
1539 581 1660 612 mundo
1683 580 1746 611 fuit
1769 580 1943 615 exhibitus,
1968 582 2006 612 ab
2028 581 2119 613 initio

123 584 254 622 teriam,
287 594 385 624 quum
420 583 459 614 de
488 583 608 614 auxilio
636 582 697 613 Dei
728 581 806 612 certi
843 589 965 611 sumus.

123 637 198 657 vero
229 627 374 657 morbum
406 637 423 657 a
453 626 560 657 radice
589 626 660 665 ipsa
683 622 809 655 evellit:
839 622 934 653 sicuti
962 631 1091 653 necesse

122 675 180 710 est,
211 669 237 700 si
263 669 409 700 volumus
439 668 608 699 hominum
632 666 755 696 animos
779 675 815 695 eo
838 674 915 695 vere
939 670 1092 704 purgatos

122 722 200 743 esse.
236 712 374 742 Fontem
398 710 553 742 avaritiae
572 713 695 740 certum
713 709 762 738 est
778 717 848 738 esse
865 706 1088 738 diffidentiam.

121 754 204 785 Nam
228 754 371 793 quisquis
395 753 454 783 hoc
478 751 585 782 animo
601 750 738 781 infixum
755 749 895 788 habebit,
921 759 1088 789 nunquam

119 808 153 828 se
184 807 202 827 a
225 795 365 826 Domino
396 794 543 825 relictum
575 793 625 830 iri,
657 803 719 823 non
751 792 812 823 erit
842 792 927 823 ultra
958 791 1089 823 modum

119 839 290 870 sollicitus:
315 837 389 877 quia
413 835 565 876 pendebit
588 836 627 867 ab
651 835 737 866 illius
757 835 972 875 providentia.
1008 835 1089 866 Pru-

121 881 234 912 denter
253 890 329 919 ergo
345 878 519 919 apostolus,
545 888 603 909 nos
619 878 658 910 ab
676 878 831 909 avaritiae
849 877 959 909 morbo
976 887 1090 909 curare

119 923 240 959 volens,
265 922 303 952 ad
321 921 384 952 Dei
401 922 630 962 promissiones
647 925 795 952 revocat:
819 921 935 961 quibus
952 925 1090 952 testatur

118 976 151 997 se
189 965 279 996 nobis
318 967 521 1004 praesentem
560 964 635 996 fore.
692 963 812 994 Postea
845 963 919 994 inde
957 963 1088 1004 colligit,

116 1007 269 1048 quamdiu
293 1007 366 1039 talis
391 1007 482 1038 nobis
501 1011 549 1038 est
565 1007 702 1045 adiutor,
727 1006 850 1037 nullam
867 1016 937 1038 esse
953 1005 1088 1037 timendi

116 1060 256 1082 causam.
301 1049 352 1081 Ita
381 1050 467 1081 enim
497 1050 552 1081 fiet
582 1055 617 1080 ut
642 1049 750 1080 nullae
773 1059 832 1081 nos
855 1059 974 1089 pravae
997 1049 1087 1089 cupi—

115 1093 233 1125 ditates
263 1092 450 1131 sollicitent,
485 1094 558 1132 quia
590 1092 657 1124 sola
688 1092 766 1124 fides
797 1098 844 1124 est
867 1102 950 1132 quae
975 1102 1088 1132 pacare

115 1135 283 1167 hominum
314 1141 440 1167 mentes
463 1135 580 1176 possit:
611 1145 746 1175 quarum
770 1136 892 1175 alioqui
911 1134 987 1174 plus
1009 1135 1089 1166 satis

113 1182 186 1210 nota
210 1183 254 1210 esc
274 1179 464 1219 inquietudo.

201 1282 228 1312 7.
263 1281 418 1313 Memores
450 1284 537 1313 estote
564 1281 794 1321 praefectorum
827 1284 1000 1312 vestrorum
1030 1281 1087 1320 qui

114 1324 236 1364 loquuti
262 1327 336 1356 suut
362 1324 448 1356 vobis
476 1334 644 1356 sermonem
672 1323 749 1362 Dei,
778 1333 909 1364 quorum
936 1324 1086 1355 intuentes

112 1368 229 1398 exitum
265 1368 518 1407 conversationis,
558 1367 727 1398 imitamini
764 1367 866 1405 fidem.
926 1366 954 1398 8.
994 1366 1086 1398 Iesus

115 1409 259 1442 Christus
276 1410 343 1441 heri
361 1413 388 1442 et
410 1410 510 1451 hodie,
533 1411 614 1442 idem
629 1410 722 1441 etiam
741 1410 774 1441 in
789 1410 922 1441 saecula.
959 1410 989 1440 9.
1005 1409 1084 1441 Doc-

112 1453 207 1484 mnis
229 1453 331 1484 variis
352 1456 378 1484 et
398 1453 574 1493 pcreyrinis
594 1463 631 1484 ue
648 1453 924 1492 circumferamini.
959 1451 1086 1484 Bonum

112 1496 194 1527 euim
214 1497 319 1535 qratia
343 1506 394 1527 cor
422 1496 611 1535 confirmari,
635 1506 694 1527 non
717 1495 803 1534 cibis,
833 1496 889 1535 qui
911 1494 991 1526 nihil
1009 1505 1083 1535 pro-

111 1538 238 1578 fuerunt
260 1539 303 1570 iis
324 1539 378 1578 qui
401 1540 435 1570 iu
457 1539 525 1571 illis
545 1539 661 1570 versati·
684 1541 765 1570 suut.

200 1641 228 1672 7.
252 1640 406 1673 Memores
433 1644 530 1674 estote.
576 1642 670 1681 Quae
700 1646 887 1681 sequuntur,
920 1651 985 1673 non
1017 1647 1083 1672 tam

111 1684 151 1715 ad
186 1694 291 1715 mores
325 1694 421 1725 quam
456 1685 496 1716 ad
529 1685 706 1717 doctrinam
743 1685 917 1724 pertinent.
971 1684 1084 1715 Primo

110 1727 180 1758 loco
211 1726 341 1758 Iudaeis
374 1728 560 1769 exemplum
594 1738 704 1759 eorum
740 1728 888 1768 proponit
922 1738 940 1758 a
971 1728 1085 1767 quibus

112 1769 215 1801 edocti
235 1770 379 1802 fuerant:
411 1781 448 1803 ac
480 1770 605 1802 videtur
633 1770 839 1811 peculiariter
863 1770 901 1802 de
924 1770 963 1802 iis
986 1769 1084 1810 loqui,

113 1813 168 1853 qui
199 1813 378 1844 doctrinam
408 1823 424 1843 a
455 1824 489 1845 se
516 1813 668 1845 traditam
696 1813 827 1854 proprio
850 1814 1007 1854 sanguine
1029 1813 1084 1844 ob-

112 1855 331 1896 signaverant.
385 1855 548 1895 Quiddam
579 1858 664 1888 enim
696 1856 904 1888 memorabile
934 1856 1085 1897 designat

108 1908 208 1938 quum
224 1897 310 1936 dicit,
329 1898 548 1932 intuentes
564 1900 719 1931 exitum
736 1899 1082 1931 conversationis.

97 1941 252 1972 ‘Tametsi
276 1941 358 1972 nihil
380 1942 516 1982 impedit
539 1943 710 1983 quominus
733 1943 929 1982 generaliter
951 1942 1012 1973 hoc
1034 1943 1083 1973 in-

109 1983 293 2024 telligamus
327 1984 366 2015 de
389 1985 436 2022 iis,
471 1986 526 2026 qui
560 1986 593 2017 in
626 1995 706 2017 sana
735 1985 797 2016 fide
828 1985 866 2016 ad
899 1990 1082 2016 extremum

109 2037 212 2066 usque
229 2027 447 2067 perstiterant,
471 2033 585 2059 ettam
609 2029 639 2059 in
665 2034 768 2059 morte
792 2039 889 2068 quam
913 2033 982 2059 tota
1005 2028 1084 2067 vita,

108 2069 203 2100 fidele
219 2079 319 2100 sanae
335 2069 499 2102 doctrinae
517 2072 737 2102 testimonium
754 2071 973 2102 reddiderant.
1011 2071 1082 2103 Hoc

109 2117 218 2143 autem
251 2123 313 2143 non
344 2123 458 2153 parum
490 2114 585 2151 valet,
622 2114 708 2154 quod
745 2124 819 2145 suos
849 2114 913 2145 illis
937 2114 1083 2145 doctores

108 2155 147 2185 ad
179 2155 374 2186 imitandum
407 2157 566 2196 proponit.
612 2157 695 2188 Nam
728 2157 782 2197 qui
812 2167 869 2188 nos
892 2157 925 2188 in
951 2157 1083 2188 Christo

108 2205 300 2237 genuerunt,
336 2199 425 2238 quasi
463 2203 589 2238 patrum
625 2200 693 2230 loeo
727 2209 796 2230 esse
831 2201 922 2231 nobis
953 2199 1081 2231 debent.

109 2240 218 2279 Quum
236 2251 312 2281 ergo
329 2252 381 2272 eos
407 2241 563 2272 vidissent
586 2243 702 2282 partim
727 2244 812 2273 inter
835 2253 949 2274 saevas
973 2252 1081 2283 perse-

109 2285 293 2323 quutiones,
325 2285 442 2324 partim
466 2284 551 2315 inter
574 2285 664 2316 varia
687 2285 872 2322 certamina,
896 2290 1081 2317 constantes

109 2331 139 2356 et
163 2326 324 2364 infractos,
349 2327 464 2357 merito
489 2327 648 2358 debebant
672 2327 744 2368 plus
767 2329 901 2359 moveri.

194 2378 223 2409 8.
248 2378 340 2409 Iesus
370 2377 513 2410 Christus
542 2378 619 2410 lieri.
665 2379 756 2410 Haec
790 2379 885 2411 unica
920 2385 967 2411 est
999 2380 1081 2411 ratio

109 2430 172 2459 qua
201 2421 236 2451 in
266 2427 352 2452 recta
380 2421 443 2452 fide
473 2426 663 2461 perstemus,
696 2422 721 2452 si
756 2423 937 2454 retinemus
968 2422 1079 2454 funda-

109 2469 274 2503 mentum,
309 2474 412 2504 neque
446 2465 485 2496 ab
522 2475 557 2495 eo
593 2464 643 2496 vel
677 2464 841 2496 tantillum
878 2465 1108 2501 discedimus.¹

109 2504 174 2544 Qui
205 2507 289 2537 enim
313 2506 481 2538 Christum
515 2518 578 2538 non
609 2511 706 2545 tenet,
740 2508 865 2539 etiamsi
895 2508 1018 2540 coelum
1051 2514 1082 2539 et
1107 2530 1108 2548 g

109 2553 228 2579 terrani
252 2549 512 2589 comprehendat,
544 2550 625 2581 nihil
649 2551 733 2590 sapit
757 2551 818 2582 nisi
843 2561 964 2582 meram
989 2552 1081 2583 vani-

107 2593 219 2622 tatem.

109 2634 199 2665 lestis
224 2634 399 2674 sapientiae
424 2636 576 2667 thesauri.

985 187 1133 219 CAPUT
1166 184 1259 218 XIII.

266 2591 303 2622 In
335 2592 469 2624 Christo
500 2593 586 2624 enim
617 2593 734 2624 inclusi
765 2599 841 2625 sunt
871 2604 983 2625 omnes
1014 2604 1082 2626 coe·
1107 2617 1108 2620 η

624 2636 762 2668 Proinde
797 2637 847 2669 hic
871 2642 920 2668 est
944 2636 1081 2678 insignis
1107 2657 1109 2670 1
1136 2637 1288 2669 ecclesiae
1314 2636 1373 2666 Dei
1406 2646 1532 2676 semper
1556 2636 1622 2667 fore
1646 2637 1807 2667 certamen
1831 2645 1903 2667 cum
1928 2634 2106 2676 peregrinis

2063 186 2123 217 190

1147 283 1244 323 locus,
1279 294 1318 314 cx
1349 293 1410 322 quo
1443 282 1598 314 discimus
1628 292 1692 313 non
1727 282 1820 313 aliam
1854 286 1939 313 recte
1974 282 2120 323 sapiendi

1146 335 1216 356 esse
1233 325 1388 366 regulam,
1405 335 1501 365 quam
1514 328 1550 356 ut
1562 325 1714 356 sistamus
1731 335 1840 356 omnes
1854 328 1980 356 nostros
2003 335 2116 357 sensus

1146 368 1179 397 in
1197 368 1262 399 solo
1282 367 1425 398 Christo.
1462 367 1634 399 Caeterum
1659 368 1734 407 quia
1757 378 1829 398 cum
1848 367 1976 400 Iudaeis
1995 368 2119 408 agebat,

1146 462 1239 491 quem
1258 453 1352 484 hodie
1370 457 1472 483 tenet:
1496 463 1531 484 ac
1548 462 1674 493 semper
1693 453 1742 483 sui
1766 453 1832 483 fore
1854 453 1993 484 similem
2018 463 2119 494 usque

1147 494 1185 525 ad
1210 495 1306 526 finem
1332 495 1451 526 mundi.
1498 495 1614 533 Heri,
1638 495 1750 535 inquit,
1782 500 1821 526 et
1846 495 1983 533 hodie,
2013 495 2119 528 idem

1146 537 1272 568 etiam
1311 539 1349 568 in
1388 539 1566 569 saecula.
1629 537 1755 577 Quibus
1802 539 1907 569 verbis
1945 539 2116 579 significat,

1146 622 1259 652 mundi
1299 633 1467 663 regnasse:
1506 634 1562 655 nec
1601 623 1737 654 ulterius
1771 623 1818 655 fas
1853 633 1923 655 esse
1958 624 2118 664 progredi,

1145 669 1315 704 postquam
1340 665 1379 696 ad
1403 676 1476 697 eum
1502 670 1694 706 perventum
1719 670 1776 697 est.
1815 665 1895 697 Heri
1916 676 1991 706 ergo
2011 672 2117 698 totum

1145 707 1264 737 veteris
1282 709 1466 739 testamenti
1487 714 1614 749 tempus
1637 709 1873 748 complectitur.
1911 710 1958 740 Ac
1982 719 2021 739 ne
2046 710 2117 748 quis

1144 748 1284 780 subitam
1320 750 1416 789 paulo
1447 757 1518 790 pest
1549 752 1762 783 mutationem
1793 756 2008 791 exspectaret,
2044 753 2116 791 quia

1144 801 1256 822 recens
1273 791 1378 823 adhuc
1395 799 1464 823 erat
1480 794 1639 834 evangelii
1666 794 1892 835 promulgatio,
1916 795 2116 834 prenuntiat,

1144 833 1189 865 sic
1223 844 1326 874 nuper
1360 835 1539 866 revelatum
1575 847 1644 867 esse
1678 837 1856 874 Christum,
1892 842 1928 868 ut
1964 841 2119 878 perpetuo

1144 876 1237 908 duret
1260 876 1372 908 eadem
1405 878 1473 908 eius
1504 879 1653 918 cognitio
1700 879 1785 911 Hinc
1817 884 1951 920 apparet
1982 890 2044 911 non
2079 880 2118 911 de

1143 924 1276 950 aeterna
1293 919 1416 951 Christi
1439 922 1577 951 essentia
1600 922 1778 961 apostolum
1803 922 1977 963 disputare,
2000 922 2056 953 sed
2079 922 2118 953 de

1143 962 1213 993 eius
1230 963 1355 1002 notitia,
1379 972 1460 1003 quae
1475 964 1624 994 omnibus
1644 964 1779 995 saeculis
1802 965 1906 1006 viguit
1928 965 2014 997 inter
2037 966 2117 1005 pios,

1143 1015 1179 1037 ac
1203 1010 1395 1046 perpetuum
1419 1005 1572 1037 ecclesiae
1596 1006 1842 1038 fundamentum
1866 1007 1933 1039 fuit.
1980 1007 2115 1040 Certum

1142 1048 1271 1088 quidem
1301 1054 1359 1085 est,
1394 1049 1483 1089 prius
1513 1048 1613 1080 fuisse
1636 1048 1803 1080 Christum
1835 1061 1930 1090 quam
1961 1051 2115 1082 virtutem

1142 1101 1235 1121 suam
1268 1097 1441 1122 exsereret.
1489 1090 1554 1123 Sed
1586 1102 1671 1123 nunc
1702 1093 1870 1131 quaeritur
1899 1094 1975 1133 quid
2000 1097 2117 1125 tractet

1141 1133 1314 1174 apostolus.
1361 1133 1438 1165 Ideo
1469 1134 1540 1166 dico
1570 1133 1611 1165 ad
1639 1135 1829 1174 qualitatem
1852 1135 1901 1176 (ut
1924 1136 1967 1167 ita
1991 1137 2116 1177 loquar)

1141 1177 1256 1207 referri
1273 1176 1359 1208 hunc
1376 1186 1569 1213 sermonem,
1594 1187 1657 1208 non
1682 1177 1722 1208 ad
1747 1180 1931 1208 essentiam:
1957 1180 2031 1218 quia
2051 1190 2115 1210 non

1141 1218 1325 1259 disputatur
1355 1230 1396 1251 an
1432 1224 1584 1251 aeternus
1618 1220 1718 1250 fuerit
1751 1220 1837 1260 apud
1871 1228 2014 1260 patrem,
2058 1222 2114 1253 sed

1140 1262 1244 1301 qualis
1276 1262 1373 1293 fuerit
1403 1264 1471 1294 eius
1495 1263 1608 1293 notitia
1631 1263 1714 1293 iuter
1731 1263 1894 1301 homines.
1943 1264 2114 1295 Caeterum

1141 1306 1358 1336 manifestatio
1381 1306 1514 1342 Christi,
1538 1313 1694 1345 quantun]
1720 1306 1759 1336 ad
1784 1312 1954 1337 externam
1977 1310 2115 1346 speciem

1140 1355 1172 1378 et
1189 1349 1329 1388 modum,
1354 1348 1481 1379 diversa
1497 1349 1625 1388 quidem
1644 1349 1704 1379 fuit
1720 1349 1780 1379 sub
1798 1349 1876 1389 lege,
1900 1351 1938 1380 ab
1962 1359 2000 1380 ea
2018 1361 2113 1389 quam

1141 1391 1234 1421 hodie
1259 1391 1430 1422 habemus:
1456 1391 1511 1422 sed
1536 1391 1566 1421 id
1591 1402 1654 1422 uon
1679 1392 1786 1422 obstat
1802 1393 1973 1431 quominus
1993 1404 2064 1423 vere
2085 1400 2115 1423 et

1140 1435 1268 1473 proprie
1293 1433 1378 1465 dicat
1401 1434 1576 1473 apostolus,
1601 1434 1738 1465 eundem
1761 1445 1887 1474 semper
1911 1445 1979 1466 esse
2003 1435 2113 1467 Chris-

1140 1482 1208 1507 tum
1234 1478 1265 1507 iu
1290 1487 1387 1516 quem
1411 1478 1591 1517 respiciunt
1614 1477 1734 1509 fideles.

1224 1520 1253 1550 9.
1278 1519 1441 1551 Doctrinis
1463 1520 1572 1551 variis.
1616 1520 1748 1561 Colligit
1771 1531 1837 1551 non
1861 1531 1930 1552 esse
1955 1521 2111 1552 fluctuan-

1139 1562 1230 1593 dum:
1256 1563 1516 1602 quandoquidem
1541 1564 1605 1594 fixa
1628 1567 1677 1594 est
1695 1563 1820 1595 Christi
1845 1564 1974 1599 veritas,
1999 1565 2030 1594 in
2051 1575 2113 1603 qua

1139 1617 1196 1637 nos
1231 1606 1406 1638 consistere
1439 1613 1577 1646 oportet.
1623 1606 1666 1636 Et
1698 1613 1784 1637 certe
1819 1606 1895 1637 hinc
1924 1607 2112 1646 opinionum

1138 1650 1269 1687 veritas,
1292 1648 1369 1679 hinc
1392 1658 1488 1680 omne
1511 1649 1779 1689 superstitionum
1803 1659 1917 1690 genus,
1950 1649 2025 1681 hinc
2047 1659 2113 1680 om-

1138 1692 1192 1723 nia
1208 1701 1355 1723 errorum
1372 1694 1526 1730 monstra,
1552 1691 1626 1723 hinc
1646 1691 1785 1732 denique
1809 1702 1920 1723 omnes
1944 1692 2112 1733 religionis

1137 1734 1350 1775 corruptelae,
1367 1744 1468 1774 quum
1484 1735 1518 1766 in
1533 1734 1600 1766 solo
1616 1734 1747 1766 Christo
1764 1745 1828 1765 non
1845 1739 1961 1766 statur.
2000 1735 2112 1775 Neque

1137 1778 1223 1809 enim
1248 1777 1369 1808 frustra
1393 1776 1485 1809 docet
1504 1777 1637 1816 Paulus,
1662 1778 1768 1818 ipsum
1792 1778 1882 1808 nobis
1907 1788 1976 1808 esse
2001 1777 2111 1809 datum

1138 1832 1156 1852 a
1181 1820 1249 1852 Deo
1278 1821 1310 1851 in
1341 1820 1542 1861 sapientiam.
1589 1821 1676 1862 Ergo
1702 1820 1798 1852 huius
1822 1820 1880 1851 loci
1905 1830 2031 1851 summa
2054 1826 2111 1858 est,

1138 1869 1173 1894 ut
1203 1863 1295 1895 nobis
1324 1865 1451 1895 constet
1481 1864 1575 1895 firma
1598 1863 1661 1895 Dei
1691 1864 1808 1895 veritas
1832 1864 1864 1894 in
1887 1863 1954 1894 solo
1979 1862 2110 1894 Christo

1137 1905 1405 1947 acquiescendum
1437 1917 1515 1938 esse.
1561 1906 1657 1939 Unde
1687 1906 1877 1947 colligimus,
1912 1916 2032 1944 omnes,
2057 1906 2111 1946 qui

1137 1949 1307 1982 Christum
1337 1949 1498 1990 ignorant,
1533 1950 1683 1982 omuibus
1706 1949 1850 1981 Satanae
1880 1948 2014 1980 fallaciis
2041 1958 2111 1980 esse

1137 1993 1314 2033 expositos:
1345 1992 1420 2032 quia
1444 1997 1537 2024 extra
1560 2004 1634 2024 eum
1659 1991 1747 2023 nulla
1770 1997 1818 2023 est
1841 1991 1915 2023 fidei
1939 1991 2109 2030 stabilitas,

1137 2036 1192 2067 sed
1217 2036 1407 2066 innumerae
1431 2036 1632 2076 agitationes.
1670 2035 1791 2066 Mirum
1815 2045 1891 2075 ergo
1911 2035 2109 2074 papistarum

1137 2089 1282 2116 acumen,
1306 2078 1360 2118 qui
1376 2079 1575 2110 contrarium
1592 2078 1767 2110 remedium
1792 2077 2001 2118 profligandis
2025 2087 2110 2108 erro-

1137 2122 1226 2153 ribus
1242 2121 1484 2161 excogitarunt:
1509 2132 1623 2162 nempe
1641 2122 1666 2152 si
1685 2121 1830 2152 extincta
1845 2121 1886 2152 sit
1908 2120 1959 2151 vel
1982 2120 2110 2160 sepulta

1137 2164 1260 2196 Christi
1277 2163 1426 2204 cognitio.
1467 2163 1590 2196 Verum
1614 2164 1691 2195 haee
1715 2164 1850 2203 spiritus
1873 2163 1976 2194 sancti
2000 2162 2110 2194 admo-

1136 2208 1217 2239 nitio
1235 2205 1381 2239 cordibus
1398 2207 1520 2239 nostris
1535 2207 1681 2243 insideat,
1708 2217 1771 2237 non
1794 2206 1888 2237 aliter
1912 2209 2004 2237 extra
2026 2205 2109 2245 peri-

1135 2251 1245 2283 culum
1262 2260 1318 2280 nos
1336 2250 1411 2288 fore,
1433 2259 1532 2289 quam
1550 2251 1576 2281 si
1593 2249 1715 2282 Christi
1731 2249 1974 2280 adhaereamus.
2006 2248 2107 2279 Porro

1136 2294 1306 2330 doctrinas,
1337 2302 1418 2332 quae
1438 2303 1457 2324 a
1480 2293 1612 2324 Christo
1642 2303 1699 2323 nos
1723 2292 1897 2332 abducunt,
1922 2291 2029 2323 varias
2053 2301 2106 2331 ap-

1135 2336 1246 2377 pellat:
1282 2335 1433 2375 quoniam
1465 2346 1529 2367 non
1564 2336 1627 2367 alia
1660 2339 1709 2366 est
1741 2335 1878 2375 simplex
1915 2344 1952 2365 ac
1982 2334 2108 2365 sincera

1136 2380 1256 2411 veritas
1287 2389 1383 2418 quam
1414 2377 1538 2410 Christi
1567 2378 1718 2419 cognitio.
1766 2378 1959 2417 Peregrinae
1989 2381 2107 2413 autem,

1134 2423 1285 2463 quoniam
1302 2420 1457 2461 quidquid
1472 2426 1566 2453 extra
1581 2421 1750 2453 Christum
1773 2426 1830 2458 est,
1854 2420 1943 2452 Deus
1967 2429 2025 2460 pro
2048 2430 2107 2450 suo

1135 2476 1199 2497 non
1231 2469 1390 2505 agnoscet.
1437 2464 1509 2503 Quo
1541 2465 1639 2496 etiam
1663 2473 1834 2495 monemur
1856 2473 2014 2503 quorsum
2038 2467 2105 2493 ten-

1135 2509 1209 2540 dere
1237 2519 1294 2538 nes
1318 2508 1439 2544 deceat,
1463 2508 1490 2538 si
1514 2508 1574 2538 rite
1600 2507 1746 2538 volumus
1771 2507 1804 2536 in
1828 2507 1987 2546 scriptura
2011 2506 2105 2544 profi-

1274 2550 1505 2590 Peregrinatur
1546 2551 1632 2581 enim
1671 2550 1814 2590 quisquis
1853 2560 1916 2580 non
1953 2554 2038 2580 recta
2073 2550 2107 2578 in

1535 2592 1706 2633 Significat
1735 2596 1904 2633 praeterea
1931 2591 2105 2632 apostolus,

1134 2563 1215 2583 cere.

1135 2594 1301 2626 Christum
1336 2592 1488 2624 collimat.
