2513 3126
333 179 394 211 309

328 278 464 318 gratiam
491 287 646 317 pauperes
670 281 891 307 contemnunt.
925 276 1020 307 Prius
1044 281 1103 315 est,
1128 276 1296 317 indignum

327 326 373 351 est
407 319 541 351 deiicere
565 328 644 358 qnos
668 318 757 349 Deus
782 319 918 357 extollit,
950 324 981 349 et
1005 329 1083 359 quos
1106 319 1226 350 honore
1250 319 1297 350 di-

325 369 451 402 gnatur,
477 361 629 401 probroso
652 366 804 392 tractare:
833 362 921 402 atqui
947 361 1036 392 Deus
1060 372 1217 401 pauperes
1240 362 1297 394 ho-

326 410 434 435 norat:
478 414 554 443 orgo
593 403 750 444 pervertit
786 403 847 434 Dei
882 403 1026 435 ordinem
1062 405 1209 445 quisquis
1243 415 1295 437 eos

1168 180 1304 213 EPlS'l'.
1331 181 1487 215 IACOBI

2264 188 2327 220 400

1352 278 1416 309 tius
1432 277 1491 308 sibi
1511 277 1626 309 divites
1650 288 1764 310 cavere
1787 279 1913 318 debent,
1941 291 1981 312 ne
2006 281 2081 321 quid
2105 292 2145 313 ox
2169 282 2229 315 hac
2251 294 2324 316 con·

1323 321 1489 363 11111110110,
1526 329 1606 359 quae
1641 321 1760 360 passim
1783 327 1951 363 grassatur
1986 324 2019 356 in
2054 334 2167 356 eorum
2201 325 2321 365 ordine,

1351 362 1553 395 contrahant.

1437 405 1463 435 7.
1499 404 1626 436 Bonum
1659 415 1774 438 nomen.
1829 407 1901 438 Non
1938 408 2048 440 dubito
2083 410 2160 450 quin
2194 409 2254 442 Dei
2290 416 2323 443 et

325 447 437 478 reiicit.
486 446 635 477 Alterum
660 451 824 485 sumptum
849 452 897 477 cst
922 447 961 478 ab
984 448 1188 487 experientia
1211 458 1296 480 com·
1321 441 1324 495 J
1350 447 1473 478 Christi
1499 458 1616 478 nomen
1641 448 1813 489 intelligat.
1860 450 1908 482 In
1924 452 2083 483 vocari
2115 457 2222 484 autem
2246 453 2323 485 dicit

324 489 423 520 muni.
471 488 553 519 Nam
586 499 685 528 quum
717 489 930 528 utplurimum
962 489 1087 521 molesti
1116 490 1182 521 sint
1204 490 1295 522 bonis

324 538 353 562 ot
386 532 528 562 innoxiis
556 531 681 570 divites,
713 531 806 562 valde
830 532 1002 563 absurdum
1027 537 1084 571 cst,
1113 543 1224 565 eorum
1248 533 1295 564 in-

323 574 412 605 iuriis
430 573 494 605 tale
517 574 697 614 praemium
722 575 909 614 rependere,
934 579 969 606 ut
992 575 1084 607 nobis
1106 576 1170 607 sint
1192 577 1296 617 magis

323 616 539 648 commendati
569 627 664 656 quam
696 627 862 657 pauperes,
894 618 947 658 qui
977 628 1034 649 nos
1057 619 1170 650 iuvant
1193 620 1296 660 magis
1321 614 1323 641 i

323 669 418 699 quam
450 660 591 691 laedunt.
639 660 817 700 Quousque
840 670 916 692 vero
939 666 1111 702 utrumque
1133 662 1296 702 procedat,

322 703 473 734 distinete
497 702 686 734 videbimus.

408 744 511 786 Eleyit
541 755 707 784 pauperes.

324 959 452 990 faceret.
499 959 537 990 In
567 970 703 996 summa,
737 970 835 1000 quum
861 960 951 991 Deus
981 960 1118 1000 gratiam
1147 969 1238 990 suam
1263 960 1296 991 in

324 1002 441 1033 divites
457 1003 671 1034 communiter
686 1007 719 1034 et
735 1012 894 1043 pauperes
917 1003 1080 1034 effuderit:
1106 1003 1164 1034 hos
1189 1007 1297 1034 tamen

323 1044 388 1076 illis
420 1045 524 1076 voluit
556 1045 730 1085 praeferre,
762 1052 797 1077 ut
827 1045 989 1077 discerent
1012 1045 1122 1086 magni
1145 1055 1211 1075 non
1236 1045 1296 1076 sibi

323 1088 465 1127 placere:
505 1088 664 1128 ignobiles
702 1098 778 1120 vero
815 1094 847 1119 et
883 1089 1026 1125 obscuri,
1071 1093 1174 1118 totum
1213 1088 1295 1128 quod

323 1134 431 1162 essent
455 1130 636 1162 tribuerent
660 1131 898 1163 misericordiae
916 1132 992 1162 Dei:
1018 1131 1145 1170 utrique
1168 1130 1208 1161 ad
1231 1141 1298 1161 mo-

323 1173 458 1204 destiam
490 1179 520 1204 et
552 1173 766 1205 humilitatem
797 1173 1015 1205 erudirentur.
1060 1173 1164 1204 Vocat
1189 1179 1297 1204 autem

324 1215 493 1247 Divites
524 1216 560 1246 in
591 1216 689 1254 fide,
723 1227 788 1248 non
818 1217 873 1256 qui
896 1217 971 1247 fidei
994 1215 1219 1256 magnitudine
1242 1216 1295 1247 ab·

325 1259 460 1298 undant,
500 1258 556 1290 sed
589 1269 668 1299 quos
701 1259 791 1290 Deus
826 1259 923 1290 variis
956 1259 1088 1298 spiritus
1121 1258 1172 1289 sui
1206 1258 1296 1290 donis

323 1301 550 1341 locupletavit:
598 1312 679 1342 quae
720 1302 782 1333 fide
822 1302 1023 1341 percipimus.
1086 1301 1171 1332 Nam
1211 1307 1296 1333 certe

323 1354 423 1385 quum
447 1344 608 1376 Dominus
638 1355 672 1376 se
696 1344 870 1376 liberaliter
892 1343 1042 1375 omnibus
1065 1344 1170 1382 offert,
1200 1354 1297 1376 unus-

324 1388 461 1428 quisque
477 1397 535 1427 pro
558 1397 635 1419 suae
658 1387 731 1418 fidei
755 1397 905 1418 mensura
924 1396 1058 1427 compos
1081 1387 1118 1418 fit
1140 1386 1295 1419 donorum

323 1440 400 1462 eius.

323 1478 454 1505 nostrae
499 1473 658 1504 defectum
704 1473 820 1513 arguit.
884 1472 969 1503 Nam
1014 1473 1041 1504 si
1086 1473 1182 1504 modo
1222 1473 1295 1505 fidei

323 1516 431 1546 sinum
463 1516 686 1554 extendamus,
719 1525 845 1555 semper
875 1521 1006 1555 paratus
1038 1519 1088 1547 est
1116 1515 1207 1548 Deus
1237 1517 1296 1547 im-

323 1558 422 1598 plere.
461 1558 718 1590 Promissum
751 1568 891 1598 regnum
923 1558 962 1589 iis
994 1558 1071 1590 dicit
1100 1559 1155 1598 qui
1189 1559 1296 1591 Deum

324 1601 483 1642 diligunt:
512 1612 577 1632 non
600 1601 684 1641 quod
709 1612 727 1632 a
751 1601 923 1632 dilectione
946 1600 1087 1642 pendeat
1110 1603 1296 1642 promissio:

323 1644 380 1675 sed
411 1650 445 1674 ut
475 1644 646 1675 admoneat
677 1644 787 1675 vocari
817 1654 875 1675 nos
906 1655 924 1675 a
947 1644 1018 1675 Deo
1042 1645 1074 1675 in
1098 1655 1188 1685 spem
1213 1646 1297 1678 vitae

325 1691 486 1724 aeternae,
519 1687 578 1718 hac
608 1686 792 1719 conditione
822 1692 854 1717 et
879 1687 913 1718 in
937 1687 1024 1719 hunc
1047 1688 1155 1725 finem,
1185 1692 1222 1720 ut
1247 1698 1298 1720 vo-

325 1730 387 1761 cati
411 1730 517 1770 ipsum
552 1729 735 1770 diligamus.
780 1730 869 1770 Ergo
893 1730 976 1769 finis,
1006 1741 1070 1761 non
1095 1731 1223 1763 initium
1246 1731 1298 1764 hic

325 1776 466 1804 notatur.

411 1815 439 1846 6.
466 1815 576 1847 Nonne
598 1815 718 1847 divites.
764 1815 903 1846 Videtur
933 1816 1088 1857 instigare
1112 1816 1151 1848 ad
1174 1816 1297 1849 vindic-

326 1865 401 1896 tam,
426 1858 502 1889 dum
518 1858 552 1889 in
568 1858 711 1889 medium
728 1858 858 1889 adducit
875 1858 1029 1890 iniustam
1046 1859 1298 1891 dominationem

328 1901 480 1933 divitum:
514 1905 549 1932 ut
572 1902 624 1941 qui
649 1900 688 1932 ab
711 1901 774 1932 illis
799 1901 909 1941 inique
932 1906 1123 1939 tractantur,
1148 1912 1207 1942 par
1229 1903 1298 1943 pari

328 1943 480 1975 referant.
522 1944 622 1984 Atqui
641 1944 759 1984 ubique
777 1943 935 1984 iubemur,
959 1945 1107 1985 inimicis,
1130 1945 1185 1985 qui
1208 1945 1298 1977 nobis

328 1986 435 2017 infesti
465 1989 556 2024 sunt,
593 1986 788 2018 benefacere.
840 1986 963 2018 Verum
994 1987 1082 2019 aliud
1111 1990 1160 2020 est
1192 1988 1299 2020 Iacobi

329 2028 508 2060 consilium.
565 2028 635 2059 Non
676 2033 802 2060 tantum
844 2030 1011 2061 ostendere
1045 2030 1133 2070 vult,
1173 2031 1299 2063 ratione

329 2081 437 2102 carere
471 2076 503 2101 et
532 2071 649 2103 iudicio
680 2072 734 2112 qui
764 2082 838 2103 suos
862 2073 1028 2104 carnifices
1051 2073 1219 2105 ambitiose
1242 2074 1299 2105 ho-

330 2118 461 2145 norant:
490 2124 526 2145 ac
549 2114 673 2145 interea
695 2114 807 2145 iniurii
830 2120 906 2146 sunt
928 2115 1112 2147 hominibus
1135 2116 1194 2148 sibi
1219 2117 1299 2148 ami-

329 2157 384 2195 cis,
406 2156 457 2187 vel
480 2156 595 2187 saltem
618 2167 636 2187 a
659 2157 774 2197 quibus
797 2167 964 2197 nunquam
988 2158 1064 2190 laesi
1088 2164 1173 2190 sunt.
1215 2159 1299 2191 Nam

329 2199 406 2230 hinc
436 2199 552 2230 melius
581 2204 716 2239 apparet
739 2201 874 2236 vanitas,
906 2201 990 2241 quod
1014 2201 1113 2234 nullis
1137 2202 1299 2234 beneficiis

329 2242 507 2282 provocati,
537 2241 608 2272 ideo
631 2247 760 2273 tantum
785 2243 945 2274 mirantur
966 2243 1090 2282 divites,
1123 2245 1197 2285 quia
1221 2245 1299 2277 divi-

329 2289 379 2316 tes
402 2290 495 2316 sunt:
525 2285 590 2315 imo
614 2295 693 2324 quos
717 2295 775 2316 suo
799 2285 915 2316 damno
938 2287 1076 2318 iniustos
1099 2293 1130 2319 et
1153 2287 1299 2319 crudeles

330 2328 485 2364 sentiunt,
517 2327 558 2358 iis
588 2327 750 2359 serviliter
781 2327 999 2360 blandiuntur.
1052 2330 1138 2361 Sunt
1168 2330 1298 2371 quidem

330 2381 369 2401 ex
393 2369 549 2401 divitibus
571 2370 720 2401 nonnulli
743 2371 836 2411 aequi
859 2376 890 2402 et
912 2372 1059 2413 modesti,
1089 2379 1120 2404 et
1149 2374 1188 2404 ab
1211 2374 1299 2404 omni

329 2413 490 2444 iniustitia
518 2412 748 2444 abhorrentes:
777 2413 832 2445 sed
864 2415 955 2453 pauci
979 2416 1059 2446 tales
1082 2416 1298 2456 reperiuntur.

330 2455 425 2494 Quod
460 2466 535 2496 ergo
577 2455 791 2496 utplurimum
829 2456 971 2488 accidere
1009 2458 1103 2498 solet,
1146 2464 1177 2490 et
1207 2459 1299 2499 quasi

330 2498 517 2538 quotidiano
559 2509 620 2530 usu
660 2503 857 2538 compertum
905 2506 971 2539 est,
1019 2501 1115 2532 refert
1155 2501 1298 2533 Iacobus.

331 2541 416 2579 Quia
454 2541 541 2572 enim
575 2540 722 2573 homines
757 2542 822 2573 fere
857 2541 940 2573 vires
975 2553 1049 2574 suas
1083 2545 1299 2584 experiuntur

330 2583 490 2615 nocendo:
523 2584 599 2615 inde
630 2585 666 2615 fit
693 2589 729 2615 ut
758 2594 821 2624 quo
850 2584 924 2625 plus
953 2586 1089 2625 quisque
1113 2592 1227 2627 potest,
1262 2597 1299 2619 eo

331 2626 373 2657 sit
405 2626 552 2664 deterior,
583 2631 615 2657 et
646 2628 678 2658 in
709 2628 871 2668 proximos
899 2627 1048 2667 iniquior.
1095 2629 1167 2668 Quo
1192 2630 1298 2661 inten-

447 1429 558 1468 Quare
588 1431 614 1461 si
646 1430 740 1461 vacui
770 1440 882 1461 sumus
914 1434 971 1461 aut
1001 1430 1123 1470 inopes,
1158 1430 1190 1461 id
1221 1430 1295 1462 fidei
1322 1430 1324 1434 “

1351 501 1446 530 super
1466 490 1587 530 fideles,
1608 502 1670 522 non
1690 491 1722 522 in
1741 492 1899 532 precibus,
1918 498 1956 525 ut
1971 494 2145 534 aliquando
2161 497 2323 535 scriptura

1350 533 1433 572 loqui
1452 533 1542 573 solet,
1565 533 1619 564 sed
1637 534 1764 565 ratione
1782 535 1998 574 professionis.
2037 537 2321 576 Quemadmodum

1349 576 1447 615 patris
1467 586 1583 606 nomen
1603 587 1700 617 super
1718 577 1858 609 sobolem
1878 579 2020 611 invocari
2037 580 2164 617 dicitur,
2196 580 2318 613 Genes-

1349 619 1399 654 48.
1426 618 1475 650 16.
1518 618 1561 649 Et
1584 620 1690 650 mariti
1716 630 1832 651 nomen
1856 632 1952 661 super
1975 632 2120 660 uxorem,
2144 622 2216 654 Iesa
2238 624 2266 662 4,
2293 625 2322 655 1.

1322 670 1323 698 ς
1350 661 1439 692 Idem
1471 671 1548 701 ergo
1579 668 1626 693 est
1657 672 1693 694 ac
1723 663 1749 693 si
1782 662 1927 701 dixisset,
1959 664 2088 696 Bonum
2120 676 2237 698 nomen
2260 677 2322 707 quo

1322 716 1324 740 ς
1351 704 1548 744 gloriamini,
1581 705 1630 736 vel
1663 715 1725 745 quo
1755 707 1878 737 censeri
1910 707 2024 746 vultis,
2054 707 2185 740 honoris
2214 719 2320 741 causa.

762 746 835 777 Non
869 746 954 778 solos
988 746 1130 786 quidem:
1166 747 1221 777 sed
1257 747 1296 778 ab
1323 758 1324 789 3

323 788 388 819 illis
418 788 587 819 exordium
619 788 723 820 facere
746 789 859 828 voluit,
892 794 928 820 ut
950 789 1086 820 divitum
1111 789 1296 829 superbiam
1323 790 1325 815 f

322 831 519 862 retunderet.
551 830 622 862 Hoc
638 837 687 862 est
703 831 787 871 quod
805 831 881 863 dicit
897 831 1019 863 Paulus
1034 832 1077 873 (1.
1091 832 1164 863 Cor.
1184 833 1212 872 1,
1232 833 1297 871 25),
1324 844 1325 847 ¹

323 873 395 904 Non
426 873 520 904 multi
552 873 686 913 nobiles,
721 885 783 905 non
816 874 910 906 multi
942 880 1089 915 potentes
1112 885 1129 905 e
1153 875 1296 906 saeculo:
1324 894 1325 915 ;

323 916 379 948 sed
395 926 476 956 quac
495 916 626 947 infirma
649 923 751 954 erant,
776 917 866 948 Deus
889 917 996 958 elegit,
1020 922 1056 948 ut
1079 917 1173 948 fortia
1198 917 1296 956 pude-
1324 922 1325 928 ¹

1351 747 1442 785 Quod
1475 746 1502 778 si
1532 746 1579 777 illi
1603 747 1666 778 Dei
1697 748 1833 788 gloriam
1857 749 1993 789 superbe
2017 751 2190 782 infamant:
2225 762 2321 792 quam

1351 789 1474 829 indigni
1498 794 1575 820 sunt
1598 789 1715 830 quibus
1740 791 1895 824 honorem
1914 793 2103 834 impendant
2120 793 2320 826 Christiani?

1437 874 1466 905 8.
1506 873 1543 906 Si
1580 874 1675 915 leyem
1711 876 1835 915 quidem
1871 878 1990 918 reyiam
2019 879 2191 919 perficitis,
2228 879 2321 911 iuxta

1352 918 1550 956 scripturam.
1593 917 1717 958 Diliycs
1734 919 1917 958 proximum
1939 923 2025 952 tuum
2048 922 2128 953 sicut
2149 924 2176 954 te
2199 922 2321 961 ipsum:

1351 960 1536 1000 benefacitis.
1594 960 1625 992 9.
1665 960 1722 992 Sin
1756 971 1926 1000 personam
1957 964 2128 1003 respicitis,
2161 967 2321 1003 peccatum

1352 1003 1548 1040 committitis,
1578 1005 1604 1034 ei
1634 1004 1865 1044 redaryuimini
1886 1016 1904 1036 a
1929 1005 2000 1046 ἱερεῖ,
2030 1007 2125 1038 veluti
2148 1010 2319 1048 tran-syres-

1352 1056 1443 1077 sores.
1498 1046 1547 1077 10.
1588 1046 1740 1086 Quisquis
1775 1048 1856 1079 enim
1888 1050 1981 1079 totam
2014 1049 2112 1089 leqem
2141 1050 2320 1087 servaverit,

1352 1089 1510 1128 offenderit
1543 1092 1645 1121 autem
1679 1089 1713 1120 in
1745 1100 1820 1129 uno,
1855 1090 1958 1130 factus
1993 1094 2038 1123 est
2069 1092 2206 1124 omnium
2238 1102 2319 1124 reus.

1353 1133 1401 1163 11.
1435 1131 1520 1162 Nam
1548 1133 1602 1172 qui
1625 1132 1722 1163 dixit.-
1753 1133 1803 1164 Ne
1824 1133 1998 1172 moecheris,
2027 1135 2110 1166 dixit
2131 1135 2241 1167 etiam.-
2271 1135 2321 1167 Ne

1351 1174 1481 1206 occidas.
1540 1175 1627 1214 Quod
1659 1175 1689 1206 si
1722 1185 1782 1207 non
1814 1176 1915 1215 fueris
1947 1177 2137 1218 moechatus,
2173 1177 2321 1210 occideris·

1351 1220 1460 1254 tamen,
1484 1218 1587 1257 factus
1609 1227 1641 1249 es
1664 1220 1876 1259 transyressor
1897 1219 1982 1260 zeqis.

1435 1302 1592 1343 Sequitur
1607 1313 1694 1335 nunc
1711 1303 1835 1343 plenior
1851 1304 2034 1337 declaratio.
2074 1305 2215 1338 Causam
2232 1306 2320 1337 enim

1322 1379 1324 1388 ‚
1351 1346 1516 1386 proximae
1546 1346 1808 1386 reprehensionis
1837 1353 1946 1387 aperte
1969 1347 2127 1389 designat,
2158 1349 2234 1388 quia
2257 1359 2322 1380 non

1351 1399 1389 1419 ex
1423 1389 1557 1420 caritate
1592 1389 1625 1419 in
1656 1389 1772 1421 divites
1803 1390 1939 1422 officiosi
1969 1395 2094 1429 essent,
2129 1391 2185 1422 sed
2215 1392 2321 1431 potius

1350 1432 1438 1462 inani
1473 1431 1651 1471 captandae
1685 1435 1809 1472 gratiae
1843 1434 1958 1465 studio.
2009 1434 2071 1465 Est
2105 1439 2213 1465 autem
2243 1444 2317 1474 pro-

1351 1474 1457 1514 lepsis,
1480 1474 1513 1505 in
1536 1485 1597 1514 qua
1621 1474 1777 1506 adversae
1796 1477 1896 1516 partis
1915 1477 2157 1508 excusationem
2176 1481 2321 1517 occupat.

1351 1518 1506 1548 Poterant
1535 1518 1620 1548 enim
1651 1518 1815 1558 excipere,
1845 1529 1908 1550 non
1940 1529 2009 1550 esse
2039 1519 2235 1559 culpandum
2266 1519 2321 1560 qui

1352 1571 1385 1591 se
1422 1559 1592 1591 humiliter
1626 1560 1724 1591 etiam
1758 1561 1900 1602 indignis
1934 1561 2106 1593 submittit.
2163 1561 2322 1593 Concedit

1350 1602 1478 1643 quidem
1503 1603 1638 1634 Iacobus
1667 1603 1698 1634 id
1724 1614 1837 1635 verum
1869 1613 1956 1636 esse:
1988 1605 2044 1636 sed
2077 1604 2117 1635 ab
2146 1604 2210 1636 illis
2239 1604 2320 1636 falso

1351 1646 1498 1687 praetexi
1529 1646 1636 1678 docet:
1667 1647 1743 1686 quia
1767 1647 1830 1678 tale
1854 1648 2042 1688 obsequium
2067 1657 2131 1678 non
2155 1648 2321 1687 proximis,

1351 1688 1406 1720 sed
1441 1689 1586 1728 personis
1619 1689 1805 1721 exhibeant.
1856 1690 1968 1722 Priore
2002 1691 2133 1730 inquam
2166 1690 2320 1729 membro,

1351 1737 1437 1763 recta
1460 1737 1491 1762 et
1514 1731 1609 1763 laude
1633 1731 1730 1772 digna
1753 1743 1822 1764 esse
1845 1734 1989 1774 agnoscit
2013 1743 2222 1773 quaecunque
2241 1733 2320 1765 cari-

1352 1775 1427 1805 tatis
1457 1774 1562 1806 officia
1591 1775 1624 1805 in
1651 1775 1814 1815 proximos
1837 1776 2042 1807 conferimus.
2087 1775 2201 1807 Altero
2223 1779 2322 1817 negat

1352 1817 1553 1848 ambitiosam
1584 1827 1795 1857 personarum
1825 1820 2043 1860 acceptionem
2072 1819 2106 1849 in
2137 1828 2173 1850 eo
2203 1828 2321 1860 genere

1351 1859 1468 1890 debere
1498 1861 1636 1891 censeri:
1667 1861 1742 1901 quia
1773 1870 1790 1891 a
1821 1861 1902 1902 legis
1930 1861 2043 1902 regula
2064 1861 2203 1892 multum
2227 1861 2320 1893 absit.

1352 1901 1459 1934 Huius
1503 1908 1608 1934 autem
1654 1904 1873 1944 responsionis
1917 1905 2011 1936 cardo
2054 1904 2087 1935 in
2134 1905 2320 1936 nominibus

1352 1945 1558 1985 proximi
1587 1950 1629 1977 et
1652 1957 1882 1986 personae
1906 1948 2057 1979 vertitur:
2081 1957 2118 1979 ac
2141 1947 2167 1978 si
2191 1947 2321 1984 diceret,

1352 1987 1389 2019 Si
1421 1988 1594 2020 obtenditis
1625 1989 1710 2021 facto
1735 1995 1841 2021 vestro
1872 1990 2017 2022 caritatis
2048 1990 2199 2030 speciem,
2229 1989 2321 2022 facile

1352 2030 1384 2061 id
1418 2030 1568 2062 diluetur.
1620 2032 1709 2063 Deus
1741 2033 1827 2063 enim
1863 2033 2023 2073 proximos
2057 2033 2146 2064 iubet
2175 2032 2320 2073 diligere,

1353 2084 1418 2104 non
1443 2074 1560 2113 eligere
1584 2084 1747 2114 personas.
1789 2076 1890 2106 Porro
1914 2076 1992 2107 haec
2015 2086 2077 2107 vox
2101 2074 2318 2116 proximi,

1353 2120 1455 2147 totum
1487 2116 1654 2148 hominum
1683 2128 1786 2157 genus
1816 2118 2068 2158 comprehendit.
2123 2117 2188 2157 Qui
2219 2117 2320 2158 igitur

1353 2158 1506 2200 pauculos
1529 2170 1586 2190 suo
1610 2160 1754 2199 arbitrio,
1778 2161 1849 2192 aliis
1872 2161 2065 2201 praeteritis,
2085 2159 2235 2192 colendos
2258 2160 2319 2191 sibi

1354 2202 1509 2242 proponit,
1540 2212 1605 2233 non
1628 2202 1690 2233 Dei
1722 2203 1824 2244 legem
1853 2208 1973 2243 servat,
2003 2203 2059 2234 sed
2089 2212 2189 2243 pravo
2219 2202 2320 2234 animi

1353 2245 1403 2276 sui
1423 2244 1529 2275 studio
1554 2245 1750 2285 obsequitur.
1796 2246 1993 2277 Nominatim
2018 2246 2108 2277 Deus
2131 2249 2164 2276 et
2186 2244 2319 2283 alienos,

1354 2292 1386 2319 et
1407 2287 1566 2327 inimicos,
1597 2292 1628 2319 et
1651 2288 1835 2329 quicunque
1858 2289 1975 2328 alioqui
1999 2294 2107 2319 essent
2127 2288 2319 2328 contempti-

1354 2330 1442 2368 biles,
1476 2330 1569 2362 nobis
1603 2331 1816 2362 commendat.
1870 2331 1957 2363 Huic
1990 2330 2154 2363 doctrinae
2188 2340 2320 2370 prorsus

1353 2374 1515 2405 contraria
1546 2378 1596 2405 est
1625 2383 1835 2413 personarum
1866 2373 2015 2414 acceptio.
2061 2373 2172 2412 Quare
2203 2373 2319 2405 merito

1351 2416 1487 2447 Iacobus
1519 2426 1594 2448 cum
1629 2416 1763 2448 caritate
1797 2426 1943 2457 pugnare
1971 2415 2242 2458 προσωποληψίαν
2272 2416 2319 2448 af-

1353 2460 1471 2490 firmat.

1437 2501 1466 2533 8.
1498 2501 1609 2542 Legem
1639 2501 1757 2542 regiam
1774 2502 1933 2541 perficitis.
1978 2501 2103 2542 Legem
2127 2512 2184 2542 pro
2206 2501 2318 2542 regnla

1351 2544 1385 2575 in
1419 2545 1576 2584 principio
1610 2545 1788 2575 sententiae
1817 2544 2005 2584 simpliciter
2037 2545 2173 2585 accipio:
2207 2544 2316 2576 Per-

1352 2586 1366 2617 f
1375 2587 1502 2619 icere
1535 2591 1653 2625 autem,
1688 2597 1745 2627 pro
1779 2587 1903 2618 sincera
1936 2587 2036 2618 animi
2068 2588 2257 2628 integritate
2285 2591 2317 2617 et

1352 2630 1488 2662 rotunde
1512 2630 1562 2670 (ut
1584 2629 1687 2671 aiunt)
1710 2639 1851 2662 servare.
1889 2629 2034 2671 Opponit
2057 2635 2164 2663 autem
2188 2628 2316 2670 partiali
