2513 3126
702 773 884 813 CAPUT
907 773 938 812 Ι.

420 859 446 889 l.
471 857 613 895 Iacobus,
644 856 708 889 Dei
734 867 770 890 ac
792 856 924 889 Domini
947 858 1022 890 Iesu
1046 858 1163 890 Christi
1190 867 1306 895 servus,

332 900 492 933 duodecim
515 900 664 939 tribubus,
687 910 768 940 quae
790 900 824 932 in
845 900 1038 940 dispersimw
1060 903 1141 941 sunt,
1167 900 1306 932 salutem.

333 945 363 975 2.
390 943 486 975 Omne
512 943 667 984 qaudium
696 942 882 981 existimate,
913 943 1031 983 fratres
1053 944 1122 983 mei,
1156 952 1251 982 quum
1273 942 1307 974 in

332 986 512 1018 tentationes
539 986 650 1018 varias
677 985 861 1017 incideritis.
907 985 936 1018 3.
967 986 1100 1018 Scientes
1129 985 1210 1025 quod
1233 994 1307 1024 pro-

332 1029 413 1061 batio
432 1029 506 1069 fidei
527 1031 655 1067 vestrae,
682 1028 866 1068 patientiam
895 1031 1049 1069 operatur.
1095 1028 1125 1059 4.
1148 1027 1307 1059 Patientia

331 1081 403 1104 vero
424 1081 502 1112 opus
520 1071 693 1112 perfectum
721 1070 838 1111 habeat,
870 1074 906 1103 ut
934 1072 1005 1103 sitis
1029 1071 1159 1111 perfecti
1181 1072 1209 1101 et
1231 1070 1305 1102 inte-

330 1115 391 1156 9ri,
413 1114 448 1146 in
469 1114 556 1146 nullo
576 1113 756 1153 deficientes.

420 1200 449 1231 1.
482 1199 654 1232 Duodecim
690 1198 838 1231 tribubus.
896 1199 1005 1238 Quum
1040 1197 1196 1231 abductae
1229 1199 1306 1229 sunt

334 1242 441 1274 decem
472 1242 585 1279 tribus,
615 1242 758 1282 captivos
780 1241 936 1282 Assyrius
959 1241 992 1272 in
1017 1240 1152 1273 diversis
1175 1241 1305 1274 sedibus

333 1284 514 1317 collocavit.
570 1284 690 1316 Postea
726 1289 763 1316 ut
797 1285 828 1315 in
863 1293 1037 1324 regnorum
1071 1284 1306 1316 mutationibus

332 1327 456 1368 (quales
486 1331 565 1360 tunc
595 1326 792 1368 acciderunt)
822 1326 893 1357 fieri
919 1326 1019 1358 solet:
1048 1327 1227 1359 verisimile
1250 1330 1307 1365 est,

333 1370 397 1402 huc
420 1374 452 1402 et
474 1370 551 1402 illue
573 1379 627 1401 eos
650 1380 793 1401 seorsum
816 1369 984 1410 migrasse.
1028 1369 1143 1401 Iudaei
1172 1380 1251 1402 vero
1273 1370 1305 1400 in

333 1423 445 1445 omnes
478 1412 546 1444 fere
579 1412 693 1443 mundi
725 1412 874 1452 regiones
904 1411 1051 1453 dissipati
1081 1417 1184 1445 erant.
1236 1412 1307 1444 Hos

333 1456 434 1497 igitur
463 1465 577 1487 omnes
600 1465 679 1495 quos
702 1454 823 1495 alloqui
845 1464 955 1486 coram
978 1465 1043 1486 non
1066 1459 1202 1496 poterat,
1231 1455 1307 1496 quia

334 1499 445 1539 procul
469 1498 571 1530 dissiti
594 1502 697 1536 erant,
728 1498 847 1537 scripto
870 1497 1029 1529 hortatur.
1076 1497 1172 1537 Quod
1196 1504 1303 1530 autem

333 1541 373 1572 de
403 1540 528 1574 Christi
562 1540 666 1582 gratia
700 1544 733 1571 et
766 1540 829 1571 fide
861 1540 897 1571 in
930 1540 1036 1580 ipsum
1070 1551 1135 1572 non
1170 1541 1307 1579 disserit,

332 1584 413 1615 haec
442 1583 570 1616 videtur
599 1593 669 1615 esse
692 1583 783 1623 ratio,
812 1582 897 1623 quod
919 1583 1098 1615 orationem
1121 1583 1161 1615 ad
1184 1594 1237 1616 eos
1260 1583 1306 1614 di-

331 1626 470 1668 rigebat,
503 1627 557 1666 qui
586 1627 651 1657 iam
684 1626 723 1658 ab
753 1626 826 1658 aliis
855 1630 942 1657 reete
965 1626 1107 1658 instituti
1130 1631 1236 1658 erant:
1271 1629 1307 1657 ut

331 1679 398 1701 non
433 1674 500 1701 tam
535 1669 697 1706 doctrina,
736 1679 835 1709 quam
869 1668 1133 1701 exhortationum
1168 1669 1307 1701 stimulis

333 1722 414 1753 opus
438 1712 602 1744 haberent.

420 1755 449 1787 2.
477 1755 571 1787 Omne
591 1754 752 1796 qaudium.
798 1755 909 1786 Prima
932 1754 1128 1787 exhortatio:
1153 1759 1189 1786 ut
1211 1754 1307 1786 hilari

334 1798 444 1830 animo
463 1798 658 1829 tentationes
681 1797 856 1838 excipiant,
879 1798 996 1838 quibus
1019 1798 1174 1838 probatur
1196 1807 1306 1829 eorum

334 1841 424 1873 fides.
469 1841 549 1872 Fuit
576 1846 686 1872 autem
709 1840 743 1872 in
766 1840 880 1881 primis
903 1840 1122 1872 necessarium
1144 1840 1307 1872 sublevari

335 1893 373 1915 eo
403 1888 548 1925 tempore
570 1883 717 1920 Iudaeos,
749 1888 796 1915 tot
826 1884 989 1915 aerumnis
1020 1894 1102 1924 pene
1128 1893 1306 1924 oppressos.

337 1925 391 1958 Sic
420 1927 507 1958 enim
546 1929 616 1957 erat
651 1927 771 1958 infame
800 1927 907 1967 gentis
937 1936 1072 1963 nomen,
1105 1931 1142 1958 ut
1173 1926 1245 1958 odio
1273 1927 1306 1957 et

336 1969 534 2010 contemptui
557 1974 664 2000 essent
690 1969 840 2001 omnibus
870 1969 1006 2009 populis,
1039 1979 1230 2009 quocunque
1252 1979 1306 2001 ve-

336 2016 464 2043 nerant.
515 2011 776 2044 Christianorum
809 2022 886 2044 vero
919 2012 1068 2043 miserior
1096 2011 1202 2044 adhuc
1229 2021 1306 2043 con-

338 2053 416 2085 ditio
445 2057 525 2094 erat,
555 2054 638 2094 quod
670 2065 744 2086 suos
765 2054 904 2096 gentiles
926 2054 1088 2086 habebant
1112 2055 1222 2086 hostes
1246 2053 1306 2085 sibi

337 2096 574 2128 infestissimos.
605 2097 811 2137 Quamquam
828 2108 893 2129 non
917 2098 963 2128 ita
986 2097 1043 2128 uni
1066 2097 1203 2138 tempori
1227 2097 1306 2128 haec

337 2139 513 2171 consolatio
535 2140 666 2179 propria
689 2140 756 2177 fuit,
781 2141 857 2180 quin
880 2150 1008 2180 semper
1031 2140 1120 2171 utilis
1142 2140 1186 2172 sit
1207 2138 1307 2171 fideli-

338 2181 407 2219 bus,
431 2192 565 2222 quorum
589 2183 656 2213 vita
685 2182 815 2214 assidua
847 2187 896 2214 est
919 2183 1036 2214 militia
1057 2193 1154 2222 super
1177 2188 1306 2214 terram.

338 2223 511 2256 Caeterum
534 2229 571 2255 ut
593 2224 708 2256 melius
730 2226 868 2257 sciamus
890 2225 965 2266 quid
990 2225 1077 2263 velit,
1105 2224 1307 2257 tentatio-

337 2277 410 2298 nes
444 2276 502 2307 pro
534 2267 630 2298 rebus
664 2267 807 2299 adversis
840 2268 940 2308 accipi
973 2278 1038 2299 non
1072 2267 1206 2299 dubium
1241 2272 1306 2299 est:

338 2310 413 2349 quia
442 2314 520 2341 sunt
550 2314 680 2341 nostrae
710 2320 787 2350 erga
815 2310 924 2341 Deum
954 2310 1153 2342 obedientiae
1183 2309 1307 2350 experi-

337 2357 457 2383 menta.
505 2352 569 2383 His
598 2351 674 2383 dum
704 2355 897 2384 exercentur
927 2353 1047 2391 fideles,
1082 2364 1134 2385 eos
1165 2352 1307 2393 gaudere

338 2395 440 2426 iubet:
465 2404 569 2434 neque
584 2394 617 2425 id
633 2394 711 2426 dum
734 2395 768 2425 in
791 2405 887 2426 unam
912 2395 1072 2427 duntaxat
1095 2395 1306 2427 tentationem

338 2437 496 2476 incidunt,
525 2437 582 2469 sed
605 2438 638 2468 in
661 2437 784 2478 plures:
815 2447 919 2477 neque
942 2439 1037 2470 unius
1059 2443 1186 2469 tantum
1209 2447 1306 2478 gene-

339 2480 396 2519 ris,
427 2480 483 2511 sed
513 2479 708 2520 multiplices
736 2489 773 2511 ac
803 2480 918 2511 varias.
963 2480 1008 2511 Et
1037 2485 1123 2512 certe
1145 2490 1244 2521 quum
1267 2479 1307 2511 ad

338 2522 596 2555 mortificandam
628 2533 758 2555 carnem
792 2527 934 2554 nostram
968 2523 1115 2561 valeant,
1149 2523 1243 2555 sicuti
1273 2523 1306 2553 in

339 2565 433 2597 nobis
466 2566 668 2597 continenter
701 2565 863 2605 pullulant
891 2565 999 2597 carnis
1027 2566 1124 2598 vitia:
1158 2566 1204 2597 ita
1233 2565 1305 2596 illas

340 2608 474 2639 subinde
504 2610 604 2648 repeti
634 2617 763 2640 necesse
792 2612 850 2640 eet.
895 2607 1022 2639 Deinde
1051 2608 1146 2640 sicuti
1169 2608 1305 2640 diversis

339 2650 459 2682 morbis
474 2650 674 2683 laboramus:
698 2650 742 2683 sic
760 2650 887 2684 diversa
910 2650 1051 2682 remedia
1073 2650 1217 2682 adhiberi
1239 2650 1304 2683 illis

1359 772 1514 805 curandis
1536 784 1599 805 non
1623 774 1740 805 mirum
1764 777 1821 805 est.
1866 773 1966 805 Varie
1989 784 2066 815 ergo
2090 784 2148 807 nos
2169 774 2331 808 Dominus

1359 815 1490 856 affligit:
1521 817 1597 856 quia
1626 827 1690 848 non
1719 816 1830 848 eodem
1860 816 1966 848 curari
1990 822 2121 857 possent
2145 817 2330 858 pharmaco,

1360 858 1500 897 ambitio,
1529 859 1678 897 avaritia,
1708 859 1888 896 aemulatio,
1918 859 2014 899 gulae
2037 860 2252 900 intemperies,
2283 862 2332 892 ni-

1360 901 1444 931 mius
1473 901 1584 932 mundi
1615 912 1716 942 amor,
1751 906 1783 933 et
1813 903 2003 934 innumerae
2032 902 2185 935 libidines
2215 903 2331 944 quibus

1359 948 1530 974 scatemus.
1575 943 1684 983 Quum
1716 944 1805 976 iubet
1833 945 2082 976 existimare
2104 955 2215 977 omne
2237 956 2331 986 gau-

1360 985 1487 1024 dium,
1508 986 1642 1026 perinde
1664 992 1713 1019 est
1736 997 1773 1018 ac
1795 987 1821 1018 si
1843 987 1974 1026 diceret,
1997 987 2043 1019 ita
2064 987 2099 1019 in
2121 988 2210 1020 lucro
2233 989 2332 1028 depu-

1361 1028 1474 1059 tandas
1497 1038 1575 1066 esse,
1608 1033 1644 1059 ut
1673 1029 1803 1061 nonnisi
1825 1029 1988 1069 gaudendi
2012 1029 2052 1062 sit
2074 1031 2219 1063 materia.
2265 1030 2332 1063 De-

1360 1071 1458 1110 nique
1492 1070 1575 1102 nihil
1609 1081 1678 1104 esse
1711 1073 1744 1103 in
1775 1072 2003 1104 afflictionibus
2033 1073 2213 1113 significat,
2246 1073 2333 1114 quod

1360 1113 1515 1154 gaudium
1539 1118 1685 1146 nostrum
1708 1114 1867 1147 obturbet.
1912 1114 2017 1156 Atque
2048 1115 2109 1147 hoc
2131 1116 2235 1155 modo,
2265 1126 2331 1148 non

1361 1160 1486 1187 tantum
1517 1157 1683 1197 praecipit,
1715 1157 1839 1198 placide
1861 1161 1894 1189 et
1916 1168 2018 1198 aequo
2041 1158 2150 1189 animo
2173 1158 2258 1190 ferre
2281 1169 2334 1191 res

1360 1198 1527 1231 adversas:
1572 1199 1629 1231 sed
1672 1209 1801 1231 causam
1839 1210 1908 1232 esse
1946 1201 2038 1232 docet
2075 1211 2134 1233 cur
2171 1200 2334 1242 gaudeant

1360 1241 1480 1280 fideles,
1511 1241 1588 1273 dum
1617 1241 1681 1274 illis
1711 1246 1913 1282 premuntur.
1957 1243 2094 1275 Certum
2121 1242 2251 1284 quidem
2273 1248 2332 1281 est.

1359 1284 1406 1315 ita
1436 1289 1636 1325 comparatos
1666 1295 1735 1317 esse
1758 1295 1870 1317 omnes
1893 1287 2031 1317 naturae
2054 1290 2185 1318 nostrae
2208 1296 2332 1326 sensus,

1360 1331 1396 1358 ut
1427 1337 1485 1358 nos
1517 1327 1626 1359 dolore
1657 1332 1688 1359 et
1718 1327 1852 1359 tristitia
1881 1328 1998 1360 afficiat
2028 1329 2162 1369 quaevis
2185 1329 2332 1361 tentatio.

1360 1369 1473 1410 Neque
1518 1380 1594 1402 vero
1642 1374 1746 1410 potest
1782 1371 1952 1411 quisquam
1992 1376 2143 1403 nostrum
2182 1374 2335 1403 naturam

1359 1418 1492 1444 eatenus
1522 1423 1652 1452 exuere,
1685 1416 1722 1444 ut
1754 1423 1819 1444 non
1842 1413 1947 1444 doleat
1970 1424 2006 1446 ac
2029 1414 2176 1445 tristetur
2198 1414 2334 1446 simulac

1359 1455 1458 1486 sentit
1481 1455 1601 1496 aliquid
1624 1455 1716 1487 mali:
1744 1455 1800 1488 sed
1823 1455 1882 1487 hoc
1905 1465 1971 1487 non
1995 1457 2101 1488 obstat
2124 1457 2203 1497 quin
2226 1467 2333 1488 assur-

1359 1503 1438 1538 gant
1463 1498 1522 1529 filii
1545 1498 1617 1537 Dei,
1649 1498 1825 1530 directione
1848 1498 1991 1539 spiritus,
2023 1509 2122 1539 supra
2149 1498 2255 1531 carnis
2277 1499 2333 1530 do-

1359 1540 1470 1572 lorem.
1516 1541 1604 1573 Hinc
1626 1541 1663 1572 fit
1685 1545 1721 1573 ut
1744 1541 1796 1574 vel
1817 1541 1851 1572 in
1875 1541 1982 1573 media
2004 1541 2137 1573 tristitia
2159 1551 2226 1573 non
2250 1540 2333 1573 desi-

1361 1588 1443 1615 nant
1466 1588 1575 1615 tamen
1599 1584 1724 1616 laetari.

1445 1626 1475 1658 3.
1499 1626 1633 1659 Scientes
1662 1627 1743 1667 quod
1767 1625 1917 1667 probatio.
1963 1626 2060 1658 Nunc
2095 1625 2243 1658 videmus
2276 1637 2333 1659 cur

1361 1670 1621 1701 tentationes
1652 1669 1815 1702 vocaverit
1842 1679 1893 1701 res
1922 1669 2095 1701 adversas:
2118 1679 2235 1710 nempe
2259 1669 2334 1710 quia

1360 1712 1433 1744 fidei
1456 1716 1587 1744 nostrae
1609 1712 1843 1744 examinandae
1866 1712 2023 1743 serviunt.
2064 1712 2124 1743 Est
2147 1716 2257 1743 autem
2280 1711 2334 1744 hic

1360 1765 1475 1786 causae
1508 1755 1654 1793 redditio,
1688 1755 1728 1786 ad
1761 1754 2018 1786 confirmandam
2051 1754 2233 1795 proximam
2262 1764 2334 1786 sen-

1362 1798 1507 1829 tentiam.
1552 1797 1685 1830 Poterat
1707 1797 1793 1829 enim
1816 1796 1911 1829 obiici
1933 1808 1975 1828 ex
1997 1796 2144 1835 adverso,
2174 1796 2241 1836 Qui
2262 1796 2333 1829 fieri

1360 1843 1467 1880 potest
1483 1845 1519 1871 ut
1535 1841 1619 1881 quod
1642 1850 1791 1872 amarum
1813 1844 1862 1872 est
1884 1850 1991 1879 sensu,
2015 1839 2108 1872 dulce
2130 1838 2330 1871 iudicemus?

1361 1882 1412 1914 Ab
1430 1883 1546 1914 effectu
1561 1893 1638 1924 ergo
1654 1882 1804 1921 ostendit,
1827 1883 1861 1913 in
1877 1882 2106 1914 afflictionibus
2128 1881 2334 1923 gaudendum

1361 1936 1446 1965 esse,
1487 1926 1561 1966 quia
1602 1927 1741 1958 fructum
1776 1925 1905 1966 pariant
1937 1925 2048 1966 magni
2081 1924 2333 1956 aestimandum:

1363 1978 1479 2008 nempe
1513 1968 1714 2008 patientiam.
1770 1969 1859 2008 Ergo
1892 1968 1920 2000 si
1953 1967 2044 2000 Deus
2077 1967 2173 1999 saluti
2205 1972 2334 1999 nostrae

1361 2011 1510 2049 consulit,
1535 2010 1697 2052 gaudendi
1720 2011 1890 2042 materiam
1914 2011 2007 2042 nobis
2029 2010 2172 2051 praebet.
2208 2009 2334 2042 Eodem

1363 2054 1469 2085 utitur
1491 2058 1683 2094 argumento
1703 2053 1830 2092 Petrus,
1853 2053 1939 2085 circa
1961 2053 2091 2084 initium
2114 2052 2230 2093 prioris
2252 2053 2333 2092 epis-

1362 2096 1461 2127 tolae:
1496 2101 1532 2127 ut
1561 2095 1706 2136 probatio
1736 2096 1811 2127 fidei
1841 2100 1968 2128 vestrae
1996 2105 2075 2127 auro
2099 2095 2269 2136 pretiosior
2291 2095 2333 2126 sit

1360 2139 1395 2170 in
1428 2138 1568 2179 laudem,
1601 2143 1659 2170 etc.
1715 2138 1800 2169 Nam
1834 2143 1920 2169 certe
1953 2137 2025 2170 ideo
2058 2142 2090 2169 et
2123 2137 2265 2174 morbos,
2300 2142 2333 2169 et

1360 2182 1510 2222 inopiam,
1534 2185 1566 2212 et
1582 2180 1724 2219 exilium,
1747 2184 1780 2211 et
1802 2191 1972 2219 carcerem,
1996 2185 2029 2212 et
2051 2179 2275 2221 ignominiam,
2298 2182 2332 2211 et

1360 2230 1497 2255 mortem
1520 2224 1697 2262 horremus,
1720 2223 1797 2263 quia
1819 2229 1971 2263 putamus
1994 2222 2078 2254 mala
2101 2232 2181 2254 esse.
2219 2221 2331 2261 Quum

1360 2269 1468 2298 autem
1499 2266 1729 2307 intelligimus,
1763 2264 1826 2296 Dei
1857 2265 2009 2297 beneficio
2042 2265 2123 2297 verti
2152 2265 2187 2295 in
2216 2264 2331 2298 salutis

1362 2310 1563 2348 adiumenta,
1598 2307 1846 2348 ingratitudinis
1879 2312 1963 2339 esset
1997 2307 2257 2345 obmurmurare,
2291 2317 2328 2339 ac

1360 2362 1425 2384 non
1449 2356 1562 2392 sponte
1585 2361 1642 2382 nos
1664 2351 1778 2381 offerre
1801 2350 1849 2381 illi
1872 2350 1950 2381 adeo
1975 2352 2110 2390 paterne
2133 2349 2328 2382 tractandos.

1360 2395 1483 2426 Paulus
1505 2394 1546 2426 ad
1569 2394 1734 2425 Romanos
1756 2402 1824 2432 cap.
1844 2392 1874 2431 5,
1896 2392 1925 2431 3,
1948 2392 2080 2432 gloriari
2103 2391 2191 2431 dicit,
2214 2402 2272 2432 pro
2291 2402 2329 2424 eo

1363 2437 1449 2477 quod
1472 2436 1608 2469 Iacobus
1630 2436 1683 2468 hic
1705 2435 1896 2476 gaudere.
1935 2435 2132 2473 Gloriamur‚
2155 2435 2271 2475 inquit,
2293 2434 2329 2465 in

1360 2479 1632 2519 tribulationibus,
1662 2479 1801 2510 scientes
1831 2477 1917 2517 quod
1947 2477 2111 2509 tribulatio
2137 2477 2327 2517 patientiam

1360 2521 1470 2555 efficit.
1532 2521 1738 2561 Quamquam
1782 2520 1913 2552 videtur
1952 2520 2035 2560 quod
2075 2530 2152 2551 mox
2189 2519 2327 2558 subiicit,

1358 2565 1466 2597 Iacobi
1497 2564 1604 2598 verbis
1632 2573 1702 2595 esse
1731 2563 1939 2595 contrarium.
1982 2562 2214 2594 Probationem
2239 2561 2326 2594 enim

1358 2609 1453 2640 tertio
1487 2607 1554 2639 loco
1583 2606 1683 2647 ponit,
1717 2606 1809 2646 quasi
1839 2605 2014 2646 patientiae
2047 2605 2212 2644 effectum,
2245 2613 2326 2645 quae

1357 2650 1410 2683 hic
1433 2650 1522 2692 prior
1544 2649 1656 2682 ordine
1678 2649 1844 2687 statuitur,
1875 2653 2028 2689 tanquam
2050 2658 2155 2680 causa.
2201 2646 2325 2679 Verum
