2513 3126
137 220 200 252 449

138 315 262 348 Christi
285 314 376 346 nobis
392 314 555 345 lavacrum
572 312 675 344 factus
690 313 748 349 est,
771 313 807 341 ut
824 309 970 341 sordibus
987 309 1104 341 nostris

138 358 335 398 inquinetur.
373 357 450 388 Ideo
475 360 637 387 vetera
661 352 841 384 delicta
864 353 1018 389 nominat,
1042 362 1105 392 quo

139 401 302 441 intelligit,
331 401 430 431 vitam
458 399 551 430 aliter
573 395 804 428 instituendam
828 405 907 435 esse,
936 405 976 426 ex
1000 404 1064 435 quo
1088 405 1107 426 a

139 445 278 485 peccatis
315 441 462 474 mundati
498 449 618 472 sumus.
676 438 748 469 Non
783 437 867 478 quod
902 448 1001 478 purus
1035 447 1106 469 esse

139 487 308 527 quisquam
341 485 441 526 possit
464 482 502 514 ab
524 482 612 512 omni
636 481 724 519 vitio,
754 480 907 521 quamdiu
930 481 963 511 in
987 480 1106 511 mundo

139 530 221 569 agit:
255 528 305 559 vel
336 526 417 567 quod
448 525 637 562 mundities,
668 534 763 564 quam
794 524 1022 564 consequimur
1052 533 1108 563 per

138 572 319 611 Christum,
340 570 434 601 unica
457 572 583 598 tantum
604 567 698 598 venia
721 570 863 598 constet:
888 566 943 598 sed
965 565 1049 606 quod
1068 565 1107 596 ab

139 614 323 646 infidelibus
354 611 482 642 differre
512 620 569 641 nos
597 614 743 650 oporteat
771 620 810 640 ex
842 619 903 649 quo
927 608 1018 640 Deus
1049 618 1108 639 nos

140 657 201 689 sibi
236 654 427 696 segregavit.
480 653 623 684 Tametsi
653 662 731 693 ergo
761 652 902 692 quotidie
931 661 1109 691 peccamus,

140 704 173 732 et
202 698 345 739 quotidie
368 696 461 727 nobis
485 696 575 726 Deus
598 695 744 736 ignoscit,
773 699 806 726 et
829 694 953 726 Christi
977 694 1108 734 sanguis

140 752 201 774 nos
235 752 253 773 a
285 740 423 781 peccatis
453 738 605 770 mundat:
642 748 705 769 non
737 742 843 768 tamen
878 742 1043 777 peccatum
1073 736 1108 767 in

140 784 232 817 nobis
266 792 401 822 regnare
433 781 541 820 debet,
578 781 654 821 quin
682 779 866 821 praevaleat
896 780 1109 811 sanctificatio

140 827 280 868 spiritus.
318 824 371 855 Ita
394 824 479 855 enim
504 824 626 855 Paulus
652 824 680 855 1.
704 823 853 855 Corinth.
878 824 981 863 capite
1004 822 1032 860 6,
1058 822 1107 862 11,

140 871 185 903 Et
208 869 285 900 haec
308 867 439 907 quidam
464 866 580 905 fuistis,
604 866 659 898 sed
683 865 783 898 abluti
808 866 894 904 estis,
919 870 978 897 etc.

226 953 276 985 10.
310 951 511 992 Quamobrem
540 952 654 993 mayis,
689 951 815 991 fratres,
845 952 959 983 studete
984 951 1109 991 firmam

138 998 274 1029 vestram
294 995 481 1027 vocationem
502 997 529 1026 et
550 995 722 1026 electionem
741 995 860 1034 facere:
882 994 955 1026 haec
976 994 1059 1026 enim
1080 994 1110 1026 si

137 1039 284 1081 feceritis,
316 1048 375 1069 non
397 1038 514 1070 cadetis
536 1048 684 1078 unquam.
732 1038 780 1068 11.
812 1036 865 1069 Sic
887 1038 968 1069 enim
991 1036 1111 1069 abunde

137 1081 431 1115 subministrabitur
458 1081 541 1112 vobis
563 1081 722 1121 inyressus
743 1081 776 1111 in
799 1090 931 1120 reynum
953 1082 1111 1112 aeternum

138 1125 272 1158 Domini
300 1123 398 1155 nostri
419 1125 446 1155 et
466 1124 633 1155 servatoris
655 1123 731 1155 Iesu
754 1122 881 1155 Christi.
927 1123 976 1155 12.
1000 1122 1112 1163 Itaque

138 1178 199 1200 non
221 1167 380 1207 neyliyam
395 1176 450 1198 vos
464 1176 582 1206 semper
597 1167 634 1198 de
649 1167 692 1198 iis
707 1167 966 1206 commonefacere,
991 1166 1112 1197 etiamsi

139 1211 305 1248 noveritis,
343 1212 369 1240 et
406 1209 578 1249 confirmati
614 1209 686 1241 sitis
719 1209 755 1240 in
782 1210 944 1249 praesenti
976 1209 1111 1240 veritate.

141 1253 192 1285 13.
211 1252 335 1284 Iustum
357 1254 459 1283 autem
477 1252 620 1290 arbitror,
643 1252 795 1292 quamdiu
813 1262 884 1283 sum
900 1252 934 1283 in
948 1251 1002 1284 hoc
1017 1251 1112 1283 taber-

139 1295 264 1333 naculo,
300 1295 434 1327 excitare
466 1305 521 1326 vos
553 1295 773 1326 admonitione:
807 1295 858 1326 14.
891 1305 987 1335 quum
1015 1295 1113 1326 seiam

140 1338 224 1371 brevi
239 1348 286 1370 me
299 1338 511 1378 depositurum
525 1337 579 1370 lios
593 1338 842 1369 tabernaculum:
857 1337 1113 1377 quemadmodum

139 1384 168 1414 et
189 1380 350 1413 Dominus
366 1381 459 1412 Iesus
480 1381 691 1420 manifestavit
713 1380 799 1412 milii.
840 1380 889 1412 15.
907 1380 997 1412 Dabo
1012 1383 1113 1412 autem

138 1434 266 1465 operam
288 1425 323 1455 ut
344 1423 437 1455 etiam
458 1434 579 1464 semper
595 1425 667 1462 post
685 1433 787 1456 meum
801 1423 971 1456 discessum
982 1424 1113 1464 possitis

139 1467 250 1499 horum
272 1466 383 1498 habere
405 1467 595 1499 memoriam.

229 1552 278 1584 10.
302 1551 421 1593 Maqis,
441 1553 565 1593 fratres,
588 1552 710 1584 studete.
749 1551 923 1585 Concludit
944 1552 1029 1584 hanc
1045 1563 1115 1585 esse

141 1606 239 1627 unam
272 1595 430 1626 rationem
462 1606 526 1635 qua
555 1606 612 1627 nos
636 1606 654 1626 a
678 1595 821 1626 Domino
844 1605 919 1627 vere
941 1595 1060 1627 electos
1083 1600 1115 1627 et

141 1649 207 1671 non
238 1638 359 1669 frustra
382 1645 513 1670 vocatos
544 1639 724 1679 probemus,
754 1638 780 1669 si
809 1638 891 1669 bona
917 1639 1115 1670 conscientia

141 1687 174 1714 et
198 1681 283 1714 vitae
305 1680 477 1722 integritas
500 1681 575 1712 fidei
598 1681 789 1722 professioni
812 1681 1015 1721 respondeat.
1058 1681 1112 1712 In-

142 1725 206 1757 fert
232 1728 340 1756 autem
364 1724 437 1765 plus
460 1724 680 1755 adhibendum
706 1734 776 1755 esse
798 1723 897 1755 studii
921 1734 958 1756 ac
980 1724 1116 1766 diligen-

143 1770 223 1805 tiae,
259 1767 334 1808 quia
366 1768 456 1807 prius
491 1766 634 1806 dixerat,
665 1766 760 1798 fidem
795 1777 861 1798 non
896 1767 1012 1799 debere
1044 1777 1116 1799 esse

143 1809 298 1842 sterilem.
345 1809 500 1841 Nonnulli
533 1810 657 1842 codices
688 1809 808 1841 habent
831 1810 925 1841 bonis
947 1810 1115 1850 operibus:

143 1853 199 1885 sed
231 1852 292 1885 hoc
323 1853 361 1884 de
384 1863 482 1884 sensu
506 1853 589 1884 nihil
612 1857 727 1891 mutat,
758 1853 835 1893 quia
857 1853 1114 1884 subaudiendum

143 1903 210 1935 est,
253 1896 379 1927 etiamsi
421 1905 485 1926 non
528 1896 743 1936 exprimatur.
806 1895 1114 1928 Vocationem

144 1939 254 1979 priore
272 1938 340 1971 loco
356 1939 512 1976 nominat,
532 1949 614 1979 quae
631 1944 738 1970 tamen
754 1938 868 1970 ordine
884 1944 933 1970 est
949 1940 1115 1979 posterior.

144 1982 241 2013 Ratio
271 1986 328 2020 est,
359 1982 435 2022 quia
464 1981 577 2013 electio
611 1981 685 2022 plus
718 1981 815 2012 habet
842 1982 1010 2013 momenti.
1056 1982 1116 2013 Est

145 2029 255 2056 autem
279 2024 358 2055 haec
380 2028 468 2056 recta
490 2025 646 2055 orationis
670 2023 845 2065 dispositio,
871 2030 906 2055 ut
926 2024 1116 2056 subiiciatur

144 2066 230 2107 quod
255 2067 500 2107 praeponderat.
537 2067 661 2099 Sensus
684 2077 761 2108 ergo
784 2070 850 2098 est:
875 2066 1013 2099 Studete
1030 2072 1116 2098 utre

145 2110 217 2150 ipsa
240 2114 393 2140 testatum
417 2111 484 2149 fiat,
508 2121 566 2142 vos
582 2120 646 2142 non
664 2110 785 2141 frustra
800 2116 931 2142 vocatos
948 2121 1028 2149 esse,
1051 2110 1116 2141 imo

145 2153 274 2184 electos.
321 2152 526 2192 Quamquam
557 2152 609 2184 hic
639 2152 677 2184 de
702 2153 869 2184 vocatione
898 2153 1051 2193 loquitur,
1081 2157 1117 2184 ut

146 2199 197 2227 est
224 2195 357 2227 effectus
380 2205 416 2226 ac
438 2196 659 2227 testimonium
683 2196 859 2228 electionis.
906 2196 942 2228 Si
966 2197 1036 2236 quis
1059 2205 1117 2236 pro

146 2238 257 2270 eodem
290 2248 419 2269 sumere
446 2238 547 2277 malit,
578 2248 642 2269 non
667 2248 829 2279 repugno:
860 2239 935 2279 quia
957 2239 1118 2279 scriptura

146 2281 310 2313 interdum
336 2281 520 2321 discrimen,
542 2280 625 2321 quod
649 2284 698 2311 est
720 2281 805 2312 inter
824 2281 903 2313 duas
920 2283 997 2314 istas
1014 2291 1117 2321 voces,

147 2324 325 2356 confundit.
371 2324 442 2364 Ego
472 2329 579 2355 tamen
612 2322 696 2363 quod
725 2324 829 2364 magis
852 2324 1015 2365 probabile
1038 2324 1118 2355 mihi

149 2367 256 2398 visum
291 2372 356 2403 est,
390 2366 522 2397 adduxi.
576 2366 671 2398 Nunc
703 2367 849 2397 exoritur
882 2367 1044 2408 quaestio,
1077 2378 1118 2399 an

150 2409 329 2440 vocationis
352 2414 480 2441 nostrae
502 2414 534 2440 et
553 2408 719 2440 electionis
738 2409 896 2441 stabilitas
913 2410 1003 2441 bonis
1019 2410 1119 2451 operi-

150 2451 210 2483 bus
233 2452 366 2484 nitatur.
405 2452 489 2484 Nam
513 2452 538 2484 si
564 2453 609 2483 ita
631 2455 691 2490 est,
714 2455 866 2492 sequetur
889 2463 907 2484 a
930 2453 1022 2484 nobis
1041 2463 1119 2493 pen-

150 2493 236 2525 dere.
274 2494 373 2535 Atqui
397 2499 463 2526 tota
478 2496 638 2535 scriptura
655 2494 757 2534 docet,
781 2496 922 2535 primum
939 2496 972 2526 in
989 2500 1119 2527 aeterno

151 2536 214 2568 Dei
238 2537 401 2577 proposito
424 2538 592 2569 fundatam
608 2548 678 2569 esse
695 2537 756 2568 Dei
773 2538 978 2570 electionem:
1003 2538 1119 2570 deinde

152 2579 354 2610 vocationem
386 2581 528 2620 gratuita
558 2581 628 2612 eius
656 2580 797 2612 bonitate
827 2581 972 2613 inchoari
995 2584 1027 2612 et
1050 2592 1120 2622 per-

152 2622 213 2654 fici.
260 2621 443 2662 Sophistae,
474 2628 510 2654 ut
539 2624 578 2655 ad
609 2633 667 2655 nos
689 2623 775 2663 quod
799 2625 964 2665 proprium
986 2629 1035 2656 est
1058 2625 1119 2656 Dei

151 2665 275 2706 gratiae
313 2664 526 2704 transferant,
563 2666 624 2698 hoc
661 2666 847 2698 testimonio
883 2667 972 2698 abuti
1005 2667 1119 2700 solent.

222 2723 332 2751 Cvlvini
347 2731 440 2758 opera.
471 2723 526 2751 Vol.
546 2725 607 2751 LV.

1031 212 1181 246 CAPUT
1204 214 1228 246 I.

2071 216 2135 247 450

1159 309 1225 342 Sed
1256 309 1345 342 nullo
1369 310 1499 350 negotio
1523 311 1678 343 refellitur
1701 322 1811 343 eorum
1835 311 1999 344 cavillum.
2045 311 2131 343 Nam

1159 355 1185 384 si
1210 352 1282 393 quis
1305 352 1466 393 intelligat
1489 353 1616 384 firmam
1640 354 1725 394 apud
1749 355 1897 386 homines
1921 354 2012 386 reddi
2038 365 2130 386 voca-

1160 396 1292 434 tionem,
1316 395 1397 426 nihil
1418 395 1453 426 in
1477 405 1514 427 eo
1536 396 1598 427 erit
1621 397 1768 428 absurdi:
1794 398 1922 438 longius
1945 402 2053 428 tamen
2077 408 2130 429 ex

1161 438 1293 470 tendere
1316 438 1399 476 licet,
1423 442 1459 469 ut
1483 448 1516 469 se
1540 438 1675 478 quisque
1698 439 1731 470 in
1751 441 1917 472 vocatione
1940 450 2000 472 sua
2023 440 2074 480 pie
2094 450 2130 471 ac

1161 486 1270 512 sancte
1296 480 1434 512 vivendo
1457 481 1638 512 confirmet.
1684 481 1749 513 Sed
1774 482 1849 514 hinc
1873 493 2042 523 perperam
2066 482 2131 514 col

1161 522 1217 563 ligi
1242 523 1311 555 dico
1334 523 1416 564 quod
1438 524 1604 564 sophistae
1627 524 1843 555 contendunt:
1872 530 1920 557 est
1943 526 2027 557 enim
2052 525 2132 557 haec

1162 565 1307 606 probatio
1331 577 1394 598 non
1417 577 1458 598 ex
1482 577 1577 598 causa
1600 572 1739 608 sumpta,
1763 567 1819 598 sed
1844 568 1949 607 potius
1973 579 2013 600 ex
2037 568 2131 609 signo

1162 608 1215 640 vel
1234 609 1360 640 effectu.
1399 609 1502 641 Porro
1521 610 1580 642 boc
1596 620 1661 641 non
1677 610 1785 641 obstat
1801 611 1972 650 quominus
1989 611 2132 651 gratuita

1162 652 1206 682 sit
1228 650 1357 683 electio:
1383 663 1442 684 nec
1465 652 1541 684 facit
1564 655 1601 684 ut
1624 653 1657 684 111
1681 663 1779 684 manu
1803 658 1914 684 nostra
1932 653 1982 684 vel
1998 653 2132 685 arbitrio

1162 694 1212 731 sit,
1244 698 1348 725 ratam
1378 695 1481 727 facere
1510 695 1709 727 electionem.
1756 695 1812 728 Sic
1834 695 1920 727 enim
1944 706 1995 727 res
2019 696 2131 727 habet:

1162 736 1254 768 Deus
1277 736 1449 769 efficaciter
1472 742 1565 770 vocat
1589 749 1669 779 quos
1692 744 1767 770 ante
1792 739 1948 770 mundum
1967 738 2131 770 conditum

1162 789 1280 811 arcano
1310 790 1368 811 suo
1399 781 1532 812 consilio
1563 781 1806 821 praeordinavit
1837 781 1877 812 ad
1902 781 2017 812 vitam:
2047 780 2131 812 idem

1161 827 1355 863 perpetuum
1393 824 1570 856 vocationis
1609 827 1754 855 tenorem
1795 834 1884 855 mera
1921 824 2025 864 gratia
2063 834 2133 863 pro-

1163 865 1319 905 sequitur.
1373 865 1439 896 Sed
1473 867 1548 906 quia
1581 866 1612 897 in
1648 866 1733 898 hunc
1767 867 1865 898 finem
1895 877 1953 898 nos
1984 866 2074 907 eligit
2103 871 2132 897 et

1163 912 1256 940 vocat
1291 912 1325 939 ut
1358 908 1431 948 puri
1465 909 1567 941 simus
1601 913 1633 940 et
1666 909 1865 941 immaculati
1895 910 1929 940 in
1960 913 2133 949 conspectu

1163 961 1236 982 suo:
1262 951 1347 982 vitae
1371 951 1494 991 puritas
1518 962 1582 983 non
1605 952 1766 983 immerito
1789 952 1952 984 electionis
1971 952 2134 992 specimen

1164 1003 1201 1024 ac
1224 993 1455 1025 documentum
1473 999 1614 1033 vocatur,
1637 1005 1699 1034 quo
1722 995 1835 1026 fideles
1858 1006 1923 1026 non
1947 994 2041 1026 modo
2064 994 2134 1026 aliis

1164 1041 1325 1068 testantur
1355 1047 1389 1068 se
1412 1036 1474 1068 Dei
1505 1037 1599 1077 filios,
1630 1037 1685 1069 sed
1715 1048 1749 1069 se
1780 1048 1904 1078 quoque
1930 1038 1965 1069 in
1989 1037 2049 1069 hac
2071 1037 2134 1068 fide

1164 1080 1374 1111 confirmant:
1413 1079 1459 1112 sic
1495 1083 1603 1111 tamen
1638 1084 1674 1111 ut
1708 1080 1784 1112 alibi
1818 1084 1966 1112 statuant
1997 1079 2133 1112 solidum

1164 1122 1410 1154 fundamentum
1441 1122 1648 1163 Quamquam
1678 1123 1812 1154 firmitas
1841 1124 1914 1162 ista,
1945 1124 2036 1155 cuius
2066 1133 2133 1154 me

1164 1166 1260 1196 minit
1289 1165 1423 1205 Petrus,
1452 1165 1492 1196 ad
1519 1166 1748 1198 conscientiam
1779 1166 1863 1208 (meo
1892 1165 2023 1207 iudicio)
2052 1166 2133 1198 refe-

1165 1208 1266 1240 renda
1296 1219 1361 1239 non
1389 1213 1452 1240 est:
1483 1209 1577 1248 quasi
1607 1219 1640 1240 se
1663 1209 1774 1241 fideles
1797 1219 1902 1241 coram
1926 1209 1997 1240 Deo
2020 1219 2134 1249 agnos-

1165 1253 1240 1283 cant
1274 1250 1392 1283 electos
1422 1255 1454 1282 et
1484 1255 1630 1283 vocatos:
1665 1263 1776 1283 verum
1807 1252 1998 1292 simpliciter
2029 1251 2068 1283 de
2098 1261 2134 1283 re

1166 1295 1235 1334 ipsa
1258 1294 1388 1334 accipio,
1419 1293 1503 1334 quod
1528 1295 1651 1326 vocatio
1674 1305 1715 1325 ex
1739 1296 1824 1326 vitae
1847 1295 2018 1327 sanctitate
2042 1295 2135 1326 firma

1166 1341 1329 1377 appareat.
1374 1337 1489 1368 Posset
1512 1338 1610 1368 etiam
1633 1337 1713 1378 legi:
1744 1338 1880 1369 Studete
1903 1342 1938 1369 ut
1961 1338 2056 1369 firma
2078 1337 2136 1368 fiat

1166 1384 1278 1412 vestra
1294 1380 1435 1411 vocatio:
1460 1379 1595 1412 verbum
1618 1381 1705 1412 enim
1910 1380 2052 1412 medium
2071 1384 2134 1411 est:

1167 1422 1329 1454 utrumvis
1360 1428 1468 1454 tamen
1495 1422 1593 1464 legas,
1622 1433 1687 1454 non
1711 1424 1881 1455 admodum
1905 1423 2052 1455 diversus
2075 1423 2136 1454 erit

1167 1476 1291 1498 sensus.
1337 1465 1475 1497 Summa
1497 1470 1556 1503 est,
1580 1465 1718 1498 discerni
1742 1466 1802 1498 hac
1825 1469 1902 1498 nota
1927 1466 2008 1498 filios
2031 1465 2095 1497 Dei
2118 1475 2135 1496 a

1167 1508 1322 1549 reprobis,
1347 1508 1422 1540 dum
1447 1508 1498 1549 pie
1521 1513 1553 1541 et
1568 1514 1679 1541 sancte
1696 1510 1825 1541 vivunt:
1849 1510 1922 1550 quia
1938 1509 1991 1541 hic
2008 1508 2136 1540 divinae

1168 1552 1332 1584 electionis
1353 1562 1471 1592 scopus
1493 1556 1550 1584 est.
1588 1552 1684 1584 Unde
1706 1552 1812 1593 palam
1835 1553 1872 1583 fit
1890 1562 1985 1593 quam
2001 1551 2136 1592 indigne

1168 1595 1239 1626 Deo
1260 1594 1423 1626 oblatrent
1445 1594 1565 1635 impuri
1589 1595 1719 1635 quidam
1738 1605 1841 1633 canes,
1866 1595 1943 1627 dum
1960 1595 2136 1636 gratuitam

1167 1639 1237 1670 eius
1260 1638 1447 1669 electionem
1470 1642 1674 1678 praetextum
1699 1638 1821 1670 faciunt
1843 1638 1948 1670 omnis
1970 1637 2136 1669 licentiae:

1168 1681 1260 1722 quasi
1291 1691 1366 1712 vero
1401 1681 1533 1722 impune
1566 1681 1638 1713 ideo
1666 1692 1796 1722 peccare
1827 1682 1875 1713 fas
1902 1680 1957 1720 sit,
1992 1680 2069 1721 quia
2096 1679 2136 1711 ad

1167 1724 1325 1756 iustitiam
1348 1728 1379 1755 et
1402 1724 1609 1756 sanctitatem
1633 1724 1862 1764 praedestinati
1884 1734 2004 1756 sumus.

1253 1766 1340 1799 Haec
1371 1767 1452 1798 enim
1477 1767 1506 1798 si
1526 1767 1672 1807 feceritis.
1717 1767 1842 1799 Iterum
1865 1767 1995 1798 videtur
2018 1766 2136 1797 Petrus

1167 1821 1300 1852 operum
1330 1810 1456 1842 meritis
1486 1811 1628 1842 tribuere
1651 1810 1734 1850 quod
1760 1811 1848 1842 Deus
1871 1809 1983 1841 salutis
2006 1814 2136 1841 nostrae

1167 1864 1296 1885 cursum
1322 1856 1499 1894 promovet,
1522 1858 1617 1893 atque
1640 1853 1736 1884 etiam
1761 1852 1844 1894 quod
1863 1857 2047 1884 constanter
2064 1862 2136 1892 per-

1167 1903 1293 1927 stamus
1316 1896 1350 1927 in
1373 1896 1442 1927 eius
1464 1896 1579 1936 gratia.
1620 1895 1685 1928 Sed
1709 1896 1812 1927 facilis
1835 1900 1882 1927 est
1905 1896 2037 1927 solutio:
2061 1895 2137 1935 quia

1168 1945 1296 1970 tantum
1319 1938 1432 1970 docere
1449 1938 1562 1976 voluit,
1587 1939 1619 1970 in
1644 1939 1821 1980 hypocritis
1844 1938 1926 1969 nihil
1942 1948 2011 1970 esse
2027 1937 2136 1970 solidi:

1168 1987 1280 2014 contra
1311 1987 1420 2013 autem
1451 1982 1507 2022 qui
1532 1982 1732 2014 vocationem
1755 1991 1847 2013 suam
1871 1981 1963 2013 bonis
1985 1980 2137 2021 operibus

1168 2026 1296 2056 firmam
1329 2035 1398 2056 esse
1427 2025 1646 2064 comprobant,
1677 2025 1836 2055 immunes
1859 2035 1928 2056 esse
1952 2035 1970 2056 a
1993 2022 2137 2064 periculo

1167 2068 1321 2099 cadendi:
1345 2068 1419 2108 quia
1442 2067 1566 2099 stabilis
1589 2072 1638 2099 est
1655 2067 1715 2098 Dei
1738 2067 1843 2107 gratia
1865 2077 1928 2107 qua
1951 2066 2135 2098 fulciuntur.

1169 2111 1240 2143 Hoc
1263 2110 1358 2142 modo
1381 2110 1495 2142 salutis
1519 2115 1647 2142 nostrae
1669 2110 1829 2141 stabilitas
1847 2109 1979 2141 minime
1994 2109 2029 2140 in
2046 2109 2137 2140 nobis

1168 2154 1309 2185 locatur:
1337 2158 1373 2185 ut
1395 2158 1481 2185 certe
1504 2164 1600 2185 causa
1622 2154 1689 2184 eius
1712 2157 1805 2184 extra
1827 2163 1886 2184 nos
1909 2157 1966 2184 est.
2012 2152 2136 2183 Verum

1168 2197 1223 2237 qui
1253 2196 1388 2237 spiritus
1417 2196 1593 2228 efficaciam
1622 2196 1656 2226 in
1686 2205 1720 2226 se
1748 2195 1903 2232 sentiunt,
1935 2206 1988 2227 eos
2018 2195 2137 2226 Petrus

1169 2240 1254 2271 bono
1277 2240 1309 2270 in
1334 2243 1497 2279 posterum
1521 2239 1628 2270 animo
1651 2248 1721 2270 esse
1743 2238 1847 2269 iubet:
1880 2239 1955 2278 quia
1980 2237 2137 2269 Dominus

1170 2282 1307 2314 solidum
1338 2283 1371 2313 in
1404 2283 1482 2322 ipsis
1504 2292 1598 2313 verae
1626 2285 1659 2312 et
1689 2288 1794 2313 certae
1819 2281 1997 2313 vocationis
2020 2278 2136 2310 funda-

1170 2330 1317 2356 mentum
1353 2325 1473 2357 iecerit.
1528 2324 1661 2355 Modum
1699 2324 1960 2364 perseverantiae
1994 2322 2136 2362 exponit,

1170 2378 1270 2409 quum
1293 2367 1379 2406 dicit,
1407 2367 1876 2400 Subministrabitur
1905 2366 2038 2398 vobis
2065 2365 2136 2396 in-

1169 2421 1385 2452 gressus,
1420 2411 1509 2442 cuius
1556 2410 1751 2450 loquutionis
1795 2420 1911 2441 sensus
1945 2413 2009 2448 est,
2044 2407 2136 2438 Deus

1170 2464 1271 2485 novas
1287 2453 1460 2485 identidem
1477 2453 1599 2494 gratias
1614 2453 1704 2494 large
1719 2452 1933 2494 suggerendo,
1948 2451 1988 2482 ad
2001 2460 2138 2492 regnum

1170 2507 1271 2537 usque
1305 2506 1399 2528 suum
1429 2506 1487 2527 vos
1518 2496 1680 2536 perducet.
1732 2496 1803 2527 Hoc
1834 2499 1942 2526 autem
1976 2493 2048 2525 ideo
2082 2493 2137 2524 ad-

1170 2539 1275 2571 ditum
1313 2544 1376 2577 est,
1413 2538 1488 2578 quia
1522 2539 1651 2570 tametsi
1683 2539 1747 2570 iam
1781 2549 1799 2569 a
1832 2544 1935 2569 morte
1969 2537 2002 2568 in
2038 2536 2139 2568 vitam

1171 2581 1405 2621 transierimus,
1427 2581 1496 2621 spei
1519 2586 1628 2613 tamen
1652 2586 1701 2613 est
1717 2581 1771 2612 ille
1787 2581 1958 2612 transitus:
1981 2584 2138 2620 quantum

1171 2635 1249 2657 vero
1272 2628 1394 2665 spectat
1417 2624 1457 2655 ad
1475 2624 1559 2655 vitae
1582 2624 1780 2662 fruitionem,
1802 2623 1936 2664 longum
1956 2623 2017 2654 iter
2033 2622 2139 2654 adhuc

1172 2668 1266 2700 nobis
1289 2671 1398 2699 restat.
1437 2666 1565 2698 Interea
1589 2667 1698 2699 multis
1721 2666 1910 2699 necessariis
1933 2664 2140 2697 adminiculis

1903 2725 1936 2751 29
