2513 3126
339 180 401 211 403

344 275 517 312 incumbit,
558 275 617 304 uisi
656 271 874 303 misericordia
910 271 1092 302 subveniat.
1152 270 1245 302 Dura
1281 275 1313 304 et

343 323 453 350 coacta
486 320 533 347 est
565 315 721 355 expositio
751 324 861 346 corum
894 315 946 354 qui
979 323 1149 354 personam
1180 314 1239 345 sub
1267 315 1313 346 rei

346 361 475 392 nomine
516 358 678 398 designari
721 357 844 388 volunt.
906 357 1017 396 Neque
1056 357 1142 388 enim
1186 358 1313 397 proprie

346 403 504 444 gloriatur
528 401 622 432 homo
645 401 802 431 adversus
820 399 880 430 Dei
905 399 1068 438 iudicium,
1091 398 1147 431 sed
1166 399 1236 440 ipsa
1252 399 1313 431 Dei

347 443 564 476 misericordia
594 442 828 483 quodammodo
858 441 1058 482 triumphum
1087 441 1164 482 agit,
1192 447 1225 473 et
1247 442 1314 474 sola

346 497 481 528 regnum
505 486 640 526 obtinet,
663 496 760 526 quum
785 491 888 516 cessat
911 485 1019 517 iudicii
1043 484 1210 516 severitas.

433 573 481 603 14.
507 572 590 612 Quid
607 571 741 611 prodest,
761 571 877 610 fratres
897 571 969 610 mei,
991 571 1020 601 si
1040 569 1134 609 fidem
1155 569 1238 601 dicat
1254 570 1312 602 ali-

344 617 416 657 quis
445 625 478 647 se
506 615 626 652 habere,
656 624 751 654 opera
778 616 879 645 autem
909 623 971 644 uon
998 612 1132 644 habeat?
1162 612 1315 652 numquid

341 661 438 699 potest
458 657 537 698 fides
558 657 679 689 salvum
699 657 802 696 facere
824 656 956 696 ipsum?
994 655 1043 687 15.
1071 655 1158 695 Quod
1175 656 1205 686 si
1217 655 1316 695 frater

345 704 400 733 aut
429 711 515 732 soror
544 700 622 731 nudi
650 700 782 739 fuerint,
812 702 838 730 et
866 701 983 740 eyentes
1011 698 1191 738 quotidiano
1219 699 1316 730 vida:

349 745 397 776 16.
420 744 503 775 dicat
524 746 626 775 autem
650 742 768 782 aliquis
785 744 919 774 vestrum
936 741 1018 773 illis:
1042 741 1134 772 Abite
1150 751 1218 773 cum
1229 751 1314 781 pace,

346 787 483 820 calescite
505 789 532 817 et
553 785 761 818 saturamini:
782 794 844 816 non
867 787 968 816 tamen
989 784 1137 816 dederitis
1154 784 1220 815 illis
1237 794 1315 824 quae

347 832 419 862 suut
448 829 623 861 necessaria
653 828 776 867 corpori
784 840 792 858 .-
821 837 902 867 quae
931 826 1074 858 utilitas?
1128 828 1177 858 17.
1209 826 1263 859 Sic
1289 829 1315 859 et

344 873 430 912 sides,
453 873 482 903 si
504 881 598 911 opera
620 881 680 902 non
702 870 852 909 habuerit,
874 872 997 902 mortua
1019 873 1063 901 est
1080 879 1139 910 per
1160 880 1201 902 se.

434 958 482 989 14.
528 957 610 996 Quid
645 956 781 997 prodest.

346 999 574 1032 misericordia.
632 999 795 1039 Quoniam
834 1003 941 1030 autem
978 997 1082 1029 Deum
1122 999 1189 1030 fore
1222 999 1313 1030 nobis

346 1053 497 1075 severum
537 1047 568 1073 et
606 1042 701 1073 simul
735 1041 970 1073 formidabilem
1003 1041 1139 1072 iudicem
1175 1041 1314 1073 minatus

346 1086 466 1124 fuerat,
505 1085 568 1116 nisi
606 1085 742 1116 humani
780 1089 811 1115 et
845 1083 1068 1115 misericordes
1102 1084 1203 1115 simus
1236 1094 1314 1125 erga

345 1129 528 1169 proximos:
559 1133 671 1160 contra
695 1137 770 1158 vero
799 1127 1000 1167 excipiebant
1025 1126 1220 1168 hypocritae,
1252 1127 1314 1158 suf—

345 1172 441 1203 ficere
465 1171 558 1202 nobis
580 1170 689 1211 fidem,
717 1170 750 1201 in
775 1179 838 1210 qua
860 1170 923 1201 sita
945 1174 994 1200 est
1016 1168 1185 1200 hominum
1209 1169 1312 1202 salus:

345 1224 431 1245 nunc
453 1214 487 1245 in
507 1213 595 1245 illam
612 1214 742 1244 inanem
759 1213 943 1243 iactantiam
962 1211 1138 1244 invehitur.
1176 1212 1314 1244 Summa

345 1257 446 1298 igitur
468 1261 525 1292 est,
550 1256 646 1287 fidem
670 1256 740 1287 sine
763 1256 896 1287 caritate
912 1255 994 1286 nihil
1011 1254 1199 1296 conducere,
1223 1255 1314 1287 adeo-

345 1310 408 1339 que
431 1299 559 1340 penitus
582 1309 652 1330 esse
671 1302 842 1330 mortuam.
881 1297 946 1329 Sed
966 1297 1018 1330 hic
1038 1298 1141 1329 oritur
1157 1298 1312 1338 quaestio,

345 1352 387 1373 an
415 1343 558 1382 separari
588 1352 607 1373 a
634 1342 767 1373 caritate
798 1341 896 1381 possit
927 1340 1014 1372 fides.
1068 1341 1110 1371 Et
1139 1351 1216 1372 saue
1244 1351 1312 1381 per·

346 1394 440 1416 versa
470 1385 564 1416 huius
596 1384 657 1415 loci
687 1383 846 1424 expositio
876 1384 985 1414 tritam
1027 1383 1115 1415 illam
1143 1382 1228 1424 apud
1262 1393 1312 1416 so-

346 1427 469 1468 phistas
500 1427 736 1458 distinctionem
768 1426 892 1466 peperit
924 1426 997 1457 fidei
1024 1426 1172 1458 informis
1195 1430 1228 1458 et
1249 1427 1312 1458 for-

347 1475 462 1501 matae.
514 1470 633 1510 Atqui,
665 1468 746 1500 nihil
777 1469 840 1499 tale
871 1468 1006 1500 Iacobus
1035 1470 1206 1510 cogitavit:
1238 1479 1312 1501 nam

347 1514 451 1553 ipsum
484 1513 522 1543 de
552 1512 631 1543 falsa
660 1511 860 1552 professione
883 1512 977 1552 loqui,
1007 1522 1046 1543 ex
1071 1513 1184 1553 primis
1206 1512 1314 1544 verbis

349 1560 482 1586 constat.
536 1555 647 1595 Neque
681 1555 765 1586 enim
800 1555 845 1586 sic
879 1554 1005 1595 incipit,
1041 1553 1078 1587 Si
1112 1555 1207 1586 fidem
1242 1555 1314 1596 quis

348 1597 482 1629 habeat:
512 1598 578 1636 sed,
610 1598 636 1629 si
666 1598 736 1638 quis
766 1607 799 1629 se
829 1596 949 1629 habere
979 1597 1073 1630 dicat.
1125 1597 1199 1637 Quo
1228 1602 1314 1631 certe

347 1641 456 1672 innuit
485 1641 603 1672 iactare
633 1640 819 1681 hypocritas
848 1641 946 1672 inane
974 1640 1047 1672 fidei
1071 1651 1200 1680 nomen,
1230 1640 1314 1682 quod

348 1693 383 1714 re
412 1683 481 1724 ipsa
508 1683 641 1715 minime
671 1684 705 1714 in
735 1693 787 1715 eos
817 1684 976 1724 competit.
1023 1683 1109 1725 Ergo
1140 1684 1224 1724 quod
1247 1684 1315 1724 ipse

348 1736 475 1766 quoque
505 1726 569 1757 fid
584 1737 644 1757 em
668 1726 816 1766 appellat,
841 1727 1003 1758 concessio
1027 1729 1085 1764 est,
1110 1730 1146 1758 ut
1168 1726 1314 1758 rhetores

348 1773 475 1800 vocant.
513 1768 597 1800 Nam
622 1769 675 1801 ubi
700 1771 732 1799 in
755 1779 824 1800 rem
848 1768 1005 1800 duntaxat
1024 1769 1212 1806 insistimus,
1237 1769 1315 1801 nihil

347 1816 449 1847 nocet,
473 1812 538 1842 imo
561 1811 691 1852 expedit
714 1811 878 1843 interdum
895 1822 1019 1850 causae,
1042 1812 1229 1844 adversario
1244 1823 1314 1843 ver-

348 1854 424 1885 bum
441 1854 615 1886 concedere
632 1854 717 1895 quod
734 1854 891 1895 postulat:
911 1855 984 1895 quia
1000 1856 1109 1886 statim
1127 1866 1162 1886 re
1176 1855 1314 1896 cognita,

348 1898 481 1928 verbum
512 1908 636 1938 quoque
667 1897 759 1929 facile
789 1897 835 1928 illi
864 1898 1036 1929 excutitur.
1082 1897 1216 1930 Iacobus
1239 1907 1315 1939 ergo

349 1940 423 1979 quia
446 1941 522 1971 satis
546 1940 693 1978 habebat,
716 1940 834 1971 falsum
854 1940 946 1971 illum
964 1945 1180 1981 praetextum,
1200 1950 1262 1981 quo
1281 1950 1316 1972 se

349 1983 500 2022 tegebant
529 1982 723 2024 hypocritae,
755 1983 910 2019 refellere,
945 1983 982 2014 de
1008 1984 1105 2015 verbo
1132 1988 1315 2015 controver-

350 2025 429 2056 siam
453 2035 583 2056 movere
606 2025 719 2057 noluit.
758 2026 1004 2058 Meminerimus
1027 2031 1135 2057 tamen
1161 2037 1233 2058 eum
1251 2036 1315 2057 non

351 2077 391 2098 ex
429 2068 557 2108 proprio
594 2069 692 2099 animi
727 2078 823 2099 sensu
857 2069 945 2109 loqui
980 2069 1103 2110 quoties
1137 2069 1188 2101 hic
1221 2069 1315 2100 fidem

351 2110 513 2140 nominat:
552 2110 606 2141 sed
645 2111 752 2151 potius
790 2111 947 2143 adversus
981 2121 1034 2143 eos
1068 2111 1231 2153 disputare
1264 2112 1316 2152 qui

351 2152 455 2189 fidem,
480 2162 542 2193 qua
565 2163 696 2193 prorsus
719 2160 839 2189 carent,
863 2154 942 2185 falso
965 2155 1194 2194 praetendunt.

439 2195 600 2235 Numquid
617 2198 715 2235 potest
734 2196 821 2235 fides.
868 2197 939 2228 Hoc
962 2197 1151 2228 tantundem
1172 2197 1260 2229 valet
1282 2207 1318 2229 ac

352 2238 377 2269 si
397 2237 547 2269 dixisset:
573 2238 639 2269 Nos
663 2238 781 2279 frigida
804 2243 833 2270 et
858 2239 944 2270 nuda
962 2240 1022 2271 Dei
1045 2240 1158 2271 notitia
1181 2240 1316 2272 salutem

351 2281 486 2311 minime
519 2281 683 2321 consequi.
735 2281 832 2320 Quod
867 2282 1070 2313 verissimum
1105 2293 1174 2314 esse
1207 2293 1317 2314 omnes

350 2324 506 2354 fatentur.
551 2323 628 2355 Ideo
658 2323 745 2354 enim
773 2324 865 2355 nobis
888 2324 975 2355 salus
998 2335 1038 2356 ex
1061 2325 1132 2363 fide,
1164 2326 1237 2366 quia
1260 2336 1318 2357 nos

351 2365 422 2397 Deo
456 2367 633 2407 coniungit.
686 2366 756 2398 Hoc
785 2372 891 2398 autem
921 2377 982 2398 non
1015 2367 1109 2399 aliter
1137 2369 1188 2406 fit,
1223 2378 1317 2409 quam

353 2408 429 2439 dum
458 2409 632 2440 inserimur
661 2409 694 2440 in
725 2419 840 2449 corpus
868 2409 1007 2449 Christi,
1041 2415 1076 2442 ut
1107 2412 1176 2442 eius
1205 2411 1318 2451 spiritu

352 2451 499 2482 viventes
523 2452 563 2483 ab
597 2462 634 2483 eo
657 2462 781 2492 quoque
804 2451 1030 2492 gubernemur.
1072 2453 1160 2484 Nihil
1185 2454 1248 2486 tale
1270 2459 1318 2485 est

351 2494 384 2524 in
418 2494 476 2526 hoc
504 2498 632 2526 mortuo
663 2495 738 2526 fidei
767 2495 957 2526 simulacro:
986 2506 1085 2536 quare
1114 2507 1178 2528 non
1201 2497 1317 2528 mirum

352 2541 401 2567 est
424 2537 450 2567 si
474 2537 585 2568 salutis
608 2537 757 2569 effectum
779 2537 913 2569 Iacobus
936 2538 983 2569 illi
1006 2539 1126 2571 adimit.

438 2579 488 2610 15.
521 2579 608 2619 Quod
636 2581 666 2611 si
686 2580 794 2620 frater.
840 2580 1034 2620 Exemplum
1058 2593 1074 2613 e
1098 2592 1133 2613 re
1154 2581 1318 2623 praesenti

841 955 953 997 Pergit
991 956 1023 986 in
1061 955 1314 987 commendanda

352 2621 461 2652 sumit.
505 2622 665 2654 Hortatur
686 2624 783 2664 enim,
813 2628 847 2654 ut
879 2623 999 2655 dietum
1024 2629 1081 2664 est,
1112 2624 1151 2656 ad
1174 2624 1317 2656 caritatis
1342 2643 1345 2649 ›

1176 176 1316 209 EPIS'P.
1342 176 1498 209 lAcom

2268 179 2331 212 404

1365 272 1481 304 officia.
1533 271 1568 302 Si
1600 271 1673 311 quis
1703 276 1814 303 contra
1848 272 2017 313 glorietur,
2052 272 2113 303 fide
2148 283 2181 304 se
2212 274 2331 315 absque

1366 315 1514 355 operibus
1548 319 1736 345 contentum
1767 325 1852 345 esse:
1890 314 2092 346 umbratilem
2126 315 2208 347 hanc
2237 316 2331 348 fidem

1367 358 1501 389 orationi
1526 363 1690 396 comparat
1713 367 1793 396 quae
1817 357 1979 388 hominem
1997 358 2177 389 famelicum
2195 359 2332 390 saturari

1367 401 1462 437 iubet,
1487 409 1545 430 nec
1561 405 1671 430 tamen
1691 400 1810 438 eibum,
1833 410 1895 440 quo
1916 399 2114 439 destituitur,
2137 401 2333 441 suppeditat.

1367 441 1646 481 Quemadmodum
1678 452 1754 482 orgo
1785 452 1959 482 pauperem
1990 442 2128 474 ludibrio
2159 443 2254 475 habet
2277 444 2333 484 qui

1368 485 1471 516 verbis
1495 484 1586 515 illum
1610 485 1773 521 amandat,
1798 495 1856 516 nec
1879 486 2051 525 quidquam
2072 486 2166 517 affert
2181 487 2264 526 opis:
2288 487 2334 517 ita

1367 528 1436 558 Deo
1470 526 1609 558 illudunt
1643 528 1696 567 qui
1732 528 1831 558 vitam
1867 528 1926 559 sibi
1961 530 2089 569 fingunt
2119 528 2270 569 operibus
2303 532 2335 560 et

1366 570 1478 611 quovis
1501 570 1629 609 pietatis
1651 570 1756 601 officio
1779 580 1925 602 vacuam.

1453 612 1501 643 17.
1526 611 1658 644 Mortua
1681 616 1725 645 est
1744 623 1801 653 per
1822 623 1863 644 se.
1902 613 2014 645 Fidem
2039 623 2097 654 per
2119 624 2153 645 se
2173 619 2334 646 mortuam

1367 656 1451 692 dicit,
1476 664 1557 695 quae
1581 655 1673 687 bonis
1696 655 1846 696 operibus
1870 666 1971 688 vacua
1993 660 2050 688 est.
2096 656 2191 688 Unde
2213 656 2333 697 colligi-

1367 709 1437 729 mus
1468 708 1509 729 ne
1538 697 1633 729 fidem
1664 699 1792 739 quidem
1824 708 1909 730 esse:
1941 699 2017 739 quia
2047 699 2101 730 ubi
2125 703 2254 731 mortua
2275 703 2335 738 est,

1367 741 1493 781 proprie
1525 750 1644 771 nomeu
1676 751 1739 772 non
1770 742 1898 773 retinet.
1952 741 2097 774 Voculam
2126 741 2205 774 hanc
2226 744 2336 783 urgent

1366 783 1529 823 sophistae,
1560 783 1642 823 quod
1669 784 1747 823 fides
1773 794 1846 825 erqo
1869 794 1928 825 per
1957 794 1989 816 se
2017 784 2124 824 aliqua
2146 785 2336 825 reperiatur:

1366 827 1419 857 sed
1440 825 1524 857 nullo
1538 826 1656 866 neyotio
1673 827 1827 866 refellitur
1841 830 1904 859 tam
1920 827 2038 867 frivola
2053 826 2218 866 cavillatio,
2239 837 2335 868 quum

1366 870 1444 900 satis
1480 868 1595 908 liqueat
1632 869 1802 909 apostolum
1835 870 1873 901 ab
1908 870 2099 911 impossibili
2136 870 2336 902 ratiocinari.-

1366 912 1458 943 sicuti
1474 910 1599 943 Paulus
1620 911 1764 952 anyelum
1787 915 1872 943 vocat
1892 912 2057 944 anathema
2074 914 2130 953 qui
2145 912 2336 954 evangelium

1365 954 1533 986 subvertere
1554 954 1686 986 tentabat
1707 954 1828 995 (Galat.
1856 957 1885 995 1,
1910 955 1952 996 8).

1452 1039 1501 1071 18.
1528 1040 1610 1080 Quin
1631 1041 1709 1072 dicet
1730 1040 1906 1080 quispiam:
1938 1043 1972 1072 tu
1991 1041 2082 1080 fidem
2103 1041 2204 1082 habes,
2234 1043 2261 1073 et
2282 1050 2336 1081 eqo

1367 1092 1459 1123 opera
1489 1082 1596 1114 habeo.-
1625 1083 1746 1114 ostende
1775 1083 1853 1115 mihi
1880 1083 1973 1123 fidem
1998 1086 2084 1115 tuam
2104 1084 2171 1115 sine
2193 1083 2336 1124 operibus

1365 1126 1444 1166 tuis,
1477 1128 1505 1157 et
1533 1135 1585 1166 eqo
1615 1125 1672 1157 tibi
1705 1135 1743 1157 ex
1776 1126 1921 1165 operibus
1954 1126 2030 1158 meis
2062 1126 2218 1158 ostendam
2245 1125 2338 1166 fidem

1366 1178 1472 1200 meam.
1525 1168 1575 1200 19.
1609 1168 1657 1200 Tu
1686 1168 1787 1200 credis
1815 1169 1897 1209 quod
1925 1168 2016 1201 Deus
2044 1179 2128 1201 unus
2154 1171 2205 1201 est.
2250 1168 2336 1200 Bene

1364 1211 1458 1250 facis.-
1480 1212 1507 1241 et
1529 1212 1690 1244 daemones
1712 1212 1847 1252 credunt,
1871 1221 1906 1244 ae
1927 1213 2170 1244 contremiseunt.

1451 1297 1501 1329 18.
1535 1297 1618 1337 Quin
1647 1296 1731 1335 dicet,
1761 1300 1812 1329 etc.
1858 1297 1953 1337 Quod
1985 1298 2141 1329 Erasmus
2172 1296 2252 1329 duos
2282 1296 2336 1328 hic

1365 1340 1584 1380 colloquentes
1614 1339 1752 1372 inducit:
1787 1350 1924 1380 quorum
1955 1340 2036 1372 alter
2065 1340 2160 1372 fidem
2183 1339 2334 1380 operibus

1365 1389 1529 1415 carentem
1553 1383 1659 1421 iactet,
1683 1383 1764 1414 alter
1786 1393 1884 1423 opera
1906 1383 2026 1424 absque
2043 1383 2122 1414 fide:
2148 1393 2184 1414 ac
2201 1382 2333 1414 tandem

1366 1425 1475 1457 ambos
1506 1425 1614 1457 medio
1642 1426 1777 1466 apostoli
1808 1436 1960 1466 responso
1983 1426 2084 1457 refelli
2109 1431 2218 1467 putat:
2255 1424 2336 1456 mihi

1366 1468 1495 1500 videtur
1518 1478 1588 1500 esse
1611 1468 1708 1500 nimis
1730 1474 1885 1500 coactum.
1931 1468 2117 1500 Absurdum
2141 1478 2211 1499 esse
2233 1473 2336 1508 putat,

1365 1510 1426 1542 hoc
1450 1511 1511 1542 dici
1535 1512 1568 1542 in
1592 1521 1730 1552 persona
1753 1511 1869 1551 Iacobi,
1893 1517 1934 1542 tu
1957 1510 2084 1543 fidem
2108 1511 2253 1542 habes:
2281 1510 2336 1549 qui

1367 1554 1489 1585 nullam
1520 1554 1590 1585 sine
1613 1554 1762 1594 operibus
1785 1554 1882 1585 fidem
1905 1555 2061 1595 agnoscit.
2106 1553 2172 1586 Sed
2197 1552 2335 1584 multum

1367 1597 1399 1628 in
1423 1607 1459 1628 eo
1482 1596 1606 1628 fallitur
1628 1597 1713 1637 quod
1737 1597 1805 1637 ipse
1828 1597 1988 1639 εἰρωνείαν
2011 1597 2045 1628 in
2068 1597 2120 1629 his
2143 1595 2251 1628 verbis
2270 1604 2336 1626 non

1366 1640 1521 1681 agnoscit.
1574 1639 1716 1671 Proinde
1750 1639 1834 1671 ἀλλὰ
1864 1641 1985 1681 accipio
2014 1650 2073 1681 pro
2105 1639 2182 1680 quin
2212 1638 2334 1679 potius:

1367 1688 1397 1713 et
1431 1683 1489 1720 τίς,
1525 1692 1582 1723 pro
1615 1682 1774 1724 quolibet:
1812 1689 1847 1714 ut
1884 1683 2050 1715 refellatur
2087 1682 2187 1713 stulta
2220 1690 2335 1713 eorum

1367 1726 1514 1766 gloriatio
1544 1726 1599 1766 qui
1628 1725 1726 1757 fidem
1754 1737 1788 1758 se
1817 1727 1936 1758 habere
1964 1726 2201 1767 imaginantur,
2233 1733 2335 1764 quum

1366 1768 1478 1799 fideles
1502 1778 1535 1800 se
1558 1769 1627 1799 vita
1650 1768 1797 1809 prodant.
1832 1769 1915 1800 Nam
1939 1769 2075 1801 Iacobus
2099 1768 2183 1805 dicit,
2207 1775 2337 1808 promp-

1367 1817 1434 1842 tum
1465 1811 1531 1842 fore
1559 1811 1621 1851 piis
1650 1812 1800 1843 omnibus
1823 1818 1934 1844 sancte
1958 1812 2152 1852 viventibus,
2182 1812 2335 1841 excutere

1367 1853 1545 1895 hypocritis
1569 1854 1665 1885 talem
1689 1855 1874 1886 iactantiam
1898 1865 1961 1895 qua
1984 1856 2086 1886 inflati
2110 1858 2196 1885 sunt.

1455 1896 1584 1928 Ostende
1620 1896 1707 1929 milii.
1763 1898 1906 1929 Tametsi
1944 1898 2048 1939 magis
2086 1899 2215 1937 recepta
2251 1893 2337 1935 apud

1368 1939 1511 1971 Graecos
1535 1939 1628 1971 lectio
1652 1944 1710 1977 est,
1733 1950 1774 1971 ex
1793 1941 1957 1981 operibus:
1982 1940 2097 1972 melius
2116 1945 2225 1970 tamen
2241 1943 2336 1969 vetus

1368 1982 1468 2013 latina
1501 1983 1668 2023 convenit,
1702 1993 1785 2023 quae
1819 1984 1850 2014 in
1884 1983 2047 2015 nonnullis
2074 1982 2198 2023 graecis
2229 1990 2336 2012 exem-

1369 2025 1510 2064 plaribus
1534 2025 1661 2066 legitur.
1696 2025 1812 2066 Itaque
1829 2036 1898 2057 eam
1918 2027 2080 2067 praeferre
2099 2035 2164 2056 non
2180 2023 2334 2056 dubitavi.

1368 2068 1457 2108 Ergo
1480 2068 1563 2108 quod
1587 2068 1683 2099 fidem
1708 2069 1778 2099 sine
1800 2069 1951 2109 operibus
1973 2069 2143 2100 ostendere
2166 2068 2264 2106 iubet,
2295 2065 2334 2096 ab

1369 2111 1555 2151 impossibili
1591 2116 1848 2151 argumentatur,
1883 2117 1920 2142 ut
1953 2111 2076 2142 nullam
2110 2120 2180 2142 esse
2213 2107 2335 2149 probet.

1368 2153 1419 2184 Ita
1449 2153 1591 2194 loquutio
1619 2158 1668 2184 est
1691 2153 1848 2194 εἰρωνικά.
1894 2153 1988 2193 Quod
2011 2155 2036 2185 si
2060 2153 2131 2194 quis
2155 2156 2263 2183 tamen
2287 2150 2336 2181 di-

1370 2206 1495 2227 versam
1541 2196 1708 2227 lectionem
1755 2197 1845 2236 sequi
1889 2196 1994 2234 malit,
2039 2196 2150 2227 eodem
2194 2193 2337 2225 recidet:

1370 2238 1514 2270 Ostende
1546 2239 1625 2270 mihi
1653 2249 1693 2270 ex
1723 2239 1871 2279 operibus
1902 2240 2006 2270 fidem.
2053 2238 2138 2278 Quia
2165 2247 2262 2277 quum
2286 2246 2338 2268 res

1370 2282 1472 2313 otiosa
1506 2292 1569 2313 non
1604 2282 1662 2320 sit,
1699 2282 1848 2322 operibus
1881 2282 2080 2322 comprobari
2114 2290 2244 2312 necesse
2277 2283 2337 2310 est.

1372 2323 1494 2355 Sensus
1523 2335 1600 2365 ergo
1631 2330 1687 2362 est,
1723 2324 1785 2355 nisi
1814 2324 1940 2356 fructus
1971 2324 2116 2365 proferas
2147 2330 2222 2354 tuae
2252 2322 2336 2362 fidei,

1370 2377 1452 2408 nego
1483 2370 1514 2398 te
1545 2368 1643 2398 ullam
1673 2367 1801 2398 habere.
1853 2367 1976 2398 Verum
2007 2366 2117 2407 quaeri
2147 2369 2263 2406 potest,
2294 2375 2336 2396 an

1369 2416 1506 2441 externa
1528 2411 1616 2441 vitae
1638 2409 1780 2450 probitas
1811 2415 1897 2441 certa
1920 2411 1962 2440 sit
1986 2409 2060 2440 fidei
2095 2407 2335 2440 demonstratio.

1370 2452 1457 2484 Dicit
1478 2453 1563 2484 enim
1588 2453 1737 2484 Iacobus:

1458 2495 1623 2527 Ostendam
1644 2494 1699 2526 tihi
1716 2505 1754 2526 ex
1771 2494 1921 2534 operibus.
1961 2495 2164 2535 Respondeo‚
2187 2493 2335 2526 infideles

1369 2548 1494 2579 quoque
1525 2539 1686 2569 interdum
1711 2537 1869 2569 excellere
1891 2538 2043 2578 speciosis
2067 2538 2252 2576 virtutibus,
2282 2535 2334 2567 vel

1370 2581 1537 2613 honestam
1561 2582 1662 2612 vitam
1686 2581 1796 2621 procul
1820 2581 1909 2611 omni
1932 2580 2067 2612 crimine
2090 2581 2221 2621 degere:
2250 2580 2334 2611 ideo-

1370 2634 1430 2664 que
1454 2634 1550 2664 opera
1573 2624 1607 2654 iu
1623 2623 1760 2663 speciem
1778 2623 1942 2663 praeclara
1959 2634 1977 2654 a
1993 2623 2055 2654 fide
2072 2634 2163 2664 posse
2182 2621 2333 2664 separari.
