2513 3126
161 206 219 235 117

162 300 258 332 fuisse
283 310 378 340 quam
410 301 572 332 testatoris
598 300 790 341 sanguinem
815 311 876 341 quo
908 304 999 332 vetus
1031 304 1128 331 testa-

162 350 307 374 mentum
331 342 512 374 dedicatum
536 343 614 375 fuit:
639 343 792 383 anticipat
807 343 977 384 apostolus,
1001 352 1039 373 ac
1055 342 1130 373 dicit

162 397 225 417 non
250 396 319 417 esse
343 386 461 417 mirum
492 386 518 418 si
548 386 705 426 pecudum
738 386 876 418 victimis
905 387 1128 417 consecratum

162 428 259 460 fuerit
284 428 526 460 tabernaculum
556 428 635 460 illud
659 428 742 469 quod
766 433 918 460 terrestre
940 431 1023 459 erat:
1055 437 1130 458 ana-

162 471 279 510 logiam
313 472 399 503 enim
432 482 467 503 ac
491 471 738 503 similitudinem
769 471 866 503 fuisse
896 471 982 501 inter
1013 480 1128 510 purga-

164 514 283 545 tionem
307 519 338 545 et
361 524 411 545 res
435 519 597 555 purgatas.
644 516 689 545 At
716 514 854 546 coeleste
881 512 977 552 istud,
998 512 1036 544 de
1067 521 1129 552 quo

163 556 299 595 disserit,
323 557 489 596 exemplar
511 557 605 598 longe
629 556 692 588 alio
715 556 810 587 modo
832 555 1013 587 consecrari
1036 565 1127 595 opor-

162 600 277 631 tuisse:
308 599 360 631 hic
390 598 496 630 locum
528 609 591 630 non
624 599 742 630 habere
771 597 878 630 hircos
911 601 967 628 aut
1002 597 1128 634 vitulos,

164 642 248 673 unde
271 642 427 682 sequitur,
459 642 619 673 testatoris
650 646 784 671 mortem
808 650 877 671 0000
904 640 1128 671 necessariam.

164 684 227 715 Hic
250 695 326 725 ergo
348 695 461 716 sensus
485 686 543 721 est,
570 684 680 722 Quum
705 683 737 713 in
760 682 831 722 lege
855 687 1023 713 terrestres
1046 681 1126 712 dun-

162 733 252 758 taxat
274 737 382 758 rerum
405 726 623 766 spiritualium
647 724 805 764 imagines
824 724 952 761 fuerint,
975 723 1128 764 expiandi

163 779 289 809 quoque
313 769 395 800 ritus
418 768 555 799 carnalis
586 773 617 798 et
639 767 833 807 figurativus
863 766 912 807 (ut
934 767 979 797 ita
1002 766 1128 808 loquar)

163 813 231 842 fuit.
276 813 320 842 At
353 820 450 850 quum
482 810 620 841 00010010
649 809 815 850 exemplar
846 809 927 840 nihil
962 814 1127 841 terrenum

163 854 321 891 admittat,
346 852 444 884 alium
467 852 608 892 postulat
631 863 728 892 quam
753 852 912 892 pecudum
936 852 1126 893 sanguinem

162 897 213 935 qui
237 895 305 927 eius
328 895 521 935 respondeat
536 895 770 935 praestantiae:
795 895 842 926 sic
858 904 946 925 mors
964 895 1127 927 testatoris

159 939 331 978 flagitatur,
356 942 392 969 ut
410 948 486 969 vera
503 938 559 969 fiat
575 938 760 969 testamenti
776 937 986 970 consecratio,
1027 938 1125 969 Coe—

160 981 284 1013 lestia
314 987 408 1012 vocat
437 991 573 1021 regnum
598 980 723 1012 Christi
754 980 838 1021 quod
870 980 1037 1020 spirituale
1068 985 1127 1018 est,

159 1023 357 1064 solidamque
380 1023 478 1055 habet
502 1023 645 1055 veritatis
669 1023 918 1055 revelationem:
943 1024 1127 1063 potiores

160 1067 357 1098 victimas
387 1077 443 1106 pro
474 1066 614 1103 victima,
644 1067 721 1106 quia
743 1069 870 1097 tantum
897 1077 961 1097 una
983 1072 1047 1097 est:
1072 1066 1127 1097 sed

157 1116 288 1150 propter
310 1109 498 1140 antithesim
517 1109 633 1149 plurali
653 1120 788 1141 numero
811 1108 910 1140 libere
926 1109 1046 1140 abusus
1069 1116 1127 1141 est.

242 1174 292 1204 24.
318 1173 424 1213 Neque
457 1174 538 1204 enim
562 1174 596 1204 in
622 1174 805 1214 manufacta
835 1176 943 1205 sancta
969 1174 1128 1214 inyressus

159 1219 202 1248 est
226 1216 378 1252 Christus,
403 1216 543 1256 exempla
563 1226 720 1248 verorum:
746 1217 800 1248 sed
822 1217 857 1248 in
879 1218 984 1256 ipsum
1006 1217 1128 1254 coelum,

158 1262 190 1290 ut
212 1269 292 1290 nunc
313 1261 468 1299 appareat
481 1269 584 1290 coram
604 1259 686 1299 facie
701 1259 764 1291 Dei
780 1270 841 1299 pro
859 1259 954 1291 nobis.
989 1259 1040 1290 25.
1066 1259 1128 1290 Ne-

157 1313 214 1342 que
236 1304 269 1333 ut
291 1311 383 1341 saepe
404 1302 512 1342 offerat
528 1312 560 1333 se
581 1302 694 1342 ipsum,
717 1302 973 1342 quemadmodum
986 1302 1129 1342 pontifeoe

159 1345 331 1385 inyreditur
360 1345 393 1375 in
414 1347 522 1377 sancta
553 1346 719 1385 quotannis
748 1355 818 1376 cum
839 1345 990 1386 sanquine
1013 1345 1127 1376 alieno:

158 1388 209 1419 26.
233 1387 493 1429 (quandoquidem
523 1388 706 1428 oportuisset
733 1388 824 1419 illum
853 1388 981 1427 saepius
1008 1388 1083 1427 pati
1108 1398 1129 1419 a

156 1431 308 1462 creatione
325 1430 447 1472 mundi)
470 1441 551 1463 nunc
566 1433 670 1462 autem
691 1431 727 1462 in
748 1431 1007 1462 consummatione
1022 1441 1128 1463 saecu-

157 1473 266 1510 lorum,
296 1473 388 1505 semel
415 1474 450 1505 in
477 1474 712 1506 destructionem
735 1474 861 1514 peccati,
886 1484 946 1513 per
971 1473 1129 1506 victimam

157 1517 209 1547 sui
230 1516 333 1556 ipsius
354 1517 514 1557 apparuit.
555 1516 607 1547 27.
630 1516 673 1548 Et
694 1519 844 1557 quatenus
866 1516 1063 1549 constitutum
1085 1519 1129 1548 est

158 1558 332 1590 hominibus
346 1560 439 1591 semel
453 1560 541 1596 mori,
559 1559 699 1599 posthoc
714 1570 793 1597 vero,
811 1560 980 1592 iudicium.-
1008 1559 1059 1592 28.
1084 1560 1127 1591 ita

158 1604 183 1633 et
207 1601 349 1633 Christus
370 1602 461 1634 semel
474 1603 593 1634 oblatus
608 1605 642 1634 ut
655 1602 822 1634 multorum
837 1603 975 1642 auferret
986 1605 1128 1643 peccata:

157 1645 287 1676 secundo
318 1644 429 1685 absque
456 1648 576 1685 peccato
605 1646 808 1685 conspicietur
834 1646 877 1677 iis
898 1646 953 1685 qui
976 1656 1045 1677 eum
1075 1655 1126 1677 ex-

156 1690 290 1727 spectant
312 1688 346 1718 in
367 1687 506 1720 salutem.

240 1751 290 1783 24.
317 1751 423 1792 Neque
445 1753 535 1791 enim,
558 1756 608 1785 etc.
644 1753 705 1784 Est
728 1753 930 1785 confirmatio
950 1752 1126 1793 superioris

157 1794 346 1826 sententiae.
398 1795 569 1835 Loquutus
592 1802 660 1828 erat
684 1796 722 1828 de
745 1806 822 1828 vero
845 1796 1036 1834 sanctuario,
1067 1795 1126 1828 1100

156 1843 204 1868 001
227 1837 372 1869 00010011;
406 1848 492 1870 0000
515 1838 612 1878 addit,
642 1838 811 1871 Christum
835 1838 912 1870 illuc
941 1838 1123 1879 ingressum

157 1890 235 1916 esse,
270 1880 355 1911 unde
385 1881 531 1921 sequitur
563 1882 685 1922 requiri
719 1882 816 1913 etiam
847 1881 1124 1913 confirmationem

157 1933 237 1962 quae
271 1930 440 1964 congruat.
497 1923 651 1956 Sancta
684 1935 743 1965 pro
777 1924 961 1956 sanctuario
998 1924 1125 1964 accipit.

158 1965 259 1996 Vocat
293 1976 365 1997 non
400 1967 677 1999 manufactum
715 1967 800 2008 quod
837 1967 922 1998 inter
959 1970 1125 1998 creaturas

155 2008 355 2049 corruptioni
379 2009 531 2041 obnoxias
547 2011 670 2042 censeri
694 2021 756 2042 non
774 2011 877 2042 debet.
911 2009 1023 2050 Neque
1039 2010 1124 2041 enim

156 2050 312 2082 coelum
343 2051 396 2082 hic
418 2052 570 2093 intelligit
599 2053 684 2093 quod
712 2053 813 2085 oculis
836 2053 1010 2091 cernimus,
1036 2058 1067 2084 et
1090 2053 1123 2084 in

155 2103 217 2133 quo
233 2094 345 2125 stellae
363 2094 484 2126 lucent:
509 2095 564 2127 sed
581 2096 716 2137 gloriam
732 2096 825 2137 regni
841 2095 903 2127 Dei
924 2106 1004 2135 quae
1020 2095 1123 2127 coelos

155 2146 267 2168 omnes
290 2143 433 2177 superat.
480 2136 709 2170 Sanctuarium
737 2143 829 2171 vetus
852 2137 1022 2170 ἀντίτυπον
1046 2139 1122 2175 veri,

156 2178 215 2211 hoc
237 2181 286 2211 est
315 2180 504 2220 spiritualis,
535 2180 690 2221 appellat:
722 2182 796 2222 quia
826 2186 980 2213 externae
1012 2191 1123 2213 omnes

155 2222 286 2263 figurae,
310 2224 399 2262 quasi
422 2224 456 2254 in
479 2224 608 2264 speculo
631 2230 876 2264 repraesentant
898 2224 982 2264 quod
1006 2224 1124 2264 alioqui

155 2265 213 2296 sub
237 2276 351 2297 sensus
374 2276 543 2306 corporeos
567 2277 631 2298 non
656 2267 751 2298 cadit.
796 2267 918 2298 Eodem
948 2267 1045 2298 verbo
1075 2267 1122 2298 in-

156 2308 283 2339 terdum
314 2314 449 2340 utuntur
479 2310 650 2349 scriptores
680 2310 786 2350 graeci
817 2320 916 2349 quum
948 2310 986 2341 de
1016 2319 1121 2341 saera-

156 2351 271 2383 mentis
295 2352 413 2383 nostris
437 2352 619 2392 disputant:
643 2352 739 2392 idque
754 2352 834 2384 scite
850 2356 882 2383 et
898 2358 1121 2393 congruenter,

157 2395 231 2433 quia
254 2405 348 2426 omne
379 2401 614 2426 sacramentum
640 2395 775 2427 visibilis
803 2400 851 2426 est
877 2405 987 2426 rerum
1011 2395 1121 2426 invisi-

156 2435 266 2467 bilium
289 2437 405 2478 imago.

248 2479 286 2511 Ut
306 2490 386 2512 nunc
412 2483 551 2521 apparet
608 2480 662 2512 Sic
693 2480 770 2511 olim
797 2479 944 2512 sacerdos
976 2480 1123 2512 leviticus

156 2522 263 2562 populi
293 2523 422 2555 nomine
453 2524 542 2555 sein
568 2524 629 2555 Dei
659 2528 864 2563 conspectum
894 2523 1036 2560 sistebat,
1067 2524 1122 2555 sed

156 2564 188 2594 in
213 2565 327 2605 figura:
352 2565 386 2596 in
406 2566 538 2598 Christo
561 2571 668 2598 autem
693 2566 795 2598 solida
818 2566 936 2597 veritas
960 2571 991 2597 et
1010 2565 1123 2606 plenus

155 2607 278 2647 figurae
300 2608 442 2640 effectus.
491 2610 577 2641 Arca
595 2610 681 2641 enim
702 2608 883 2651 symbolum
903 2614 973 2640 erat
991 2607 1122 2640 divinae

155 2650 366 2690 praesentiae.
420 2653 463 2682 At
497 2651 648 2684 Christus
682 2663 716 2684 se
750 2652 785 2683 in
819 2652 881 2683 Dei
916 2657 1122 2692 conspectum

1042 204 1191 237 CAPUT
1214 203 1266 236 IX

2091 208 2148 237 118

1183 311 1258 332 vere
1282 300 1377 331 offert
1399 310 1435 332 ac
1458 300 1542 332 sistit
1565 300 1604 331 ad
1624 300 1860 340 impetrandam
1878 300 1970 332 nobis
1993 302 2146 342 gratiam:

1183 348 1219 373 ut
1242 343 1306 374 iam
1330 342 1418 373 nulla
1445 343 1487 374 sit
1514 352 1610 374 causa
1632 353 1689 374 cur
1721 344 1882 384 fugiamus
1912 343 2052 375 tribunal
2077 344 2147 379 Dei.

1182 385 1235 416 ubi
1260 390 1323 416 tam
1353 385 1473 417 bonum
1505 385 1661 417 habemus
1691 391 1872 425 patronum,
1902 387 1995 419 cuius
2023 387 2086 418 fide
2112 398 2147 419 ac

1182 427 1283 459 tutela
1305 427 1386 459 salvi
1410 438 1447 459 ac
1471 428 1532 459 tuti
1555 438 1675 460 sumus.
1722 428 1803 459 Erat
1831 429 1959 467 quidem
1982 429 2046 461 iam
2071 434 2147 461 tunc

1181 469 1354 501 advocatus
1385 475 1493 502 noster
1524 470 1674 503 Christus
1704 481 1804 511 quum
1836 472 1868 501 in
1901 472 1994 504 terris
2022 480 2147 513 ageret:

1181 511 1236 543 sed
1260 512 1320 543 hoc
1343 517 1508 553 praeterea
1528 513 1709 545 infirmitati
1733 519 1862 544 nostrae
1878 524 2064 546 concessum
2089 522 2146 553 est,

1181 559 1217 585 ut
1239 555 1343 586 coelos
1359 556 1587 587 conscenderet
1603 556 1642 587 ad
1658 556 1859 588 subeundum
1877 559 2002 596 patroni
2020 568 2147 590 munus.

1181 596 1231 627 Ita
1254 597 1379 636 quoties
1409 598 1449 629 de
1472 599 1539 629 eius
1567 599 1598 629 in
1622 599 1743 631 coelum
1768 599 1926 630 adscensu
1950 600 1987 630 fit
2017 602 2146 637 mentio,

1181 638 1274 670 debet
1297 639 1375 672 haec
1406 640 1527 672 utilitas
1555 642 1645 674 nobis
1676 641 1786 673 venire
1814 641 1846 672 in
1875 647 2027 678 mentem,
2062 644 2146 683 quod

1180 681 1246 713 illic
1269 692 1376 713 coram
1402 683 1470 714 Deo
1495 690 1637 724 apparet,
1666 692 1700 715 ut
1723 695 1781 716 nos
1809 695 1867 715 suo
1892 685 2068 724 patrocinio
2093 686 2146 716 de-

1181 724 1300 771 fendat.
1357 724 1463 756 Stulte
1494 737 1570 766 ergo
1598 734 1629 758 et
1661 727 1887 767 intempestive
1915 738 1933 758 a
1955 728 2145 767 quibusdam

1181 772 1348 806 quaeritur
1378 777 1419 797 an
1447 779 1509 799 non
1532 780 1658 809 semper
1682 770 1874 810 apparuerit,
1906 770 1979 809 quia
2004 770 2054 801 1110
2079 778 2145 801 1311-

1182 814 1249 839 tum
1275 808 1313 839 de
1336 810 1564 841 intercessione
1586 813 1749 851 apostolus
1769 813 1921 851 disputat,
1945 812 2035 844 cuius
2052 823 2147 844 03003

1180 851 1316 883 00010010
1339 854 1557 883 sanctuarium
1582 854 1748 894 ingressus
1771 860 1829 886 est.

1266 894 1316 925 25.
1353 894 1461 933 Neque
1493 898 1525 926 ut
1558 906 1648 935 saepe
1680 898 1793 936 offerat.
1846 897 2014 936 Quomodo
2047 899 2147 939 igitur

1180 936 1342 973 sacerdos,
1377 937 1462 968 dicet
1485 938 1659 977 quispiam,
1694 940 1720 970 si
1744 940 1883 971 abstinet
1907 952 1925 971 a
1959 941 2146 973 sacrificiis?

1179 979 1384 1019 Respondeo,
1408 980 1440 1010 iu
1465 980 1571 1011 officio
1589 981 1637 1012 vel
1662 992 1796 1021 persona
1818 983 1992 1015 sacerdotis
2016 994 2080 1015 non
2101 995 2147 1016 re-

1180 1022 1266 1063 quiri
1300 1024 1492 1054 continuum
1528 1024 1729 1055 sacrificandi
1763 1030 1877 1056 actum.
1931 1026 2014 1057 Nam
2049 1036 2082 1058 et
2115 1028 2149 1058 in

1180 1065 1251 1106 lege
1275 1065 1454 1105 praecipuis
1477 1066 1643 1097 sacrificiis
1666 1068 1740 1097 stati
1765 1074 1858 1098 erant
1873 1069 2046 1108 quotannis
2063 1069 2148 1101 dies:

1180 1108 1369 1148 quotidiana
1396 1108 1494 1139 etiam
1517 1119 1593 1140 suas
1616 1109 1711 1140 horas
1735 1120 1828 1140 mane
1851 1115 1884 1141 et
1908 1112 2034 1151 vesperi
2058 1122 2148 1152 prae-

1181 1151 1317 1191 scriptas
1340 1150 1510 1182 habebant.
1550 1150 1661 1189 Quum
1685 1157 1792 1184 autem
1809 1154 1939 1184 unicum
1956 1154 2034 1185 illud
2051 1156 2148 1187 sacri-

1181 1194 1289 1225 ficium
1321 1194 1405 1234 quod
1430 1194 1529 1225 semel
1554 1193 1706 1226 Christus
1728 1194 1853 1233 obtulit,
1882 1206 2007 1236 semper
2032 1198 2147 1238 vigeat.

1181 1237 1324 1276 adeoque
1359 1242 1551 1277 perpetuum
1586 1237 1628 1268 sit
1661 1237 1745 1277 quod
1780 1237 1820 1269 ad
1854 1238 2045 1270 efficaciam:
2083 1251 2149 1272 nou

1182 1280 1302 1310 mirum
1332 1283 1381 1311 est
1411 1281 1438 1311 si
1467 1279 1536 1312 0100
1559 1281 1683 1311 virtute
1713 1291 1794 1320 quae
1824 1291 1991 1321 nunquam
2021 1283 2149 1323 excidit,

1183 1322 1337 1354 fulciatur
1360 1327 1527 1354 aeternum
1548 1322 1674 1354 Christi
1697 1323 1921 1355 sacerdotium.
1965 1324 2075 1364 Atque
2098 1326 2150 1357 hic

1182 1375 1311 1396 rursum
1336 1365 1411 1405 quid
1435 1370 1468 1396 et
1490 1365 1605 1405 quibus
1629 1366 1663 1396 in
1686 1366 1783 1397 rebus
1806 1365 1934 1397 differat
1958 1366 2109 1399 Christus
2132 1381 2150 1400 a

1182 1407 1311 1439 levitico
1349 1408 1527 1448 sacerdote,
1563 1408 1716 1440 ostendit.
1776 1408 1827 1440 De
1864 1410 2047 1442 sanctuario
2084 1410 2149 1442 iam

1182 1450 1303 1482 dictum
1337 1458 1386 1482 est
1419 1451 1525 1491 prius:
1561 1451 1617 1483 sed
1652 1462 1753 1483 unum
1788 1451 1962 1483 discrimen
1997 1456 2087 1484 notat
2116 1455 2149 1484 in

1182 1493 1330 1525 sacrificii
1353 1504 1487 1534 genere:
1517 1493 1594 1534 quia
1616 1505 1650 1526 se
1673 1495 1779 1534 ipsum
1803 1494 1963 1535 Christus,
1991 1506 2054 1527 non
2078 1497 2149 1528 bru-

1181 1542 1250 1567 tum
1274 1536 1405 1577 animal,
1428 1536 1590 1568 obtulerit.
1630 1536 1757 1569 Deinde
1780 1537 1927 1575 alterum,
1952 1539 2034 1578 quod
2054 1540 2149 1571 sacri-

1181 1580 1289 1611 ficium
1325 1579 1384 1611 hoc
1418 1590 1482 1611 non
1516 1582 1652 1620 repetat,
1687 1580 1959 1620 quemadmodum
1989 1581 2047 1613 sub
2078 1582 2149 1623 lege

1181 1623 1331 1662 frequens
1354 1622 1504 1663 repetitio
1527 1623 1597 1661 fuit,
1621 1629 1653 1654 et
1676 1633 1774 1664 prope
1798 1623 1935 1655 assidua.

1267 1666 1317 1697 26.
1350 1665 1481 1705 Alioqui
1514 1666 1706 1705 oportuisset.
1761 1665 1914 1698 Ostendit
1947 1673 2067 1707 quanta
2101 1679 2149 1700 se-

1180 1714 1298 1748 quatur
1328 1708 1528 1748 absurditas,
1557 1708 1585 1739 si
1617 1718 1682 1740 non
1713 1709 1792 1740 satis
1823 1708 1999 1741 habeamus
2027 1711 2149 1751 expiari

1180 1762 1245 1783 uno
1279 1751 1404 1783 Christi
1442 1751 1607 1783 sacrificio.
1664 1751 1746 1783 Inde
1786 1752 1874 1783 enim
1907 1752 2034 1792 saepius
2067 1754 2149 1785 mori

1178 1795 1358 1834 oportuisse
1380 1793 1510 1835 colligit,
1541 1795 1615 1834 quia
1637 1805 1725 1826 mors
1748 1805 1820 1826 cum
1843 1795 2000 1827 sacrificio
2022 1806 2149 1836 semper

1180 1839 1222 1869 sit
1251 1837 1430 1869 coniuncta.
1476 1836 1548 1869 Hoc
1571 1842 1678 1869 autem
1702 1838 1862 1877 posterius
1884 1843 1934 1869 est
1957 1838 2147 1870 absurdissi-

1181 1891 1278 1912 mum.
1339 1879 1496 1920 Sequitur
1540 1890 1634 1920 ergo,
1673 1881 1824 1912 virtutem
1871 1881 1965 1912 unius
2002 1881 2148 1913 sacrificii

1179 1931 1343 1955 aeternam
1367 1932 1446 1960 esse,
1477 1928 1509 1953 et
1531 1922 1572 1954 ad
1595 1923 1701 1954 omnia
1722 1923 1848 1955 saecula
1870 1923 2012 1955 extendi.
2058 1923 2148 1956 Dicit

1180 1970 1299 2003 301001,
1323 1976 1341 1996 a
1364 1965 1509 1996 mundi
1537 1966 1719 2006 origine:
1744 1966 1819 2007 quia
1842 1966 1990 1998 omnibus
2013 1967 2148 1998 saeculis

1179 2009 1218 2040 ab
1242 2008 1335 2040 initio
1358 2008 1489 2040 fuerunt
1505 2013 1636 2048 peccata
1651 2019 1733 2049 quae
1749 2008 1932 2049 expiatione
1948 2009 2147 2050 indigebant.

1179 2052 1250 2083 Nisi
1284 2061 1360 2092 ergo
1395 2057 1471 2082 tunc
1501 2050 1619 2083 efficax
1648 2052 1760 2084 fuisset
1790 2051 1914 2083 Christi
1943 2053 2145 2089 sacrificium,

1179 2105 1272 2126 nemo
1295 2105 1334 2125 ex
1358 2093 1502 2134 patribus
1524 2094 1663 2126 salutem
1686 2100 1904 2134 consequutus
1926 2101 2018 2126 esset.
2060 2095 2145 2127 Nam

1178 2148 1278 2178 quum
1301 2137 1369 2168 irae
1391 2136 1454 2167 Dei
1476 2136 1606 2168 obnoxii
1631 2147 1687 2177 per
1710 2148 1744 2168 se
1768 2137 1896 2174 fuerint,
1920 2137 2070 2169 deficeret
2091 2149 2145 2169 eos

1177 2180 1376 2212 liberationis
1399 2178 1588 2218 remedium,
1613 2180 1673 2212 nisi
1689 2180 1841 2212 Christus
1863 2179 1963 2211 semel
1982 2180 2143 2220 patiendo,

1177 2229 1331 2264 quantum
1355 2222 1394 2253 ad
1417 2222 1690 2254 reconciliandam
1715 2222 1896 2254 hominibus
1915 2222 1977 2254 Dei
1996 2223 2143 2264 gratiam,

1177 2277 1195 2298 a
1219 2265 1330 2297 mundi
1354 2265 1477 2305 origine
1500 2275 1599 2305 usque
1623 2265 1656 2296 in
1678 2265 1779 2297 finem
1796 2276 1909 2305 passus
1925 2269 2018 2297 esset.
2056 2265 2144 2306 Ergo

1178 2309 1239 2340 nisi
1257 2308 1363 2349 plures
1379 2313 1498 2339 mortes
1515 2314 1749 2348 exspectamus,
1772 2308 1916 2340 contenti
1932 2308 2034 2339 simus
2050 2309 2144 2339 unico

1178 2352 1341 2383 sacrificio.
1363 2351 1472 2390 Atque
1489 2350 1564 2382 hinc
1581 2356 1671 2391 patet
1687 2361 1783 2391 quam
1797 2351 1913 2382 frivola
1925 2351 1966 2381 sit
1979 2350 2144 2383 distinctio

1177 2395 1241 2433 illa,
1264 2395 1295 2425 in
1319 2394 1410 2425 cuius
1433 2393 1560 2433 argutia
1582 2393 1641 2425 sibi
1666 2399 1830 2433 tantopere
1848 2393 1975 2433 placent
1990 2394 2143 2434 papistae‚

1177 2448 1275 2478 quum
1306 2437 1416 2468 dicunt
1448 2436 1700 2467 immolationem
1724 2436 1847 2468 Christi
1873 2436 1906 2466 in
1929 2446 2024 2467 cruce
2047 2437 2144 2468 fuisse

1178 2480 1407 2520 sanguineam:
1441 2478 1559 2510 missae
1591 2489 1666 2510 vero
1696 2478 1889 2510 sacrificium
1920 2479 2004 2518 quod
2033 2479 2144 2511 offerri

1178 2522 1319 2564 quotidie
1348 2521 1418 2553 Deo
1452 2521 1592 2561 fingunt,
1627 2532 1695 2552 esse
1728 2521 1945 2552 incruentum.
1998 2521 2083 2554 Nam
2117 2522 2143 2554 si

1176 2565 1295 2598 subtile
1321 2564 1400 2596 illud
1427 2564 1584 2604 effugium
1609 2564 1725 2602 valeat,
1756 2564 1984 2604 incogitantiae
2007 2575 2143 2605 arguen-

1177 2608 1237 2640 dus
1271 2608 1332 2639 erit
1362 2607 1495 2647 spiritus
1524 2606 1587 2637 Dei
1621 2607 1671 2638 001
1706 2617 1770 2638 000
1801 2607 1889 2639 venit
1923 2606 1958 2637 in
1990 2614 2142 2639 mentem.

1177 2650 1445 2691 Quandoquidem
1481 2649 1539 2681 hoc
1573 2659 1631 2690 pro
1666 2650 1811 2681 confesso
1841 2650 2005 2690 apostolus
2034 2651 2142 2690 sumit,

1907 2709 1939 2734 8.
