2513 3126
117 213 179 246 405

119 311 233 352 Neque
257 321 332 344 vero
355 310 490 343 Iacobus
513 307 686 344 contendit,
717 305 861 346 quisquis
890 305 1008 346 probus
1031 315 1084 345 ap-

119 358 240 394 parent,
272 353 369 386 fidem
398 353 544 393 protinus
572 350 700 382 habere.
745 348 816 380 Hoc
844 353 972 379 tantum
1003 347 1085 386 vult,

119 397 216 429 fidem
237 396 307 428 sine
330 397 484 428 bonorum
508 403 640 434 operum
657 391 843 423 testimonio
860 391 980 422 frustra
996 400 1084 430 prae—

119 439 229 476 dicari,
261 439 337 479 quia
366 449 407 470 ex
438 438 511 470 viva
540 434 646 467 radice
670 433 771 465 bonae
804 433 928 465 arboris
958 443 1085 473 semper

120 482 277 523 prodeant
300 482 428 513 fructus.

208 525 256 556 19.
289 523 396 556 Oredis
425 520 505 561 quod
526 518 616 551 Deus
637 521 689 551 est.
735 519 788 550 Ex
815 518 875 550 hoc
898 529 963 550 uno
986 518 1085 550 verbo

121 567 248 599 abunde
278 570 411 603 constat,
439 569 537 594 totam
567 562 651 593 hanc
682 561 934 602 disputationem
962 561 1000 593 de
1024 559 1085 592 fide

121 620 187 641 non
217 609 341 647 haberi,
375 606 429 638 sed
459 605 497 636 de
527 604 655 645 vulgari
683 604 747 635 Dei
776 604 890 635 notitia
919 615 1001 644 quae
1029 603 1085 634 ho·

122 653 242 684 minem
275 652 342 682 Deo
372 647 472 680 nihilo
501 647 572 687 plus
602 647 778 688 coniungit,
808 657 903 686 quam
931 647 1007 678 solis
1030 645 1085 676 ad-

122 700 250 735 spectus
279 691 387 724 evehit
419 691 453 722 in
483 690 618 722 coelum.
670 689 752 721 Fide
785 693 893 721 autem
928 700 986 721 nos
1016 688 1086 720 Deo

124 737 379 778 appropinquare
402 739 523 765 eertum
543 739 601 764 est.
635 732 810 764 Praeterea
828 732 1000 763 ridiculum
1017 731 1086 771 erit,

121 781 148 812 01
171 780 240 820 quis
263 777 403 809 diabolos
426 776 546 807 habere
569 775 665 806 fidem
690 775 782 807 dicat.
826 775 928 815 Atqui
951 785 1005 806 eos
1027 773 1087 805 hac

121 823 155 854 in
193 825 281 862 parte
317 819 454 851 Iacobus
492 818 670 859 hypocritis
708 817 857 858 praefert.
913 818 1086 849 Contre-

121 864 259 896 miscit
288 861 442 900 diabolus,
474 861 588 901 inquit,
617 861 656 892 ad
680 859 743 892 Dei
769 861 985 892 mentionem:
1013 860 1087 900 quia

123 906 260 938 iudicem
282 915 376 937 suum
401 914 499 944 quum
523 910 686 945 agnoscat,
709 904 823 935 timore
846 904 914 935 eius
937 902 1086 935 afficitur.

121 950 208 989 Ergo
238 948 292 988 qui
316 947 423 979 Deum
453 947 601 987 agnitum
624 947 810 983 contemnit,
845 946 1009 986 aliquanto
1033 945 1086 976 de-

120 992 217 1023 terior
239 994 296 1022 est.
334 990 556 1022 Benefacis
579 989 631 1021 hic
649 989 790 1029 positum
809 994 868 1026 est,
889 987 1087 1020 extenuandi

118 1044 231 1066 causa:
256 1044 292 1065 ac
314 1032 342 1064 si
366 1032 508 1071 dixisset,
533 1033 592 1064 hoc
614 1032 735 1064 seilicet
750 1042 905 1073 maguum
922 1037 979 1069 est,
1002 1031 1089 1062 infra

118 1075 261 1108 diabolos
284 1075 460 1108 subsidere.

204 1162 254 1194 20.
286 1161 342 1194 Vis
371 1163 472 1194 autem
499 1161 589 1199 scire,
619 1171 635 1192 0
657 1160 743 1192 homo
765 1160 880 1198 inanis,
909 1159 992 1200 quod
1012 1159 1090 1200 fides

117 1206 232 1246 absque
267 1204 409 1244 operibus
444 1206 567 1236 mortua
600 1203 668 1235 sit?
724 1203 774 1234 21.
809 1202 972 1235 Abraham
999 1205 1090 1243 pater

119 1251 220 1280 noster
241 1258 339 1280 nonne
360 1257 398 1279 ex
419 1246 562 1287 operibus
583 1246 769 1286 iustificatus
791 1249 842 1280 est.
865 1256 961 1286 quum
983 1245 1092 1278 obtulit

116 1291 221 1331 filium
253 1300 346 1322 suum
375 1290 470 1322 Isaac
498 1300 593 1330 super
625 1289 746 1321 altare?
798 1289 850 1321 22.
889 1289 981 1321 Vides
1009 1288 1090 1328 quod

116 1334 195 1375 fides
227 1335 386 1373 cooperata
413 1333 511 1373 fuerit
537 1333 606 1364 eius
634 1331 794 1372 operibus,
828 1334 856 1363 et
884 1342 921 1363 ex
948 1332 1091 1371 operibus

117 1376 196 1417 fides
211 1376 350 1416 perfecta
368 1376 492 1414 fuerit?
530 1375 580 1407 23.
605 1376 709 1415 Atque
731 1375 858 1414 impleta
877 1374 973 1415 fuerit
994 1375 1091 1414 scrip-

119 1422 193 1452 twra
215 1429 294 1459 quae
311 1419 405 1452 dicit.-
429 1418 568 1451 &redidit
583 1418 749 1450 Abraham
764 1417 840 1455 Deo,
863 1420 891 1449 et
905 1418 1091 1457 imputatum

119 1462 169 1494 illi
200 1462 263 1502 fuit
295 1462 330 1494 in
362 1462 533 1501 iustitiam,
566 1464 593 1494 et
625 1462 745 1493 amicus
773 1459 837 1492 Dei
869 1463 992 1492 vocatus
1024 1459 1092 1492 est?

121 1505 171 1537 24.
199 1505 319 1536 Videtis
340 1504 439 1545 iyitur
461 1504 542 1544 quod
563 1515 601 1536 ex
623 1503 768 1543 operibus
785 1503 976 1543 iustificatur
997 1503 1092 1542 homo,

120 1550 147 1580 et
168 1558 229 1579 non
260 1557 298 1578 ez·
318 1547 380 1586 fide
409 1547 518 1579 solum.
563 1548 614 1579 25.
640 1546 793 1578 Similiter
816 1549 842 1578 et
865 1545 978 1577 Raliab
1000 1556 1093 1577 mere·

120 1591 196 1630 trite,
224 1599 324 1622 nonne
353 1600 391 1621 ex
421 1590 565 1629 operibus
587 1589 757 1629 iustificata
779 1591 832 1629 est,
860 1598 955 1628 quum
976 1588 1093 1628 excepit

120 1633 256 1673 nuntios,
281 1635 308 1664 et
330 1632 398 1664 alia
419 1633 472 1664 via
495 1633 604 1665 eiecit?
649 1632 701 1664 26.
727 1631 989 1671 Quemadmodum
1011 1631 1093 1663 enim

120 1686 233 1716 corpus
265 1675 333 1707 sine
365 1675 474 1708 anima
507 1678 665 1708 mortuum
697 1678 753 1715 est,
786 1675 832 1706 ita
864 1676 890 1707 et
917 1674 996 1714 fides
1024 1675 1093 1706 sine

120 1718 263 1759 operibus
285 1720 405 1750 mortua
427 1721 479 1750 est.

208 1803 259 1835 20.
298 1803 354 1835 Vis
382 1806 485 1836 autem
514 1803 600 1836 seire.
645 1802 819 1835 Tenendus
848 1808 896 1835 est
923 1802 974 1835 hic
997 1813 1094 1844 quae-

122 1847 235 1879 stionis
264 1851 379 1878 status.
425 1847 535 1886 Neque
565 1846 652 1878 enim
683 1846 735 1878 hic
761 1846 950 1886 disceptatio
973 1852 1022 1878 est
1053 1846 1092 1878 de

122 1889 357 1921 iustificationis
380 1899 491 1921 causa:
515 1889 571 1921 sed
595 1894 721 1920 tantum
738 1888 815 1929 quid
833 1889 950 1929 valeat,
973 1893 1006 1920 et
1029 1899 1091 1930 quo

123 1933 192 1964 loco
215 1931 364 1963 habenda
387 1932 427 1963 sit
450 1932 525 1963 fidei
547 1932 703 1972 professio
727 1933 797 1963 sine
815 1932 976 1972 operibus.
1012 1932 1091 1963 Per—

124 1985 233 2015 peram
267 1974 368 2015 igitur
401 1975 522 2006 faciunt
556 1974 611 2015 qui
645 1975 704 2006 hoc
738 1975 924 2006 testimonio
958 1974 1092 2014 probare

122 2017 331 2055 contendunt,
353 2018 503 2058 operibus
522 2018 690 2049 iustificari
714 2017 893 2048 hominem:
918 2017 993 2058 quia
1010 2017 1091 2048 nihil

124 2060 190 2092 tale
213 2059 316 2092 voluit
338 2059 483 2092 Iacobus.
517 2060 601 2091 Nam
621 2060 840 2100 probationes,
857 2070 936 2100 quas
955 2060 1091 2098 subiicit,

122 2102 163 2134 ad
187 2103 272 2135 hanc
294 2103 488 2134 sententiam
512 2103 699 2134 referendae
717 2108 802 2141 sunt,
826 2103 911 2143 quod
931 2103 1022 2134 nulla
1040 2104 1091 2140 sit,

123 2145 174 2177 vel
204 2145 318 2177 saltem
352 2152 493 2184 mortua,
523 2146 642 2186 absque
671 2147 821 2186 operibus
850 2145 938 2177 fides.
991 2146 1092 2177 Nemo

122 2189 207 2220 enim
231 2198 377 2228 unquam
400 2188 561 2229 intelliget
579 2188 655 2229 quid
675 2189 809 2226 dicatur,
834 2198 893 2220 nec
916 2188 1093 2228 prudenter

123 2230 162 2262 de
196 2231 304 2262 verbis
338 2230 508 2269 iudicabit,
546 2232 607 2263 nisi
640 2232 694 2272 qui
726 2235 929 2271 perspectum
963 2231 1093 2263 habebit

122 2274 288 2314 scriptoris
311 2273 492 2306 consilium.

208 2317 259 2348 21.
278 2316 389 2348 Nonne
404 2315 577 2348 Abraham.
610 2316 783 2357 Arripiunt
801 2316 964 2357 sophistae
981 2327 1091 2349 vocem

123 2358 336 2391 iustificandi:
361 2359 476 2390 deinde
500 2360 591 2400 quasi
607 2360 746 2392 victores
765 2360 942 2397 clamitant,
965 2365 1092 2399 partem

124 2401 265 2433 iustitiae
303 2403 336 2433 in
373 2401 524 2442 operibus
565 2413 634 2434 esse
672 2404 818 2443 positam.
874 2402 976 2442 Atqui
1013 2412 1093 2434 sana

124 2443 349 2484 interpretatio
383 2455 424 2476 ex
457 2446 700 2477 circumstantia
734 2446 912 2486 praesentis
944 2444 1006 2476 loci
1040 2456 1093 2485 pe—

124 2486 222 2517 tenda
245 2492 324 2518 erat.
362 2486 517 2519 Diximus
540 2494 647 2520 autem
671 2488 824 2520 Iacobum
850 2488 901 2519 hic
924 2498 988 2519 non
1010 2492 1093 2519 trac-

124 2535 193 2560 tare
224 2529 310 2560 unde
337 2536 393 2560 aut
422 2531 580 2569 quomodo
613 2532 769 2563 iustitiam
804 2532 951 2562 homines
981 2540 1092 2562 conse-

124 2575 284 2611 quantur:
308 2575 340 2603 et
365 2571 423 2603 1100
446 2573 550 2604 cuivis
570 2574 702 2613 planum
720 2581 785 2605 est:
810 2573 865 2606 sed
890 2573 949 2604 hoc
966 2578 1092 2605 tantum

123 2613 302 2651 intendere,
334 2614 416 2645 bona
448 2625 544 2654 opera
566 2626 637 2647 cum
662 2616 724 2648 fide
748 2622 904 2657 perpetuo
927 2626 996 2647 esse
1018 2626 1091 2648 con-

123 2657 243 2688 iuncta.
290 2656 427 2697 Ideoque
450 2667 548 2697 quum
573 2660 757 2698 pronuntiat
780 2658 985 2690 Abraham
1009 2658 1093 2691 fide

1012 206 1161 240 CAPUT
1191 206 1233 239 11.

2050 202 2112 233 406

1139 305 1444 344 iustificatum,
1471 305 1511 337 de
1533 303 1764 346 approbatione
1787 302 1927 337 iustitiae
1951 304 2105 345 loquitur.

1140 348 1227 387 Ergo
1264 358 1363 388 quum
1400 348 1564 388 sophistae
1601 347 1753 379 Iacobum
1790 347 1890 379 Paulo
1927 353 2108 388 opponunt,

1139 390 1384 422 hallucinantur
1420 391 1455 422 in
1493 390 1644 432 ambigua
1680 390 1916 431 significatione
1950 391 2106 422 nominis:

1139 434 1215 472 quia
1238 433 1359 465 Paulus
1391 444 1490 474 quum
1521 433 1584 465 fide
1613 432 1780 464 iustificari
1805 444 1862 465 nos
1886 432 1994 470 tradit,
2026 433 2107 464 nihil

1140 475 1227 507 aliud
1260 476 1423 516 significat
1453 486 1549 516 quam
1578 485 1637 508 nos
1667 475 1812 507 obtinere
1843 480 1878 507 ut
1900 476 1975 508 iusti
1997 485 2108 508 coram

1140 517 1211 549 Deo
1233 528 1434 550 censeamur.
1479 518 1615 550 Iacobus
1638 522 1746 550 autem
1769 517 1866 558 longe
1889 518 1950 549 alio
1973 522 2107 559 spectat,

1140 570 1256 601 nempe
1279 566 1314 591 ut
1337 562 1392 601 qui
1416 561 1543 593 fidelem
1566 572 1601 594 se
1624 562 1805 603 profitetur,
1826 560 1900 592 fidei
1923 572 2000 593 suae
2023 561 2108 593 veri-

1140 607 1240 634 tatem
1265 604 1415 643 operibus
1445 604 1653 636 demonstret.
1699 603 1797 635 Certe
1819 603 1954 634 Iacobus
1978 603 2031 635 hic
2053 603 2108 635 do-

1140 656 1212 677 cere
1235 656 1301 677 non
1325 647 1429 678 voluit
1453 647 1504 678 ubi
1527 648 1690 687 quiescere
1713 646 1828 678 debeat
1845 645 1961 677 salutis
1977 647 2108 678 fiducia:

1140 689 1174 720 in
1198 698 1260 728 quo
1290 699 1354 720 uno
1377 689 1497 721 insistit
1520 690 1650 721 Paulus.
1696 689 1784 728 Ergo
1809 699 1850 720 ne
1871 689 1905 720 in
1932 688 2109 729 paralogis-

1142 741 1230 762 mum
1261 731 1451 770 incidamus,
1481 734 1535 772 qui
1557 732 1720 772 sophistas
1743 731 1865 771 fefellit,
1895 730 2038 762 notanda
2061 737 2110 762 est

1142 773 1221 806 haec
1244 773 1498 815 amphibologia:
1522 774 1726 807 Iustificandi
1746 774 1890 812 verbum,
1914 773 2016 805 Paulo
2040 784 2110 805 esse

1141 817 1316 856 gratuitam
1340 817 1481 849 iustitiae
1504 817 1750 857 imputationem
1770 817 1854 857 apud
1871 816 1935 848 Dei
1951 816 2108 848 tribunal:

1142 859 1257 891 Iacobo
1294 865 1403 891 autem
1440 870 1510 891 esse
1548 860 1853 892 demonstrationem
1894 859 2035 891 iustitiae
2072 859 2112 890 ab

1142 902 1279 941 effectis,
1316 902 1413 943 idque
1445 903 1530 942 apud
1568 903 1730 935 homines:
1769 902 2038 942 quemadmodum
2072 912 2112 932 ex

1142 945 1364 984 superioribus
1397 945 1506 977 verbis
1539 945 1690 986 colligere
1722 945 1813 977 licet:
1852 944 1998 977 Ostende
2032 944 2112 975 mihi

1142 987 1238 1019 fidem
1270 992 1370 1026 tuam,
1394 994 1454 1020 etc.
1499 987 1572 1019 Hoc
1600 998 1696 1019 sensu
1728 988 1868 1020 fatemur
1895 988 1964 1019 sine
1986 992 2112 1019 contro-

1143 1031 1248 1062 versia
1271 1031 1439 1062 iustificari
1460 1030 1621 1062 hominem
1637 1031 1796 1071 operibus.
1834 1029 2114 1070 Quemadmodum

1144 1074 1170 1104 si
1194 1073 1267 1113 quis
1298 1073 1462 1105 hominem
1486 1074 1596 1114 magni
1620 1079 1653 1105 et
1681 1073 1812 1114 pretiosi
1837 1073 1929 1105 fundi
1952 1072 2115 1113 emptione

1144 1116 1283 1147 ditatum
1317 1126 1387 1148 esse
1421 1116 1519 1154 dicat,
1553 1116 1630 1156 quia
1660 1117 1728 1148 0100
1752 1116 1894 1153 divitiae,
1919 1126 2001 1156 quae
2025 1115 2114 1155 prius

1144 1159 1289 1191 occultae
1311 1160 1344 1190 in
1366 1169 1440 1191 arca
1455 1159 1563 1191 clausa
1579 1159 1731 1198 latebant,
1754 1159 1965 1191 innotuerint.
2001 1158 2112 1198 Quum

1145 1201 1266 1233 fidem
1291 1202 1368 1233 dicit
1390 1207 1656 1242 cooperatam
1685 1202 1815 1233 fuisse
1845 1201 2059 1242 operibus,
2083 1207 2114 1232 et

1144 1255 1186 1276 ex
1216 1245 1280 1277 illis
1311 1244 1499 1285 perfectam:
1533 1245 1650 1276 iterum
1681 1244 1836 1281 ostendit,
1870 1255 1935 1276 non
1965 1254 2035 1276 esse
2063 1243 2115 1275 hic

1144 1288 1363 1328 quaestionem
1392 1287 1431 1319 de
1464 1288 1577 1320 salutis
1611 1295 1741 1319 nostrae
1771 1297 1882 1324 causa,
1917 1287 1973 1318 sed
2003 1291 2115 1318 utrum

1143 1341 1241 1371 opera
1264 1330 1445 1362 necessario
1468 1331 1564 1362 fidem
1583 1332 1786 1362 comitentur.
1825 1330 1909 1362 Nam
1933 1329 1994 1361 hoc
2017 1339 2115 1360 sensu

1144 1373 1262 1405 dicitur
1291 1378 1461 1413 cooperata
1491 1373 1589 1405 fuisse
1619 1373 1783 1414 operibus,
1819 1373 1895 1413 quia
1921 1372 2023 1404 otiosa
2049 1382 2114 1403 non

1145 1417 1216 1448 fuit.
1253 1416 1385 1448 Dicitur
1408 1427 1448 1447 ex
1471 1416 1620 1456 operibus
1643 1417 1743 1447 fuisse
1767 1416 1917 1456 perfecta,
1941 1425 2005 1446 non
2029 1414 2114 1455 quod

1144 1459 1219 1491 inde
1243 1469 1337 1491 suam
1360 1459 1587 1499 perfectionem
1607 1459 1753 1499 accipiat,
1777 1458 1832 1490 sed
1852 1458 1937 1498 quod
1954 1468 2031 1490 vera
2046 1467 2116 1489 esse

1145 1502 1221 1534 inde
1237 1503 1473 1543 comprobetur.
1505 1501 1587 1533 Nam
1603 1502 1686 1542 qnod
1703 1512 1743 1533 ex
1760 1501 1810 1533 his
1827 1501 1934 1533 verbis
1951 1500 2114 1540 sophistae

1146 1545 1292 1586 putidam
1322 1556 1415 1577 suam
1446 1545 1683 1577 distinctionem
1713 1544 1787 1576 fidei
1820 1545 1974 1576 formatae
2005 1549 2038 1575 et
2068 1543 2115 1574 in-

1146 1589 1261 1621 formis
1285 1589 1426 1627 eliciunt,
1449 1588 1545 1629 longa
1569 1588 1761 1620 refutatione
1785 1597 1849 1619 non
1865 1587 1998 1628 indiget.
2033 1586 2115 1618 For-

1146 1637 1233 1663 mata
1266 1633 1353 1663 enim
1387 1632 1529 1672 adeoque
1566 1631 1708 1671 expolita
1745 1636 1814 1662 erat
1847 1630 1999 1662 Abrahae
2036 1629 2116 1661 fides

1147 1681 1222 1706 ante
1255 1675 1315 1707 filii
1348 1675 1611 1706 immolationem.
1666 1673 1757 1715 Opus
1791 1679 1901 1705 autem
1938 1672 2019 1704 illud
2051 1683 2116 1704 non

1146 1719 1207 1749 fuit
1237 1719 1330 1758 quasi
1360 1724 1507 1749 extrema
1536 1727 1667 1750 manus:
1699 1717 1851 1757 quonium
1876 1716 1977 1747 multa
2000 1714 2116 1747 deinde

1146 1767 1285 1802 sequuta
1299 1768 1375 1793 sunt
1391 1761 1504 1801 quibus
1521 1760 1595 1792 fidei
1611 1770 1688 1792 suae
1704 1761 1906 1791 incrementa
1922 1758 2116 1790 monstravit

1146 1803 1321 1836 Abraham.
1357 1804 1466 1843 Quare
1491 1813 1594 1843 neque
1618 1804 1679 1835 fuit
1701 1803 1757 1834 iila
1776 1802 1851 1834 fidei
1868 1803 1936 1834 eius
1953 1801 2116 1842 perfectio,

1146 1857 1250 1887 neque
1283 1852 1360 1879 tunc
1388 1847 1527 1887 primum
1556 1845 1694 1878 formam
1725 1845 1840 1877 induit.
1886 1844 1978 1876 Nihil
2007 1844 2116 1884 itaque

1145 1889 1233 1921 aliud
1257 1890 1408 1931 intelligit
1431 1890 1577 1926 Iacobus,
1601 1899 1698 1929 quam
1715 1889 1783 1920 eius
1800 1889 2021 1929 integritatem
2037 1886 2115 1918 inde

1145 1933 1328 1965 constitisse
1360 1933 1442 1974 quod
1465 1932 1666 1973 praeclarum
1690 1932 1781 1963 illum
1805 1931 2005 1963 obedientiae
2030 1929 2114 1961 fruc-

1146 1982 1215 2007 tum
1239 1976 1350 2008 edidit.

1230 2019 1281 2050 23.
1307 2017 1440 2057 Impleta
1460 2017 1522 2057 fuit
1544 2018 1711 2057 scriptura.
1758 2017 1824 2056 Qui
1847 2027 1944 2057 opera
1962 2015 2116 2048 Abrahae

1145 2062 1178 2093 in
1202 2062 1356 2093 iustitiam
1387 2061 1482 2092 fuisse
1513 2061 1674 2100 imputata
1696 2060 1804 2092 Iacobi
1836 2060 2021 2092 testimonio
2045 2070 2117 2099 pro—

1147 2105 1222 2136 bare
1239 2105 1362 2142 volunt,
1386 2103 1578 2143 scripturam
1601 2103 1641 2134 ab
1664 2114 1701 2135 eo
1725 2103 1808 2134 male
1832 2103 1974 2143 torqueri
1994 2103 2116 2134 fatean-

1146 2153 1200 2178 tur
1230 2157 1360 2179 necesse
1383 2151 1440 2178 est.
1487 2146 1571 2178 Nam
1595 2156 1785 2186 quocunque
1808 2157 1842 2177 00
1866 2150 2006 2182 vertant,
2036 2156 2118 2176 nun·

1146 2200 1240 2230 quam
1257 2190 1400 2221 efficient
1416 2191 1452 2220 ut
1468 2189 1555 2229 prior
1571 2190 1613 2220 sit
1629 2189 1762 2221 effectus
1778 2199 1836 2220 sua
1851 2199 1958 2220 causa.
1989 2188 2117 2220 Citatur

1146 2233 1235 2265 locus
1270 2233 1372 2264 Mosis
1405 2242 1445 2263 ex
1480 2231 1645 2264 Geneseos
1678 2242 1748 2272 cap.
1774 2231 1829 2270 15,
1859 2232 1888 2262 6.
1940 2230 2118 2270 Imputatio

1146 2276 1299 2313 iustitiae,
1333 2275 1423 2307 cuius
1452 2275 1561 2306 Moses
1590 2275 1656 2306 illic
1686 2276 1846 2315 meminit,
1875 2274 1949 2314 plus
1980 2273 2118 2314 triginta

1147 2319 1243 2350 annis
1272 2318 1446 2358 praecessit
1476 2327 1556 2358 opus
1585 2318 1666 2349 illud
1690 2328 1751 2358 quo
1773 2316 1941 2349 Abraham
1965 2316 2119 2347 iustifica-

1147 2367 1216 2393 tum
1251 2371 1320 2393 esse
1356 2360 1478 2391 volunt.
1535 2360 1633 2392 Certe
1671 2370 1770 2401 quum
1805 2360 1899 2391 annis
1932 2359 2117 2398 quindecim

1147 2410 1223 2436 ante
1247 2409 1357 2435 natum
1382 2403 1473 2435 Isaac
1503 2402 1582 2435 fides
1609 2404 1769 2443 imputata
1801 2408 1886 2434 esset
1908 2401 2060 2433 Abrahae
2084 2402 2118 2432 in

1147 2447 1316 2483 iustitiam,
1352 2457 1416 2476 non
1443 2447 1547 2486 potuit
1578 2446 1637 2477 hoc
1668 2446 1737 2476 fieri
1772 2455 1828 2485 per
1856 2445 1941 2476 illius
1971 2444 2118 2476 immola—

1146 2490 1277 2521 tionem.
1325 2488 1413 2520 Nodo
1443 2489 1602 2520 insolubili
1631 2488 1806 2520 constrictos
1833 2490 1915 2519 teneo
1944 2487 2118 2527 quicunque

1146 2533 1299 2564 iustitiam
1314 2531 1462 2563 Abrahae
1484 2541 1588 2563 coram
1603 2531 1670 2563 Deo
1693 2532 1879 2571 imputatam
1898 2530 2021 2571 finyunt
2043 2531 2119 2570 quia

1146 2575 1315 2606 immolavit
1335 2575 1439 2614 filium
1455 2574 1560 2614 Isaac,
1585 2574 1640 2613 qui
1661 2573 1799 2604 nondum
1821 2576 1914 2605 natus
1936 2576 2002 2605 erat
2023 2583 2119 2613 quum

1145 2618 1279 2657 spiritus
1308 2620 1432 2649 sanetus
1454 2617 1641 2656 pronuntiat
1670 2617 1788 2648 iustum
1817 2617 1918 2656 fuisse
1943 2616 2117 2647 Abraham.

1148 2661 1258 2701 Itaque
1290 2661 1463 2692 necessario
1496 2662 1588 2691 restat
1617 2661 1650 2691 ut
1677 2659 1800 2699 aliquid
1826 2659 1983 2698 posterius
2016 2658 2120 2690 notari

1865 2718 1914 2743 26*
