2513 3126
269 210 327 241 119

268 317 331 337 ιιοιι
368 317 435 338 esso
467 305 585 344 absquo
620 306 724 334 morte
756 301 961 334 sacrificium.

267 349 351 397 quod
379 349 425 380 sic
450 349 621 387 loquantur
645 345 764 377 vetusti
788 344 970 392 scriptores.
1017 344 1130 384 Neque
1153 345 1239 377 enim

268 399 317 423 ost
334 392 365 422 in
381 391 546 422 hominum
560 387 703 426 arbitrio,
720 386 920 420 cuiusmodi
913 387 989 427 ipsis
1002 386 1131 418 libuerit
1143 388 1238 420 sacri-

269 435 340 466 ticia
357 435 487 473 tingere.
510 431 585 463 Stat
600 430 663 463 hoc
677 431 810 479 spiritus
826 431 930 461 sancti
947 429 1084 467 axioma,
1102 440 1167 462 nou
1183 441 1238 462 ex-

268 478 346 517 piari
371 475 526 506 sacrificio
542 478 675 514 peccata
691 473 768 514 quin
785 472 917 520 sanguis
935 471 1097 504 fundatur.
1129 472 1239 512 Quare

269 519 460 550 diabolicum
477 522 526 548 ost
543 522 771 552 commentum.
789 515 918 555 saepius
934 514 1103 548 Christum
1120 516 1238 548 offerri.

355 560 445 592 Nunc
478 562 581 592 atatem
616 560 648 590 in
681 558 948 590 conmmnnatione.
1002 557 1237 590 Perfeotionem

266 603 469 635 sacculorum
493 606 595 638 vocat.
620 612 700 642 quae
721 601 761 632 ad
783 601 920 633 Galatas
943 610 1012 640 cap.
1028 600 1058 638 4,
1078 600 1108 638 4,
1132 600 1239 633 Pleni-

267 647 343 678 tudo
378 646 505 678 dicitur.
562 646 639 676 Fuit
673 644 759 675 enim
794 644 856 676 ista
889 643 1048 684 quaedam
1083 644 1239 685 temporis

265 689 436 720 maturitas
461 699 555 728 quam
573 688 662 719 Dcus
687 691 818 719 aeterno
840 696 899 718 suo
923 686 1052 719 decreto
1069 690 1237 719 statuerat.

266 735 374 781 Atque
399 731 458 763 huc
482 731 577 762 modo
602 741 678 761 ansa
703 728 902 769 praeciditur
921 729 1088 761 hominum
1107 729 1236 762 curiosi-

266 777 335 813 tati,
365 785 404 806 nc
435 775 596 814 inquirere
627 772 768 804 amicant
796 782 855 805 cur
877 782 941 804 non
964 771 1070 810 eitius,
1102 781 1161 804 cur
1184 772 1237 804 illa

266 819 376 859 potius
408 823 519 848 ιιι.οιιιι
571 816 636 847 Nos
667 815 752 846 enim
780 824 899 848 arcano
931 815 992 847 Dei
1022 814 1154 847 consilio
1185 825 1236 847 ac·

266 862 428 908 quiescere
458 860 562 891 dccet:
595 859 686 890 cuius
716 858 798 890 ratio
825 859 953 890 tametsi
985 857 1078 889 nobis
1101 867 1164 890 non
1188 864 1237 890 est

266 904 442 944 perspicua
467 902 513 932 illi
536 907 642 932 tamon
667 905 803 932 constat.
849 900 886 931 In
910 910 1048 938 summa,
1076 901 1236 941 significat

266 946 426 987 apostolus
450 945 675 983 tempestivam
701 944 799 975 tuisse
817 943 940 975 Christi
965 947 1112 982 mortem,
1137 953 1234 983 quum

267 1001 283 1021 -ι
308 996 396 1029 patro
421 987 479 1019 hac
504 988 542 1019 do
565 997 662 1018 causa
686 987 803 1019 missus
819 986 904 1018 fuit'
897 998 929 1018 ιιι
947 985 1115 1025 mundum,
1139 997 1235 1027 penes

265 1042 358 1072 quem
383 1031 536 1071 legitima
560 1037 593 1061 ut
618 1040 727 1061 rernm
752 1029 907 1067 omnium¹
933 1030 977 1060 ita
999 1033 1032 1061 et
1053 1033 1234 1078 temporum

264 1074 454 1115 gubernatio
485 1078 549 1104 est:
585 1083 684 1113 quum
715 1082 824 1104 eorum
856 1073 974 1104 seriem
1005 1082 1143 1111 summa,
1174 1073 1234 1104 etsi

265 1118 355 1149 nobis
378 1126 473 1156 saepe
491 1116 686 1152 abscondita,
711 1115 871 1155 sapient-ia
887 1115 1024 1147 ordinet.
1063 1115 1235 1147 Praeterea

264 1161 343 1192 haec
376 1160 611 1191 consummatio
644 1159 784 1190 anteacti
814 1158 968 1198 temporis
1000 1158 1233 1198 imperfectioni
1260 1194 1261 1200 ἵ

1259 1206 1261 1227 ι’
1287 1203 1341 1233 scd
1373 1201 1525 1242 intelligit
1555 1202 1756 1243 simpliciter,
1786 1202 1868 1239 aliis,
1899 1212 1962 1233 non
1994 1201 2054 1232 sibi
2086 1211 2155 1232 esse
2179 1210 2263 1232 mor-

265 1203 445 1243 opponitur.
485 1202 540 1234 Sic
564 1202 650 1232 enim
674 1211 866 1241 suspensum
893 1201 998 1232 tenuit
1021 1200 1112 1233 Deus
1135 1211 1233 1242 popu-

264 1247 331 1277 lum
356 1251 507 1283 veterem,
536 1250 572 1276 ut
602 1245 692 1276 facile
722 1244 856 1275 iudicari
880 1247 998 1284 posset,
1030 1243 1170 1276 nondum
1194 1244 1233 1275 ad

264 1290 361 1320 tixam
392 1288 611 1320 conditionem
644 1292 778 1318 ventum
810 1298 887 1318 esse.
944 1287 1019 1318 Ideo
1049 1286 1165 1327 prioris
1194 1286 1234 1318 ad

263 1331 450 1363 Corinthios
474 1341 543 1370 cap.
570 1331 617 1368 10,
651 1331 697 1367 11,
727 1330 848 1361 Paulus
872 1330 953 1361 fines
975 1329 1177 1361 saeculorum
1201 1331 1232 1361 ιιι

264 1385 322 1406 nos
345 1374 495 1405 incidisse
520 1374 625 1404 tradit.
666 1372 739 1412 Quo
761 1373 932 1414 significat,
955 1382 1093 1414 regnum
1109 1373 1231 1405 Christi

262 1417 412 1448 omnibus
445 1417 542 1448 rebus
570 1416 841 1457 complementum
871 1415 1028 1447 attulisse.

263 1460 341 1491 haec
366 1460 425 1491 fuit
448 1466 631 1499 temporum
656 1458 821 1498 plenitudo
844 1469 942 1499 quum
965 1458 1005 1490 ad
1030 1463 1158 1498 peccata
1179 1469 1232 1490 ex-

264 1503 381 1542 pianda
421 1503 569 1542 apparuit
607 1502 776 1538 Christus,
818 1506 958 1534 atrocem
998 1501 1044 1533 illi
1080 1501 1232 1533 iniuriam

264 1546 385 1577 faciunt
409 1546 462 1585 qui
482 1545 597 1576 volunt
620 1546 771 1576 renovari
795 1545 1000 1583 sacrificium,
1024 1555 1061 1576 ac
1083 1545 1108 1576 si
1129 1547 1233 1576 morte

263 1590 330 1620 eius
362 1588 505 1619 nondum
535 1588 694 1628 completa.
724 1593 832 1619 essent
862 1588 979 1620 omnia.

262 1632 431 1671 apparuit:
464 1631 539 1671 quia
569 1631 595 1662 si
628 1631 720 1662 fieret
750 1631 868 1662 iterum
894 1631 945 1662 vel
975 1631 1080 1668 tertio,
1112 1630 1232 1670 aliquid

262 1675 302 1705 ad
326 1675 464 1715 primam
490 1673 685 1705 oblationem
709 1673 835 1705 deesset
859 1673 942 1714 quod
966 1673 1160 1714 plenitudini
1182 1684 1231 1705 re-

261 1722 395 1758 pugnat.

349 1762 389 1791 In
418 1760 666 1792 destructionem.

263 1804 414 1835 vaticinio
432 1802 473 1843 (9,
492 1804 554 1845 14),
576 1814 638 1844 qno
661 1809 830 1844 postquam
855 1803 1036 1845 obsignatio
1054 1807 1088 1835 et
1102 1802 1233 1835 abolitio

262 1847 419 1878 scelerum
458 1848 616 1886 promissa.
653 1850 716 1883 est,
754 1847 830 1878 finis
867 1845 1035 1878 sacrificiis
1070 1845 1232 1878 indicitur.

262 1889 427 1928 Quorsum
452 1891 537 1921 enim
561 1890 686 1930 piacula
705 1889 881 1921 destructis
896 1888 1093 1922 sceleribus?
1131 1887 1233 1920 Porro

263 1932 438 1964 destructio
468 1933 548 1964 haec
578 1933 612 1964 in
640 1944 676 1964 eo
699 1932 858 1971 consistit,
889 1931 974 1973 qnod
997 1931 1062 1963 iam
1085 1941 1152 1963 non
1173 1931 1233 1962 im-

262 1979 419 2015 putantur
442 1980 573 2015 peccata
594 1976 642 2012 iis,
668 1976 723 2015 qui
747 1975 786 2007 ad
800 1974 924 2007 Christi
946 1974 1140 2007 sacrificium
1163 1984 1234 2006 con—

263 2018 400 2057 ι’.ιιξ;ιιιιιῐ
445 2017 529 2048 Nam
562 2019 711 2057 quamvis
735 2018 876 2059 petenda
898 2018 941 2050 sit
964 2017 1107 2058 quotidie
1130 2017 1233 2054 venia,

265 2067 299 2091 ut
347 2059 467 2091 uotidie
490 2060 571 2091 iram
596 2060 657 2092 Dei
704 2071 908 2092 rovocamus:
960 2060 1014 2092 uia
1036 2064 1145 2092 tamen
1169 2070 1234 2091 non
1260 2074 1261 2089 ι

326 2070 344 2099 q
682 2072 701 2101 p
939 2071 958 2101 q
1260 2095 1262 2133 Ϊ
1289 2107 1409 2142 cernat,
1433 2101 1550 2142 quibus
1573 2100 1787 2133 formidabilis
1805 2106 1854 2133 est
1870 2102 1939 2134 eius
1955 2101 2092 2133 mentio.
2115 2100 2171 2132 sed
2187 2100 2263 2140 quia

264 2102 327 2133 alio
351 2112 447 2142 quam
471 2103 584 2134 unicae
607 2103 731 2134 Christi
755 2104 867 2134 mortis
891 2103 1027 2144 pignore
1050 2103 1234 2135 reconcilia-

264 2156 337 2176 mur
361 2145 440 2181 Deo,
472 2145 586 2176 merito
617 2146 733 2177 dicitur
763 2156 819 2186 per
846 2155 916 2177 eam
941 2146 1142 2178 destructum
1165 2155 1234 2177 esse

264 2193 441 2228 peccatum.

349 2230 399 2262 27.
429 2230 585 2270 Quatenus
600 2231 796 2262 constitutum
812 2233 866 2262 est.
900 2230 1025 2263 Sensus
1042 2236 1105 2264 est:
1125 2231 1234 2270 Quum

264 2273 424 2313 patienter
446 2283 465 2304 a
487 2280 590 2305 morte
614 2273 755 2305 hominis
773 2278 999 2314 exspectemus
1014 2274 1123 2306 iudicii
1139 2274 1235 2312 diem,

264 2316 339 2356 quia
370 2316 448 2348 haec
478 2316 661 2348 communis
689 2316 731 2348 sit
761 2317 814 2348 lex
846 2321 981 2348 naturae
1007 2317 1058 2349 eui
1081 2316 1235 2348 reluctari
1261 2323 1262 2326 ’

553 2370 610 2391 cur
643 2360 751 2391 minus
785 2364 869 2391 esset
903 2359 1077 2400 patientiae
1109 2360 1144 2390 iu
1178 2369 1234 2390 ex·
1261 2362 1262 2391 1

1023 2402 1108 2434 Nam
1143 2402 1169 2433 si
1202 2402 1263 2432 in¹.

264 2361 312 2390 fas
349 2369 415 2390 non
449 2364 513 2392 est:

264 2402 438 2442 spectando
472 2402 613 2434 secundo
645 2402 769 2433 Christi
803 2402 970 2434 adventu?

264 2444 432 2476 hominum
453 2445 560 2486 vulgo,
585 2445 697 2476 beatae
720 2445 966 2477 resurrectionis
988 2445 1058 2486 spei
1079 2443 1159 2476 nihil
1182 2443 1235 2475 de-

264 2491 357 2527 rogat
386 2488 519 2529 longum
549 2489 703 2528 temporis
734 2487 961 2519 intervallum:
993 2497 1091 2528 quam
1123 2486 1235 2518 absur—

265 2530 342 2561 dum
370 2536 454 2562 esset
482 2531 591 2562 minus
623 2531 754 2562 honoris
782 2531 899 2562 deferri
922 2529 1077 2562 Christo?
1123 2530 1236 2561 Minus

265 2575 375 2604 autem
409 2573 598 2611 deferemus,
633 2575 659 2605 si
694 2584 766 2605 eum
800 2583 953 2606 vocemus
986 2572 1027 2605 ad
1061 2572 1262 2604 secundam.

265 2618 419 2653 mortem,
452 2626 549 2656 quum
583 2626 649 2648 una
682 2616 715 2648 in
750 2621 943 2657 perpetuum
977 2615 1150 2647 defunctus
1183 2615 1234 2647 sit.

265 2658 302 2690 Si
326 2658 397 2699 quis
415 2658 552 2697 obiiciat,
575 2659 623 2690 bis
642 2659 797 2699 quosdam
816 2669 886 2691 esse
905 2663 1060 2696 mortuos,
1083 2663 1120 2689 ut
1136 2658 1237 2690 Laza-

1224 1427 1233 1446 1
1259 1434 1261 1440 .

1081 1414 1176 1455 qued
1206 1427 1221 1448 Β
1260 1464 1261 1470 ’
1287 1460 1427 1499 pressius
1450 1459 1602 1499 quiddam
1626 1459 1711 1500 (meo
1734 1459 1865 1499 indicio)
1885 1459 1990 1490 dicere
2008 1459 2123 1490 voluit:
2148 1468 2264 1498 nempe

1026 1587 1136 1619 Semel
1157 1598 1233 1628 ergo
1258 1612 1260 1625 2

1258 1636 1260 1684 i
1286 1630 1428 1704 grifbunal
1460 1634 1593 1662 ventum
1622 1631 1727 1669 fuerit,
1758 1631 1935 1662 sentiemus
1966 1629 2048 1660 nihil
2076 1630 2143 1661 eius
2167 1629 2262 1660 morti

1309 1684 1324 1705 e
1341 1683 1432 1705 uisse.

711 1760 871 1802 Congruit
901 1760 962 1792 hoc
988 1769 1062 1792 cum
1086 1759 1234 1792 Danielis
1259 1769 1260 1774 ¹

1016 206 1156 238 EPIS'P.
1183 206 1244 238 AD
1271 206 1518 238 HEBRAEOS

2204 208 2264 240 120

1015 301 1103 333 Nihil
1134 312 1240 334 moror
1264 326 1267 342 4
1294 314 1365 335 rum
1389 308 1420 335 et
1442 303 1580 335 similes:
1609 304 1759 344 expedita
1782 307 1832 336 est
1854 304 1979 343 solutio,
2003 303 2185 344 apostolum
2212 305 2263 337 hic

1293 346 1333 378 de
1367 346 1529 378 ordinaria
1559 345 1727 379 hominum
1757 347 1941 379 conditione
1968 346 2148 387 disputare,
2184 348 2262 387 quin

1266 415 1267 427 ,
1292 389 1390 421 etiam
1421 389 1460 419 ab
1485 388 1545 420 hoc
1567 388 1680 421 ordine
1703 390 1891 422 eximuntur
1915 399 1994 430 quos
2017 389 2124 421 subita
2146 390 2263 421 immu-

1294 431 1372 463 tatio
1395 432 1601 471 corruptione
1619 437 1731 464 exuet:
1756 433 1830 473 quia
1851 443 1915 464 non
1934 431 2181 473 comprehendit.
2200 433 2263 464 nisi

1265 488 1267 506 ε
1292 484 1345 505 eos
1369 475 1423 514 qui
1449 474 1503 505 diu
1524 475 1556 505 in
1577 474 1709 514 pulvere
1727 485 1898 516 corporum
1919 485 2051 507 suorum
2072 474 2264 514 redemptio-

1293 527 1366 548 nem
1391 521 1587 556 exspectant.

1378 559 1515 592 Secundo
1546 559 1658 600 absque
1681 564 1814 600 peccato.
1868 561 1938 592 Hoc
1969 570 2068 592 unum
2103 560 2265 600 apostolus

1293 607 1397 643 urget,
1421 612 1487 634 non
1511 601 1627 634 debere
1650 613 1708 635 nos
1731 604 1903 644 inquietari
1924 603 2074 635 inanibus
2092 603 2264 643 pravisque

1292 655 1450 676 novarum
1484 644 1708 685 expiationum
1749 647 1931 687 desideriis,
1965 647 2040 686 quia
2072 656 2138 677 una
2179 656 2266 677 mors

1292 688 1414 719 Christi
1449 687 1540 720 nobis
1574 687 1703 721 abunde
1733 690 1879 721 sufficiat.
1932 689 2005 720 Ideo
2040 689 2131 726 dicit,
2166 688 2265 719 semel

1291 731 1479 770 apparuisse
1507 740 1581 763 cum
1610 732 1766 763 sacrificio
1796 731 1836 763 ad
1867 732 2003 763 delenda
2034 736 2178 771 peccata:
2215 742 2264 762 se-

1290 774 1394 805 cundo
1418 773 1562 806 adventu
1584 774 1689 815 palam
1714 774 1874 806 facturum
1898 775 1974 815 quid
1996 774 2156 806 efficaciae
2180 783 2266 805 mors

1289 826 1348 847 sua
1378 816 1542 857 habuerit,
1575 821 1612 848 ut
1642 817 1781 858 amplius
1816 828 1879 849 non
1912 819 1954 849 sit
1988 822 2116 857 peceato
2147 817 2193 849 vis·
2225 817 2265 848 ad

1290 859 1479 891 nocendum.
1535 858 1711 891 Auferre
1749 864 1921 900 peccata
1954 865 2003 891 est
2037 859 2172 891 liberare
2207 869 2266 890 sua

1289 902 1504 933 satisfactione
1534 912 1553 933 a
1583 908 1675 934 reatu
1707 913 1761 934 eos
1791 903 1845 943 qui
1877 907 2060 943 peccarunt.
2106 902 2265 933 Multos

1290 944 1373 981 dicit,
1399 955 1455 985 pro
1479 945 1644 977 omnibus:
1667 945 1762 977 sicuti
1786 945 1824 976 ad
1844 946 2009 977 Romanos
2032 946 2135 985 eapite
2158 946 2187 985 Ξ),
2214 945 2263 976 15.

1289 987 1422 1019 Certum
1454 986 1582 1028 quidem
1613 992 1676 1025 est,
1709 998 1773 1019 non
1802 998 1915 1019 omnes
1943 998 1985 1019 ex
2008 988 2132 1020 Christi
2160 994 2265 1019 morte

1288 1029 1427 1062 fructum
1458 1030 1639 1071 percipere:
1674 1031 1729 1062 sed
1760 1030 1821 1062 hoc
1850 1031 1921 1062 ideo
1949 1032 2001 1068 fit,
2033 1031 2107 1071 quia
2131 1041 2183 1062 eos
2208 1031 2264 1061 im-

1289 1074 1376 1113 pedit
1408 1084 1466 1104 sua
1493 1073 1714 1105 incredulitas.
1768 1073 1975 1113 Quamquam
2007 1073 2059 1104 hic
2094 1073 2133 1104 de
2165 1074 2265 1104 nihilo

1288 1117 1464 1157 agitaretur
1484 1115 1540 1147 illa
1562 1117 1719 1157 quaestio.
1755 1116 1842 1156 Quia
1861 1126 1924 1147 non
1942 1116 2086 1156 disputat
2102 1116 2263 1155 apostolus

1287 1169 1381 1198 quam
1409 1159 1528 1199 paucis,
1560 1159 1610 1191 vel
1634 1169 1728 1199 quam
1753 1159 1865 1190 multis
1889 1159 1988 1199 prosit
2012 1169 2099 1190 mors
2123 1158 2263 1190 Christi':

2111 1243 2187 1284 quid
2217 1248 2264 1276 est

1288 1250 1389 1275 tuum.
1434 1244 1549 1284 Itaque
1579 1245 1697 1277 multos
1728 1246 1783 1276 uni
1819 1245 1960 1285 opponit.
2014 1243 2079 1276 Sed
2122 1286 2152 1326 Q
2179 1286 2207 1317 'd

2156 1297 2185 1317 ui
2212 1297 2263 1317 am

1287 1288 1368 1328 quod
1407 1287 1477 1319 sine
1514 1292 1645 1328 peccato
1683 1288 1906 1328 appariturum
1945 1286 2066 1317 tradit?

1260 1362 1261 1366 ,
1287 1330 1448 1370 piaculum
1483 1334 1541 1362 aut
1571 1331 1736 1363 victimam
1772 1331 1891 1371 peccati
1926 1330 2136 1370 expiatricem
2168 1339 2262 1369 expo-

1288 1379 1378 1412 nunt,
1400 1373 1496 1404 sicuti
1518 1373 1558 1405 ad
1582 1373 1749 1406 Romanos
1772 1383 1838 1413 cap.
1857 1374 1884 1409 8,
1909 1373 1937 1409 3,
1963 1378 1994 1404 et
2010 1373 2038 1404 2.
2057 1373 2096 1403 ad
2114 1372 2262 1404 Corinth.

1287 1426 1352 1456 cap.
1377 1416 1406 1454 5,
1430 1416 1482 1456 21,
1513 1427 1550 1448 ac
1573 1416 1721 1456 pluribus
1744 1416 1822 1448 locis
1846 1416 1930 1456 apud
1955 1415 2096 1447 Mosem:
2127 1415 2182 1446 sed
2207 1425 2263 1446 ex-

1286 1502 1468 1540 Christum,
1501 1512 1601 1543 quum
1631 1503 1755 1540 veniet,
1790 1502 2026 1542 patefacturum
2060 1511 2157 1540 quam
2190 1510 2262 1531 vere

1287 1544 1453 1576 abstulerit
1477 1549 1616 1585 peccata,
1640 1549 1675 1576 ut
1700 1556 1764 1576 non
1788 1544 1852 1576 alio
1876 1545 1917 1575 ad
1941 1543 2133 1584 placandum
2158 1543 2263 1574 Deum

1287 1588 1443 1619 sacrificio
1466 1587 1531 1619 iam
1554 1597 1634 1627 opus
1653 1588 1703 1618 sit.
1738 1590 1787 1619 Ac
1806 1588 1833 1619 si
1852 1586 1987 1618 diceret:
2013 1587 2066 1618 ubi
2083 1586 2122 1617 ad
2140 1585 2264 1618 Christi

1485 1673 1557 1712 Quo
1592 1673 1687 1704 etiam
1717 1674 1857 1713 pertinet
1891 1672 1973 1713 quod
2008 1673 2161 1704 continuo
2191 1677 2263 1712 post

1286 1715 1404 1755 adiicit,
1433 1715 1474 1747 in
1504 1716 1680 1747 salutem
1710 1717 1762 1747 iis
1793 1716 1862 1757 qui
1891 1726 1979 1747 eum
2002 1720 2264 1755 exspectant.

1286 1759 1352 1790 Alii
1384 1769 1475 1791 secus
1505 1764 1696 1799 contexunt,
1733 1759 1794 1790 hoc
1820 1759 1941 1791 scilicet
1972 1758 2080 1797 modo,
2111 1758 2264 1798 quicum

1286 1806 1474 1842 exspectant
1496 1802 1531 1833 in
1553 1801 1701 1834 salutem.
1741 1801 1807 1833 Sed
1829 1801 1910 1833 alter
1933 1801 1988 1832 ille
2006 1811 2120 1833 sensus
2144 1801 2264 1840 aptior:

1260 1845 1448 1885 'significat
1483 1844 1570 1876 enim
1607 1855 1662 1877 eos
1700 1845 1828 1886 plenam
1866 1844 2004 1876 salutem
2039 1854 2190 1875 sensuros
2224 1854 2266 1875 ex

1286 1887 1409 1919 Christi
1438 1891 1543 1919 morte
1565 1887 1619 1928 qui
1642 1887 1828 1928 tranquillis
1851 1887 1967 1919 animis
1990 1888 2023 1918 in
2047 1896 2119 1918 eam
2143 1896 2266 1918 recum-

1287 1931 1373 1962 bunt.
1433 1929 1514 1962 Nam
1552 1932 1750 1971 exspectatio
1788 1930 1868 1962 haec
1905 1931 1945 1962 ad
1983 1930 2264 1962 circumstantiam

1260 1976 1261 2010 J
1288 1973 1465 2014 praesentis
1487 1982 1602 2005 causae
1622 1972 1770 2005 refertur.
1805 1973 1877 2005 Hoc
1896 1973 2049 2013 quidem'
2042 1983 2074 2003 in
2091 1982 2263 2004 commune

1260 2014 1261 2049 Ῐ
1287 2015 1434 2048 fidelibus
1456 2015 1533 2048 alibi
1556 2015 1668 2047 tribuit
1687 2016 1849 2057 scriptura
1865 2015 1909 2057 (1.
1925 2016 2021 2048 Thes.
2039 2016 2067 2055 1,
2093 2015 2156 2057 10),
2179 2014 2264 2056 quod

1289 2060 1466 2090 adventum
1489 2058 1622 2090 Domini
1645 2064 1845 2099 exspectent,
1874 2064 1910 2091 ut
1931 2069 1983 2091 eos
2006 2058 2046 2089 ab
2069 2059 2176 2099 impiis
2199 2057 2263 2089 dis-

1288 2155 1376 2176 nunc
1407 2144 1571 2185 apostolus
1603 2144 1767 2176 contendit
1802 2144 1916 2176 debere
1946 2154 2005 2176 nos
2035 2144 2199 2184 quiescere
2228 2143 2263 2174 in

1261 2209 1263 2219 ι
1288 2188 1382 2219 unico
1398 2187 1522 2220 Christi
1540 2187 1706 2225 sacrificio,
1729 2188 2003 2228 exspectationem
2020 2185 2144 2218 Christi
2160 2190 2263 2222 vocat,

1289 2240 1388 2270 quum
1411 2231 1509 2262 unica
1529 2229 1586 2261 illa
1604 2230 1825 2270 redemptione
1843 2230 1995 2267 contenti,
2020 2239 2104 2260 nova
2120 2228 2263 2260 remedia

1290 2274 1339 2305 vel
1364 2273 1507 2305 subsidia
1529 2283 1594 2305 non
1617 2274 1809 2313 appetimus.

1669 2401 1832 2440 >APUT
1854 2404 1899 2440 X.

1374 2487 1401 2518 1.
1434 2486 1581 2519 Umbram
1602 2486 1682 2518 euim
1700 2485 1814 2517 habeus
1836 2485 1885 2516 lex
1906 2485 2086 2525 futurorum
2107 2485 2264 2524 bonorum,

1288 2539 1348 2561 non
1374 2531 1479 2570 ipsam
1507 2530 1611 2562 vivam
1636 2529 1804 2569 imayinem
1836 2537 1955 2568 rerum,
1989 2527 2153 2567 sacrificiis
2184 2537 2263 2567 quae

1288 2573 1453 2612 quotannis
1471 2573 1576 2605 eadem
1590 2572 1775 2604 continenter
1791 2571 1970 2611 offeruntur,
1992 2580 2155 2610 nunquam
2163 2572 2263 2610 potest

1288 2625 1337 2647 eos
1359 2616 1414 2656 qui
1435 2615 1588 2654 accedunt,
1611 2614 1766 2654 perficere.
1813 2613 1844 2645 2.
1867 2613 1999 2654 Alioqui
2025 2623 2128 2645 annon
2149 2613 2261 2645 desiis—

1288 2661 1352 2690 sent
1373 2658 1504 2698 offerri?
1522 2660 1684 2699 propterea
1707 2657 1786 2697 quod
1808 2657 1929 2688 mulam
1953 2656 2090 2695 amplius
2111 2656 2264 2688 conscien-
