2513 3126
290 206 333 238 99
1040 202 1181 234 EPIST.
1205 203 1268 234 AD
1291 202 1541 235 HEBRAEOS

297 316 368 338 sum
394 305 500 336 fuerat
531 305 561 335 in
591 307 708 338 monte,
742 300 967 342 respondeant.
1014 299 1107 339 Quod
1142 300 1169 331 si
1204 299 1266 330 alio

299 349 437 380 refertur
461 348 560 378 forma
585 345 793 381 tabernaculi,
817 344 928 375 eadem
946 348 994 374 est
1018 343 1138 373 rituum
1163 347 1195 373 et
1218 346 1265 373 to-

298 392 364 422 tius
386 389 554 422 sacerdotii
587 389 678 419 ratio.
725 387 819 419 Unde
849 386 1003 426 sequitur,
1036 385 1115 416 nihil
1149 385 1267 416 inillis

298 445 367 466 esse
390 432 490 464 solidi.
527 431 669 471 Insignis
692 437 741 462 est
763 430 813 461 hic
837 429 933 465 locus,
958 429 1033 468 quia
1057 435 1121 459 tres
1140 431 1267 459 senten-

299 477 360 508 tiae
381 476 552 506 observatu
577 473 692 515 dignas
715 474 869 504 continet.
914 471 994 502 Inde
1017 471 1103 502 enim
1129 470 1267 510 primum

299 519 459 557 discimus,
495 524 621 548 veteres
645 517 726 548 ritus
750 527 812 547 uon
838 519 958 546 temere
986 514 1083 545 fuisse
1106 514 1267 550 confictos,

299 569 334 592 ut
357 561 391 591 in
415 559 479 592 illis
500 559 591 591 Deus
615 559 769 600 populum
801 568 896 589 suum
922 557 1013 597 quasi
1036 557 1070 587 in
1093 555 1167 587 lusu
1190 566 1268 597 pue-

299 604 350 635 rili
375 607 561 643 occuparet:
587 613 647 633 nec
671 603 800 633 inanem
826 601 924 632 fuisse
945 598 1142 630 tabernaculi
1166 606 1268 630 struc-

299 652 405 677 turam
430 657 510 686 quae
540 652 666 676 tantum
692 650 828 675 externo
851 643 1021 684 splendore
1052 642 1268 682 spectantium

298 689 442 720 alliceret
466 689 572 720 oculos
594 698 630 719 ac
654 693 789 718 teneret.
824 685 912 718 Vera
935 686 1021 717 enim
1045 692 1077 716 et
1092 684 1269 725 spiritualis
1296 689 1297 697 ¹

1297 762 1298 766 Ἰ
1325 728 1421 759 fuisse
1444 732 1571 768 oportet
1598 738 1710 759 eorum
1742 730 1847 762 fidem.

301 775 398 806 fuerit
428 775 536 806 Moses
567 774 605 805 ad
641 774 781 813 primum
817 771 983 812 exemplar
1016 771 1098 811 quod
1134 770 1299 802 coelestea

300 732 360 764 fuit
383 732 527 763 omnium
549 731 753 771 significatio,
777 741 875 770 quum
894 729 1002 760 omnia
1019 728 1148 769 exigere
1165 737 1270 758 iussus

300 824 378 849 erat.
432 818 541 856 Quare
569 817 665 847 nimis
697 816 831 856 profana
856 818 906 847 est
929 824 1039 846 eorum
1070 814 1187 854 opinio,
1217 813 1271 852 qui

301 861 519 892 caeremonias
543 860 574 890 iu
600 858 659 890 hoc
682 866 809 890 tantum
830 858 1072 891 commendatas
1096 857 1195 887 fuisse
1220 865 1271 886 vo-

301 904 383 942 lunt,
407 909 440 933 ut
463 908 571 933 esseut
595 903 686 942 quasi
710 902 888 934 retinacula
911 901 951 932 ad
978 899 1191 932 cohibendam
1215 909 1273 938 po-

302 947 369 987 puli
394 946 565 983 lasciviam,
596 956 636 975 ne
659 945 720 976 sibi
750 952 919 976 extraneos
950 944 1096 984 gentium
1119 942 1200 972 ritus
1223 951 1273 972 ac—

301 995 448 1020 cerseret.
488 987 559 1018 Hoc
582 987 711 1028 quidem
736 994 785 1019 est
808 987 968 1026 nonnihil,
991 986 1046 1017 sed
1071 995 1136 1015 non
1160 990 1272 1015 totum.

302 1032 384 1063 Nam
403 1031 486 1070 quod
512 1031 608 1071 longe
626 1031 727 1071 pluris
747 1034 796 1062 est
812 1032 979 1067 omittunt,
1003 1028 1158 1059 exercitia
1175 1027 1272 1058 fuisse

302 1075 342 1105 ad
373 1074 577 1105 retinendum
610 1075 641 1104 in
677 1073 739 1104 fide
770 1074 957 1105 mediatoris
988 1071 1153 1111 populum.
1199 1069 1272 1101 Non

301 1122 352 1148 est
374 1122 480 1148 tamen
506 1116 589 1157 quod
614 1116 667 1147 hic
691 1116 776 1148 ultra
800 1117 928 1148 modum
954 1116 1055 1147 simus
1078 1113 1206 1150 curiosi,
1237 1118 1274 1143 ut

301 1160 335 1191 in
361 1159 498 1200 singulis
526 1159 628 1191 clavis
660 1169 696 1190 ac
720 1160 878 1191 similibus
906 1157 1051 1190 minutiis
1081 1165 1274 1196 quaeramus

302 1202 440 1234 sublime
463 1202 592 1242 aliquod
623 1204 824 1243 mysterium,
855 1199 1126 1242 quemadmodum
1156 1198 1217 1230 hac
1239 1199 1272 1229 iu

303 1256 338 1277 re
361 1246 457 1276 anxie
481 1245 643 1276 laboravit
659 1245 853 1286 Hesychius,
878 1251 909 1276 et
933 1245 1016 1276 bona
1032 1252 1108 1282 pars
1125 1249 1272 1272 veterum

303 1289 507 1328 scriptorum.
542 1288 625 1319 Nam
651 1288 725 1318 dum
751 1294 866 1328 argute
890 1285 1113 1329 philosophari
1128 1285 1161 1315 in
1178 1285 1274 1315 rebus

303 1331 365 1363 sibi
399 1331 520 1372 ignotis
550 1331 672 1368 volunt,
703 1332 870 1371 pueriliter
898 1330 1148 1365 hallucinantur,
1179 1337 1274 1367 seque

304 1374 490 1414 ineptiendo
514 1374 635 1405 faciunt
658 1374 819 1405 ridiculos.
865 1373 974 1413 Quare
993 1371 1133 1404 tenenda
1152 1370 1203 1401 hic
1227 1375 1275 1401 est

305 1417 525 1448 mediocritas:
557 1415 642 1456 quod
666 1418 722 1448 fiet
745 1417 771 1448 si
795 1428 859 1448 non
884 1417 955 1458 plus
981 1423 1172 1456 appetamus
1193 1415 1275 1448 scire

306 1470 403 1500 quam
434 1460 519 1500 quod
549 1459 581 1491 in
607 1459 740 1491 Christo
770 1460 862 1491 nobis
893 1462 953 1493 tuit
983 1462 1171 1492 revelatum.
1217 1459 1276 1491 Se-

306 1503 412 1534 cundo
437 1503 488 1534 hic
512 1502 674 1540 docemur,
699 1513 868 1542 perversos
892 1515 961 1536 esse
985 1514 1095 1536 omnes
1118 1502 1222 1536 cultus
1245 1509 1277 1534 et

312 1545 525 1585 adulterinos,
553 1555 634 1586 quos
661 1545 723 1576 sibi
747 1547 875 1586 proprio
904 1548 1035 1589 ingenio
1062 1552 1095 1579 et
1114 1547 1194 1579 eitra
1215 1546 1277 1578 Dei

307 1588 497 1619 mandatum
528 1589 728 1620 comminisci
759 1588 907 1621 homines
937 1591 1140 1631 permittunt.
1192 1590 1275 1621 Nam

307 1641 406 1671 quum
438 1631 634 1671 praescribat
660 1631 753 1662 Deus
784 1638 820 1663 ut
849 1634 928 1665 fiant
959 1634 1067 1665 omnia
1101 1633 1275 1666 secundum

307 1684 399 1705 suan]
429 1674 584 1714 regulam,
615 1674 696 1705 nihil
726 1675 856 1715 penitus
886 1676 1029 1708 alienum
1059 1677 1163 1709 facere
1191 1675 1276 1707 licet.

305 1716 395 1748 Idem
419 1719 504 1748 enim
529 1717 637 1748 valent
660 1717 742 1748 istae
765 1717 847 1751 duae
870 1720 1084 1760 loquutiones,
1108 1718 1212 1751 Vide
1234 1724 1277 1750 ut
1302 1715 1304 1726 ²

304 1759 441 1791 facias
464 1761 601 1791 omnia
623 1762 846 1793 secundum
872 1769 1028 1804 typum,
1058 1767 1099 1801 et,
1128 1760 1213 1793 Vide
1236 1773 1276 1793 ne

306 1802 381 1843 quid
405 1810 533 1843 praeter
556 1808 670 1844 typum
694 1804 802 1836 facias.
840 1805 929 1847 Ergo
952 1805 1107 1837 traditam
1129 1815 1147 1836 a
1169 1815 1203 1836 se
1226 1815 1275 1836 re-

306 1845 417 1885 gulam
449 1846 603 1886 urgendo.
639 1847 789 1887 prohibet
821 1859 862 1879 ne
885 1850 925 1880 ab
955 1859 993 1880 ea
1022 1848 1076 1879 vel
1105 1847 1274 1879 minimum

306 1887 516 1920 declinemus.
568 1889 641 1920 Hac
670 1891 794 1922 ratione
824 1892 998 1924 concidunt
1028 1891 1135 1922 cultus
1165 1901 1275 1922 omnes

307 1930 348 1962 ab
377 1931 562 1963 hominibus
591 1933 729 1973 proditi:
763 1934 841 1965 item
871 1945 952 1975 quae
983 1941 1140 1966 vocantur
1169 1943 1274 1965 sacra·

306 1980 424 2012 menta,
452 1980 484 2005 et
507 1980 614 2006 tamen
639 1986 658 2006 a
681 1976 751 2007 Deo
781 1978 924 2017 profecta
947 1988 1010 2008 nou
1035 1980 1119 2008 suut.
1164 1976 1274 2007 Tertio

306 2015 383 2047 hinc
404 2017 591 2048 discendum
615 2024 673 2055 est,
698 2019 787 2050 nulla
810 2030 880 2052 esse
901 2031 978 2052 vera
1001 2019 1164 2061 religionis
1186 2030 1273 2060 sym-

306 2058 379 2090 bola
401 2060 464 2090 nisi
487 2070 570 2100 quae
593 2060 632 2092 ad
656 2060 827 2094 Christum
850 2063 1101 2095 conformantur.
1137 2061 1201 2094 Sed
1224 2072 1275 2093 ca·

307 2102 447 2134 vendum
465 2111 513 2134 est
529 2114 569 2134 ne
585 2104 662 2135 dum
679 2105 829 2137 volumus
845 2107 1002 2147 figmenta
1018 2111 1130 2137 nostra
1146 2104 1277 2137 Christo

307 2152 428 2185 aptare,
460 2147 563 2187 ipsum
588 2146 638 2188 (ut
661 2149 806 2188 papistae
830 2148 964 2190 faciunt)
994 2149 1276 2189 transfiguremus:

306 2187 353 2219 ita
375 2194 412 2219 ut
435 2190 497 2220 iam
521 2200 586 2221 non
610 2191 652 2221 sit
675 2192 723 2221 sui
740 2191 864 2224 similis.
900 2191 1012 2231 Neque
1028 2192 1113 2222 enim
1129 2197 1275 2222 nostrum

308 2237 358 2261 est
392 2232 514 2273 fingere
548 2232 702 2274 quidquid
735 2233 875 2272 libuerit,
910 2235 966 2266 sed
1000 2234 1063 2265 Dei
1096 2234 1194 2265 solius
1228 2238 1277 2264 est

307 2283 493 2307 monstrare
515 2277 739 2308 secundum
770 2277 999 2317 exemplar,
1029 2277 1144 2317 inquit,
1171 2275 1275 2316 quod

307 2325 522 2349 ostensum
548 2319 639 2350 fuit.

393 2361 422 2392 6.
447 2361 542 2393 Nunc
564 2364 665 2393 autem
680 2361 885 2400 excellentius,
909 2365 960 2395 etc.
995 2360 1275 2401 Quemadmodum

308 2402 398 2442 prius
421 2415 463 2435 ex
490 2404 660 2436 sacerdotii
691 2405 849 2446 dignitate
879 2406 1111 2446 praestantiam
1141 2404 1276 2436 foederis

308 2445 489 2487 colligebat,
512 2448 558 2479 sic
573 2448 671 2478 etiam
695 2459 782 2479 nunc
797 2448 963 2479 contendit
981 2447 1191 2480 excellentius
1207 2456 1276 2477 esse

308 2486 430 2520 Christi
454 2490 681 2529 sacerdotium,
705 2492 780 2531 quia
804 2491 937 2531 potioris
959 2490 1095 2522 foederis
1117 2491 1276 2529 interpres

309 2529 351 2560 sit
375 2542 410 2562 ac
433 2534 597 2564 mediator.
643 2534 828 2574 Utrumque
857 2535 916 2565 fuit
942 2534 1169 2572 necessarium,
1198 2542 1275 2572 quo-

308 2575 396 2604 niam
425 2574 630 2607 abstrahendi
661 2583 753 2608 erant
775 2576 887 2607 Iudaei
911 2587 930 2607 a
952 2576 1176 2616 superstitiosa
1206 2584 1275 2605 cae-

309 2618 523 2647 remoniarum
547 2618 782 2658 observatione,
804 2630 867 2659 qua
889 2619 1146 2659 impediebantur
1172 2628 1213 2648 ne
1236 2616 1275 2647 ad

307 2660 468 2690 sinceram
496 2660 679 2701 nudamque
709 2662 868 2702 evangelii
900 2662 1069 2693 veritatem
1097 2664 1183 2692 recta
1207 2664 1276 2690 ten-

1293 331 1295 339 ,
1321 300 1441 331 dorent.

1302 1657 1304 1668 ‚
1328 1630 1406 1661 mihi
1428 1630 1461 1660 ira
1478 1631 1641 1671 populum,

2228 207 2290 239 100

1504 300 1592 331 Dicit
1626 305 1732 332 autem
1769 302 1942 342 apostolus,
1979 312 2117 342 acquum
2152 313 2221 334 esse
2254 311 2289 335 ut

1322 343 1429 374 Moses
1452 349 1481 374 et
1506 343 1615 373 Aaron
1635 343 1776 380 Christo,
1801 352 1953 384 tanquam
1978 346 2215 385 praestantiori,
2238 355 2288 377 ce-

1322 385 1414 416 dant:
1448 385 1523 425 quia
1553 392 1584 416 ct
1615 387 1818 425 evangelium
1853 386 1965 418 foedus
1999 389 2043 418 sit
2076 388 2289 420 excellentius

1323 428 1401 468 lege,
1432 436 1463 459 et
1487 438 1573 458 mors
1597 428 1717 460 Christi
1741 431 1932 461 sacrificium
1958 430 2058 461 multo
2084 430 2221 462 nobilius
2244 432 2288 463 le-

1322 471 1447 511 galibus
1479 471 1627 502 victimis.
1684 470 1748 503 Sed
1774 472 1963 505 difficultate
1993 484 2057 504 non
2089 481 2177 504 earet
2206 474 2288 513 quod

1323 513 1440 550 adiicit,
1465 513 1577 545 foedus
1597 515 1758 555 evangelii
1781 526 1877 556 super
1897 515 2082 547 melioribus
2105 517 2288 556 promissio-

1323 555 1416 587 nibus
1440 556 1537 587 fuisse
1561 557 1809 598 promulgatum.
1856 558 1937 589 Nam
1962 565 2084 590 certum
2110 566 2166 596 eet,
2191 559 2290 599 patri-

1323 599 1391 637 bus,
1415 600 1467 639 qui
1495 599 1555 630 sub
1578 599 1649 640 lege
1681 601 1841 638 vixerunt,
1874 602 2005 633 eandem
2033 603 2118 633 vitae
2142 610 2292 633 aeternae

1324 652 1411 681 spem
1437 642 1533 673 fuisse
1556 644 1763 683 propositam,
1791 645 1886 676 sicuti
1911 646 2090 676 communis
2114 645 2173 676 fuit
2196 645 2290 685 adop-

1324 685 1419 715 tionis
1441 685 1553 725 gratia.
1588 685 1707 716 Iisdem
1731 696 1807 727 ergo
1830 688 2094 727 promissionibus
2117 689 2291 719 subnixam

1895 730 2017 762 Verum
2049 731 2126 762 haec
2156 731 2291 770 apostoli

1325 771 1520 810 comparatio
1549 771 1587 802 ad
1613 771 1750 802 formam
1780 773 1886 812 potius
1918 784 2012 814 quam
2048 774 2086 804 ad
2123 775 2290 805 materiam

1326 812 1493 844 referenda
1517 819 1575 845 est.
1616 814 1700 845 Nam
1721 821 1885 855 utcunque
1907 816 2041 848 eandem
2067 817 2128 848 illis
2153 817 2290 848 salutem

1299 887 1300 891 ,
1327 857 1414 887 Deus
1438 857 1620 896 promiserit
1651 868 1746 897 quam
1779 858 1874 889 hodie
1904 859 1996 891 nobis
2020 861 2193 899 promittit:
2229 869 2292 890 non

1327 899 1436 930 eadem
1473 906 1591 936 tamen,
1631 909 1689 931 nec
1725 900 1868 940 aequalis
1907 902 1965 932 fuit
1998 903 2207 934 revelationis
2242 902 2292 933 vel

1327 952 1486 978 mensura,
1511 942 1562 973 vel
1586 943 1717 983 species.
1764 944 1838 982 Qua
1865 943 1903 975 de
1928 954 1962 975 re
1984 946 2011 975 si
2034 946 2104 984 quis
2127 947 2219 985 plura
2243 945 2296 975 de-

1326 985 1453 1024 sideret,
1477 991 1566 1025 petat
1581 997 1621 1017 ex
1644 993 1758 1026 quarto
1775 993 1807 1017 et
1826 987 1938 1026 quinto
1957 988 2113 1027 capitibus
2129 988 2295 1028 Epistolae

1327 1028 1365 1059 ad
1390 1027 1535 1066 Galatas,
1559 1034 1591 1060 et
1615 1040 1654 1060 ex
1678 1036 1790 1060 nostra
1812 1028 2031 1062 Institutione.

1413 1113 1440 1145 7.
1467 1113 1503 1144 Si
1522 1114 1603 1145 euim
1618 1115 1761 1153 primum
1787 1115 1863 1147 illud
1885 1115 2118 1155 reprehensione
2132 1117 2295 1157 caruisset,

1327 1166 1386 1187 riori
1407 1156 1519 1196 fuisset
1548 1157 1678 1189 secundo
1709 1159 1867 1198 quaesitus
1889 1158 1983 1190 locus.
2030 1160 2059 1191 8.
2088 1158 2187 1190 Porro
2209 1160 2296 1191 incu-

1326 1210 1400 1231 sans
1429 1210 1487 1240 eae,
1521 1200 1613 1232 dicit:
1648 1200 1727 1232 Ecce
1755 1202 1823 1233 dies
1855 1202 1991 1241 veniunt,
2024 1202 2099 1234 dicit
2128 1201 2296 1243 Dominus,

1327 1253 1420 1283 quum
1438 1243 1603 1282 perficiam
1625 1253 1721 1282 super
1743 1244 1866 1275 domum
1883 1244 1986 1276 Israel
2009 1248 2036 1276 et
2057 1255 2152 1284 super
2173 1245 2296 1276 domum

1328 1286 1412 1317 Iuda
1432 1287 1542 1325 foedus
1564 1296 1684 1318 novum.
1730 1287 1759 1318 9.
1785 1287 1857 1319 Non
1883 1288 2049 1319 ,secundum
2077 1289 2194 1328 foedus,
2217 1288 2297 1327 quod

1325 1329 1383 1368 feci
1419 1338 1488 1360 cum
1520 1329 1670 1368 patribus
1707 1340 1819 1367 eorum,
1857 1331 1892 1361 in
1925 1330 1974 1361 die
2010 1340 2069 1370 quo
2108 1330 2298 1370 apprehendi

1327 1381 1454 1403 manum
1477 1382 1590 1412 eorum,
1613 1375 1645 1403 ut
1668 1373 1822 1405 educerem
1845 1383 1895 1404 eos
1915 1384 1930 1404 e
1952 1376 2036 1405 terra
2055 1374 2197 1414 Aeyypti,
2220 1374 2297 1413 quia

1327 1415 1391 1454 ipsi
1419 1424 1480 1445 uon
1505 1416 1707 1454 perstiterunt
1735 1416 1768 1447 iri
1797 1416 1919 1456 foedere
1947 1426 2020 1453 meo,
2051 1419 2078 1448 et
2100 1427 2152 1457 eyo
2177 1416 2297 1457 rzeylexi

1328 1468 1394 1489 eos:
1416 1457 1492 1489 dicit
1522 1458 1688 1490 Dominus.
1735 1459 1784 1490 10.
1812 1459 1894 1498 Quia
1923 1458 1978 1490 hoc
2008 1462 2050 1491 est
2077 1459 2188 1499 foedus·
2217 1459 2297 1499 quod

1328 1501 1491 1540 disponam
1520 1501 1626 1533 domui
1655 1501 1759 1533 Israel
1786 1501 1852 1533 illis
1881 1502 1998 1542 diebus,
2031 1502 2107 1533 dicit
2129 1501 2296 1541 Dominus,

1302 1574 1303 1580 ,
1323 1553 1440 1583 ponam
1465 1543 1547 1584 leqes
1574 1554 1658 1576 meas
1688 1545 1719 1575 in
1741 1547 1837 1576 merito
1858 1545 2008 1584 ipsorum.
2040 1547 2065 1576 et
2094 1545 2129 1576 in
2157 1545 2298 1576 cordibus

1329 1597 1432 1617 eorum
1453 1586 1585 1618 scribam
1607 1597 1671 1619 eos:
1693 1590 1720 1618 et
1742 1598 1793 1619 ero
1815 1587 1880 1619 illis
1903 1588 1937 1618 irz
1953 1587 2065 1626 Deum,
2088 1590 2116 1619 et
2131 1588 2194 1627 ipsi
2209 1590 2298 1619 erunt

1688 1631 1738 1661 11.
1771 1633 1798 1662 et
1827 1640 1887 1661 non
1916 1630 2058 1662 docebunt
2085 1631 2299 1671 unusquisque

1329 1674 1423 1705 civem
1449 1683 1542 1704 suum
1572 1676 1597 1704 et
1626 1674 1840 1714 unusquisque
1867 1673 1997 1712 fratrem
2025 1684 2127 1712 suum,
2156 1674 2299 1705 dicendo.-

1331 1716 1478 1756 Coynosce
1499 1716 1682 1754 Dominum,
1717 1717 1792 1756 quia
1822 1725 1925 1748 omues
1949 1726 1998 1747 me
2025 1717 2128 1756 scient,
2161 1727 2181 1748 α
2198 1726 2299 1756 parvo

1328 1761 1407 1790 inter
1429 1768 1480 1790 eos
1498 1769 1594 1799 usque
1621 1760 1663 1791 ad
1684 1769 1840 1800 mayuum.
1887 1759 1936 1790 12.
1969 1759 2123 1799 Quoniam
2140 1759 2300 1800 propitius

1329 1812 1378 1834 ero
1401 1802 1568 1833 iniustitiis
1597 1813 1710 1841 eorum,
1738 1805 1764 1834 et
1781 1804 1977 1842 peccatorum
2006 1812 2110 1834 eorum
2133 1805 2160 1833 et
2180 1802 2300 1841 iniqui-

1327 1848 1424 1877 tatum
1445 1855 1506 1876 riou
1534 1845 1713 1877 recordabor
1735 1844 1880 1885 amplius.
1927 1844 1976 1876 13.
2010 1845 2149 1877 Dicendo
2178 1854 2298 1883 novum,

1328 1889 1502 1928 antiquavit
1518 1889 1631 1928 prius:
1653 1888 1733 1928 quod
1755 1891 1858 1920 autem
1880 1888 2064 1927 antiquatur
2081 1891 2109 1919 et
2129 1887 2299 1928 veterascit,

1323 1942 1419 1971 prope
1440 1933 1483 1962 est
1505 1935 1538 1962 ut
1559 1933 1725 1963 evanescat.

1415 2017 1442 2048 7.
1481 2016 1517 2048 Si
1540 2017 1622 2048 enim
1637 2017 1791 2056 primum.
1837 2016 2019 2048 Confirmat
2040 2015 2127 2056 quod
2151 2016 2236 2047 dixit
2259 2015 2299 2046 de

1329 2059 1466 2091 foederis
1482 2061 1688 2101 praestantia,
1707 2060 1790 2099 quod
1810 2059 1974 2091 nobiscum
1991 2058 2084 2090 Deus
2102 2059 2220 2099 pepigit
2240 2068 2297 2098 per

1330 2113 1459 2134 manum
1484 2103 1624 2135 Christi:
1648 2104 1820 2134 confirmat
1843 2109 1961 2140 autem,
1986 2102 2060 2142 quia
2083 2102 2191 2133 foedus
2215 2101 2297 2141 legis

1330 2156 1393 2176 non
1423 2147 1522 2177 fuerit
1550 2146 1679 2177 firmum
1712 2156 1770 2177 nec
1798 2145 1921 2177 stabile.
1966 2145 2050 2176 Nam
2080 2145 2106 2176 si
2138 2143 2218 2174 nihil
2249 2143 2296 2174 illi

1329 2188 1489 2226 defuisset,
1527 2189 1602 2229 quid
1637 2188 1793 2219 attinebat
1825 2188 1912 2219 aliud
1947 2186 2137 2228 subrogari?
2194 2187 2295 2225 Atqui

1328 2230 1538 2272 subrogatum
1561 2237 1618 2263 est.
1660 2231 1757 2263 Unde
1780 2237 1870 2271 patet
1893 2236 1984 2262 vetus
2007 2229 2085 2260 illud
2110 2239 2175 2259 non
2199 2229 2296 2260 fuisse

1328 2275 1415 2305 omni
1439 2285 1477 2305 ex
1501 2280 1592 2315 parte
1615 2274 1808 2305 absolutum.
1861 2274 1913 2305 Ad
1936 2273 1967 2304 id
1990 2271 2190 2312 probandum
2218 2272 2297 2303 citat

1329 2317 1545 2348 testimoniam
1568 2317 1735 2354 Ieremiae,
1764 2316 1848 2356 quod
1871 2326 1946 2347 mox
1973 2315 2183 2346 excutiemus.
2229 2314 2295 2345 Sed

1329 2359 1387 2391 hoc
1418 2371 1530 2400 parum
1560 2361 1689 2391 videtur
1719 2363 1982 2396 consentaneum,
2012 2357 2093 2397 quod
2124 2363 2296 2397 postquam

1328 2404 1492 2443 praefatus
1521 2410 1569 2434 est
1591 2413 1656 2434 non
1687 2402 1787 2433 fuisse
1815 2401 2034 2441 quaerendum
2067 2399 2207 2431 secundo
2230 2400 2296 2430 foe-

1329 2446 1397 2477 deri
1420 2446 1536 2483 locum,
1571 2446 1597 2476 si
1622 2445 1712 2485 prius
1743 2443 1996 2485 reprehensione
2022 2449 2186 2473 vacasset:
2219 2442 2297 2473 dicit

1328 2490 1483 2529 populum
1506 2488 1709 2529 reprehendi,
1732 2493 1763 2518 et
1786 2487 1847 2518 hac
1869 2495 1964 2517 causa
1987 2484 2162 2516 remedium
2187 2485 2297 2516 afferri

1329 2532 1404 2562 novi
1428 2532 1573 2563 foederis.
1609 2530 1709 2570 Atqui
1732 2530 1880 2569 iniquum
1904 2534 1961 2568 est,
1986 2528 2012 2559 si
2035 2527 2110 2568 quid
2131 2528 2201 2558 vitii
2226 2528 2294 2558 fue-

1302 2606 1304 2616 ,
1328 2574 1371 2605 rit
1393 2576 1425 2606 in
1450 2574 1576 2614 populo,
1609 2573 1677 2604 eius
1700 2572 1825 2612 culpam
1857 2572 1890 2602 in
1918 2571 2030 2602 foedus
2054 2570 2116 2601 Dei
2145 2571 2295 2601 conferri.

1330 2616 1467 2648 Videtur
1489 2627 1565 2657 ergo
1587 2626 1650 2647 non
1671 2621 1758 2646 stare
1781 2620 2021 2655 argumentum.
2055 2613 2141 2653 Quia
2164 2620 2200 2644 ut
2221 2623 2295 2645 cen-

1330 2660 1388 2691 ties
1420 2661 1509 2691 Deus
1541 2658 1693 2699 populum
1723 2662 1858 2695 accuset,
1892 2667 1955 2688 non
1985 2660 2095 2688 tamen
2124 2661 2295 2697 propterea
