2513 3126
218 200 258 232 29
1107 202 1254 235 CAPUT
1277 204 1322 235 Π.

217 307 317 337 quum
351 304 424 330 ante
456 300 551 331 certis
590 300 707 331 finibus
744 299 836 339 quasi
873 298 1057 330 conclusum
1098 299 1186 331 soret.

217 341 327 380 Quare
344 352 407 372 non
425 341 556 373 dubium
581 343 658 381 quin
683 342 761 373 haee
785 351 910 381 quoque
933 342 975 372 sit
999 351 1062 372 vox
1087 341 1187 381 ipsius

217 393 298 423 quae
315 383 374 416 hoc
397 384 465 415 loco
490 384 625 416 adducta
648 389 706 415 est.
744 384 879 423 Proprie
903 387 1010 414 autem
1035 389 1066 414 et
1088 384 1186 424 signi-

216 426 354 458 ficanter
383 427 460 458 dicit
483 438 554 458 eum
581 438 643 457 non
668 427 863 458 erubescere.
909 424 1076 463 Quantum
1101 427 1186 457 enim

216 469 301 500 inter
331 480 390 501 nos
418 475 450 500 et
479 471 584 509 ipsum
612 468 766 500 interest?
811 467 952 499 Multum
977 477 1054 507 ergo
1077 479 1110 499 se
1134 469 1185 499 de-

216 513 326 549 mittit,
361 523 458 552 quum
491 522 548 542 nos
579 511 731 551 dignatur
761 510 898 541 fratrum
931 511 1074 541 nomine:
1108 511 1186 542 alias

215 554 340 595 indigni
382 564 494 585 sumus
533 564 610 593 quos
644 554 728 584 infra
761 561 871 584 servos
903 551 1027 583 habeat.
1080 554 1186 592 Atque

215 597 300 628 hane
331 600 453 628 tantam
478 596 545 627 eius
575 606 651 636 erga
681 606 738 627 nos
769 594 987 634 dignationem
1012 595 1186 635 amplificat

215 639 469 672 circumstantia:
499 639 640 678 loquitur
670 638 756 669 enim
781 637 932 669 Christus
960 647 1023 668 non
1049 638 1186 677 amplius

215 683 356 714 mortalis
387 681 482 713 homo
512 681 546 712 in
569 680 675 721 speeie
698 681 795 720 servi,
819 680 874 711 sed
898 679 1032 711 indutus
1055 680 1185 710 immor-

215 725 272 757 tali
311 724 414 765 gloria
453 726 524 764 post
564 723 842 755 resurrectionem.
898 722 1013 762 Itaque
1054 723 1185 762 perinde

214 768 299 799 valet
328 767 380 798 hic
410 766 525 798 titulus
555 777 592 797 ac
621 766 647 796 si
679 776 737 797 nos
771 776 879 797 secum
905 766 938 795 in
962 765 1085 796 coelum
1110 776 1183 796 eve-

213 810 313 842 heret.
351 809 395 840 Et
412 819 469 840 nos
485 810 607 849 quoties
628 808 779 840 audimus
801 809 916 839 fratres
940 817 997 838 nos
1020 818 1038 839 a
1054 808 1185 839 Christo

213 852 330 890 vocari,
352 852 596 883 meminerimus
620 862 693 882 eum
718 851 777 883 hac
800 850 849 892 (ut
872 851 917 881 ita
941 849 1059 892 dicam)
1082 851 1185 890 quali-

213 899 278 926 tate
301 895 430 933 vestire,
461 900 496 926 ut
523 894 617 925 simul
642 904 714 926 cum
739 894 881 925 fraterno
906 894 1034 924 nomine
1059 894 1183 924 beatam

212 938 310 969 vitam
341 943 372 968 et
402 937 555 977 quidquid
585 941 634 968 est
660 937 846 968 coelestium
871 937 1037 974 bonorum,
1070 947 1184 976 appre-

210 980 400 1011 hendamus.
436 980 611 1011 Praeterea
628 979 803 1011 notandum
820 984 869 1010 est
891 990 969 1018 quas
992 979 1051 1010 sibi
1076 985 1183 1018 partes

210 1029 316 1054 sumat
340 1023 502 1055 Christus:
537 1023 595 1054 hoc
619 1029 676 1059 est,
700 1021 908 1062 praedicandi
941 1022 1079 1053 nominis
1109 1021 1182 1053 Dei.

210 1065 304 1105 Quod
336 1066 412 1097 fiere
443 1071 591 1107 coeptum
621 1071 669 1097 est
699 1065 902 1106 promulgato
932 1064 1116 1105 evangelio,
1151 1071 1182 1096 et

207 1109 245 1140 fit
274 1109 416 1149 quotidie
444 1109 625 1140 ministerio
649 1115 824 1148 pastorum.
868 1107 964 1139 Unde
987 1107 1179 1148 colligimus,

208 1152 242 1183 in
273 1152 360 1183 hune
390 1152 486 1183 finem
511 1151 618 1182 offerri
642 1151 731 1182 nobis
756 1150 969 1191 evangelium,
1001 1156 1037 1180 ut
1061 1151 1092 1180 in
1118 1150 1180 1181 Dei

208 1195 357 1226 notitiam
375 1204 432 1225 nos
450 1194 596 1230 adducat,
624 1204 685 1234 quo
703 1194 828 1224 bonitas
847 1193 916 1224 eius
939 1194 1026 1223 inter
1049 1202 1107 1223 nos
1131 1203 1179 1224 ce-

207 1237 360 1268 lebretur.
406 1237 532 1268 Deinde
556 1237 723 1268 Christum
748 1247 817 1267 esse
841 1235 1001 1276 evangelii
1024 1241 1180 1273 autorem,

208 1286 370 1320 uteunque
404 1280 558 1311 offeratur
593 1291 649 1320 per
683 1279 838 1310 homines.
896 1280 1003 1318 Atque
1038 1279 1099 1310 hoe
1133 1284 1181 1309 est

208 1323 292 1363 quod
316 1323 393 1353 dicit
416 1323 536 1354 Paulus
560 1323 602 1364 (2.
627 1323 737 1354 Corin.
763 1322 792 1358 5,
816 1322 882 1362 20),
906 1331 940 1353 se
964 1327 996 1352 et
1019 1321 1098 1352 alios
1122 1331 1180 1361 pro

209 1366 341 1397 Christo
365 1365 525 1407 legatione
548 1366 651 1406 fungi,
675 1370 707 1396 et
731 1370 882 1405 tanquam
903 1364 1025 1395 Christi
1049 1366 1180 1395 nomine

208 1408 384 1439 exhortari.
429 1408 522 1447 Quod
548 1420 611 1440 non
636 1418 749 1449 parum
773 1408 890 1438 addere
915 1407 1007 1438 debet
1031 1417 1179 1439 reveren-

208 1451 273 1482 tiae
296 1452 478 1492 evangelio:
513 1452 540 1483 si
564 1451 692 1492 quidem
727 1461 792 1481 non
822 1456 886 1481 tam
918 1450 1064 1481 homines
1093 1451 1180 1490 ipsos

208 1493 296 1534 loqui
319 1495 535 1534 reputandum
561 1498 618 1532 est,
642 1504 737 1534 quam
756 1493 923 1525 Christum
948 1494 1090 1533 ipsorum
1114 1503 1178 1524 ore.

208 1537 292 1568 Nam
316 1547 377 1576 quo
400 1543 543 1578 tempore
566 1537 825 1578 praedicaturum
849 1547 882 1567 se
910 1535 1093 1567 hominibus
1117 1535 1179 1566 Dei

208 1590 324 1611 nomen
355 1581 525 1620 promittit,
559 1581 653 1612 desiit
681 1580 805 1611 versari
837 1578 869 1609 in
906 1579 1041 1610 mundo:
1076 1589 1179 1618 neque

209 1629 316 1653 tamen
358 1624 478 1654 frustra
512 1623 571 1655 hoe
605 1623 665 1654 sibi
698 1622 838 1653 officium
873 1621 1034 1653 vendicat.
1090 1622 1179 1662 Ergo

208 1676 283 1697 vere
307 1665 366 1697 hoc
389 1676 445 1705 per
468 1666 638 1706 discipulos
661 1675 736 1697 81108
758 1664 926 1705 praestitit.

295 1708 344 1739 12.
369 1708 411 1740 In
433 1709 532 1740 medio
553 1709 701 1741 ecclesiae.
746 1707 834 1739 Hinc
857 1708 973 1739 melius
999 1710 1177 1740 etiamnum

207 1756 306 1791 patet,
329 1762 455 1791 semper
471 1753 503 1782 in
528 1752 686 1793 evangelii
704 1751 850 1782 doctrina
866 1752 1024 1782 contineri
1046 1752 1177 1783 laudum

207 1793 270 1825 Dei
302 1795 523 1834 praeconium:
556 1796 630 1835 quia
659 1794 853 1834 simulatque
882 1795 1054 1826 innotescit
1086 1796 1178 1827 nobis

207 1836 297 1868 Deus
310 1840 484 1876 personant
502 1838 533 1868 in
547 1838 695 1869 cordibus
713 1843 744 1868 et
757 1837 888 1868 auribus
902 1838 1020 1869 nostris
1033 1838 1178 1872 infinitae

207 1880 276 1911 eius
306 1879 426 1911 laudes.
473 1882 519 1911 Ac
550 1882 674 1912 interea
696 1891 752 1912 suo
776 1880 925 1920 exemplo
948 1890 1006 1911 nos
1030 1880 1178 1912 hortatur

207 1922 358 1954 Christus
388 1923 428 1953 ad
458 1933 511 1954 038
541 1924 666 1963 publice
692 1923 863 1960 canendas,
898 1924 943 1954 ita
967 1927 1001 1954 ut
1025 1934 1043 1954 a
1067 1934 1177 1963 quam-

206 1965 353 2004 plurimis
389 1965 614 1998 exaudiantur.
679 1966 790 2006 Neque
831 1966 916 1997 enim
958 1966 1037 1997 satie
1071 1967 1178 2005 fuerit,

205 2019 471 2048 unumquemque
502 2009 585 2048 apud
616 2019 649 2040 se
679 2009 749 2040 Deo
784 2019 853 2040 esse
886 2016 1014 2049 gratum
1045 2020 1101 2049 pro
1125 2021 1177 2042 ac-

205 2051 307 2090 ceptis
338 2051 509 2088 beneficiis,
544 2051 605 2082 nisi
635 2052 842 2092 gratitudinis
877 2056 1005 2083 nostrae
1035 2053 1176 2084 testimo-

205 2093 296 2124 nium
327 2094 433 2134 palam
458 2094 597 2131 edentes,
626 2102 737 2125 mutuo
760 2094 813 2125 alii
837 2095 915 2126 alios
939 2095 1114 2126 invitemus
1138 2096 1177 2126 ad

205 2136 289 2167 idem
307 2137 479 2177 agendum.
507 2137 616 2176 Atque
634 2138 713 2169 haec
729 2137 873 2169 doctrina
889 2138 1037 2169 acerrimi
1053 2139 1176 2169 stimuli

205 2179 275 2210 vice
306 2180 396 2211 nobis
425 2187 483 2217 est,
516 2191 577 2220 quo
607 2180 803 2211 ferventiore
830 2180 937 2212 studio
965 2181 1108 2212 feramur
1136 2181 1176 2212 ad

205 2221 400 2253 laudandum
432 2222 550 2262 Deum,
584 2234 682 2263 quum
715 2223 862 2254 audimus
885 2223 1051 2254 Christum
1084 2224 1176 2256 nobis

205 2265 398 2303 praecinere,
442 2270 474 2297 et
516 2266 654 2305 primum
693 2275 762 2297 esse
800 2266 994 2306 hymnorum
1033 2267 1176 2298 modula-

206 2313 315 2338 torem.

291 2350 340 2382 13.
364 2350 431 2382 Ero
451 2351 552 2390 sidens
573 2352 606 2382 in
629 2352 707 2390 ipso.
750 2351 889 2390 Quando
913 2351 991 2383 haec
1015 2353 1174 2383 sententia

206 2390 342 2423 habetur
364 2393 494 2425 Psalmo
519 2394 569 2435 18,
592 2394 621 2431 3,
645 2394 796 2426 credibile
819 2400 868 2425 est
890 2394 965 2425 inde
989 2394 1052 2426 hue
1075 2394 1174 2426 fuisse

207 2433 385 2467 adductam.
422 2436 652 2477 Praeterquam
677 2438 758 2468 enim
784 2437 865 2476 quod
884 2437 1004 2468 Paulus
1024 2436 1062 2468 ad
1080 2437 1173 2469 Rom.

205 2478 308 2516 eapite
332 2478 379 2516 15,
413 2479 443 2518 9,
475 2479 573 2510 alium
608 2490 737 2511 versum
768 2480 807 2510 de
837 2480 981 2520 gentium
1006 2481 1174 2511 vocatione

206 2529 306 2559 regno
337 2520 459 2552 Christi
490 2523 722 2562 accommodat,
757 2523 827 2563 ipsa
857 2523 1039 2563 argumenti
1074 2523 1174 2554 series

206 2562 284 2592 satis
314 2561 513 2594 demonstrat
537 2564 694 2596 Davidem
725 2565 784 2596 sub
816 2565 921 2596 aliena
952 2576 1086 2605 persona
1110 2565 1174 2597 11110

205 2604 301 2643 loqui.
325 2603 360 2636 Si
374 2605 502 2644 quidem
517 2611 623 2637 tantae
634 2607 856 2647 amplitudinis
873 2619 954 2648 quae
968 2608 1033 2639 illic
1050 2609 1172 2649 magni-

205 2648 263 2679 fice
286 2647 496 2688 praedicatur,
528 2649 581 2680 vix
606 2650 710 2681 tenuis
733 2650 846 2682 umbra
868 2651 902 2681 in
927 2651 1054 2683 Davide
1077 2661 1171 2692 appa-

2174 211 2217 241 30

1241 305 1299 332 ret.
1336 301 1506 333 Gloriatur
1521 312 1555 334 se
1577 307 1673 343 caput
1698 303 1792 335 fuisse
1815 305 2024 337 constitutum
2049 308 2209 347 gentibus,

1241 349 1271 374 ct
1302 344 1430 384 quidem
1455 345 1577 377 alienos
1599 352 1629 376 et
1653 346 1834 387 incognitos
1859 348 1943 379 ultro
1967 349 2005 379 ad
2030 349 2128 380 801301
2155 361 2209 380 no-

1240 387 1337 418 minis
1368 387 1486 418 famam
1520 389 1551 419 in
1584 388 1778 420 deditionem
1811 391 1936 422 venisse
1961 391 2067 422 David
2094 403 2211 431 paucas

1240 434 1353 468 gentes
1405 430 1463 461 sibi
1517 431 1636 463 vicinas
1689 438 1720 462 et
1777 433 1961 464 notissimas
2017 434 2048 464 vi
2105 446 2209 466 armo-

1241 482 1311 502 rum
1350 472 1476 513 subegit
1519 484 1554 505 ac
1598 474 1785 505 tributarias
1824 476 1971 507 reddidit.
2031 477 2095 509 ‚Sed
2135 478 2210 517 quid

1241 513 1300 544 hoc
1356 515 1490 546 aliorum
1548 516 1722 548 multorum
1778 528 1890 558 regum
1941 519 2208 558 amplitudinem?

1241 556 1367 587 Deinde
1429 559 1482 589 ubi
1550 559 1732 590 voluntaria
1800 560 1976 592 subiectio?
2039 563 2092 593 ubi
2155 574 2209 603 po-

1241 598 1306 637 puli
1339 607 1402 630 tam
1435 602 1549 632 remoti
1578 607 1612 633 ut
1635 613 1688 634 008
1712 613 1775 634 000
1799 603 2024 644 cognosceret?
2070 605 2130 636 Ubi
2156 606 2209 637 de-

1240 641 1337 680 nique
1365 642 1496 674 solenne
1520 645 1642 684 gratiae
1666 646 1725 676 Dei
1750 647 1957 685 praeconium
1982 647 2066 677 inter
2087 654 2210 687 gentes,

1239 684 1329 714 euius
1359 688 1553 718 mentionem
1586 688 1659 718 facit
1691 688 1812 719 Psalmi
1843 689 2006 720 clausula?
2060 689 2210 723 Christus

1238 735 1315 766 ergo
1347 730 1395 757 est
1427 729 1481 767 qui
1513 730 1638 770 populis
1669 731 1806 762 diversis
1837 732 1870 762 in
1893 737 1990 772 caput
2013 733 2209 773 praeficitur,

1238 770 1289 798 cui
1307 779 1341 799 se
1357 769 1555 810 alienigenae
1574 773 1746 804 subiiciunt
1769 774 1809 805 ab
1833 774 1957 805 ultimis
1980 786 2082 816 nsque
2106 780 2209 807 terrae

1238 810 1368 850 finibus,
1397 817 1428 842 et
1456 813 1582 852 quidem
1607 815 1674 846 solo
1699 816 1808 847 auditu
1833 817 1945 848 exciti:
1975 819 2048 858 quia
2072 829 2134 849 non
2159 829 2208 850 ar-

1238 853 1299 883 mis
1322 860 1481 895 coguntur
1504 856 1542 886 ad
1567 858 1806 898 suscipiendum
1830 860 1950 900 iugum,
1985 861 2040 892 sed
2064 861 2210 893 doctrina

1237 895 1362 927 subacti
1385 898 1418 927 in
1446 903 1655 938 spontaneum
1678 902 1864 941 obsequium
1890 913 1923 934 se
1946 904 2094 935 offerunt.
2133 904 2210 935 Per-

1236 939 1371 978 spicitur
1403 941 1499 971 etiam
1532 942 1564 972 in
1596 943 1727 973 eeclesia
1758 945 1908 976 simulata
1935 946 1990 977 illa
2013 953 2044 977 et
2069 946 2210 978 mendax

1236 981 1403 1013 obediendi
1427 984 1580 1023 professio
1604 995 1685 1024 quae
1709 986 1825 1017 ibidem
1851 992 1992 1029 notatur,
2017 989 2091 1029 quia
2115 990 2209 1021 multi

1237 1025 1379 1063 quotidie
1403 1026 1480 1056 dant
1504 1037 1622 1058 nomen
1647 1028 1770 1059 Christi
1794 1040 1855 1060 non
1880 1042 1918 1061 ex
1943 1032 2047 1063 corde.
2090 1031 2124 1064 Si
2148 1033 2207 1073 igi-

1236 1071 1288 1097 tur
1312 1071 1405 1099 extra
1428 1070 1692 1110 controversiam,
1724 1071 1891 1103 Psalmum
1918 1079 1990 1113 apte
2014 1075 2052 1106 de
2076 1074 2207 1106 Christo

1235 1111 1361 1150 exponi.
1419 1111 1483 1142 Sed
1527 1113 1604 1152 quid
1647 1113 1705 1144 hoe
1745 1114 1783 1145 ad
1819 1122 2019 1154 praesentem
2055 1117 2207 1149 0311831οἶ)

1234 1152 1346 1193 Neque
1369 1155 1454 1185 enim
1477 1155 1605 1186 videtur
1628 1157 1728 1195 sequi,
1756 1167 1815 1189 nos
1837 1162 1868 1189 et
1891 1158 2057 1191 Christum
2081 1171 2119 1191 ex
2144 1171 2207 1193 uno

1234 1206 1313 1235 esse,
1346 1202 1379 1227 ut
1407 1197 1547 1229 maxime
1572 1199 1639 1238 ipse
1668 1200 1700 1229 in
1733 1199 1838 1231 Deum
1869 1202 1955 1233 fidat.
2001 1202 2206 1244 Respondeo,

1234 1239 1343 1270 valere
1373 1246 1618 1280 argumentum:
1649 1242 1725 1281 qnia
1754 1243 1817 1274 nisi
1847 1243 1941 1274 homo
1971 1255 2041 1276 esse
2071 1247 2205 1277 necessi-

1234 1282 1352 1312 tatibus
1376 1282 1528 1314 humanis
1551 1284 1719 1321 obnoxius,
1745 1295 1946 1326 nequaquam
1972 1297 2051 1327 opus
2074 1288 2206 1320 haberet

1234 1324 1288 1354 tali
1323 1325 1448 1356 fiducia.
1496 1326 1583 1366 Ergo
1613 1337 1713 1367 quum
1746 1328 1784 1359 ab
1815 1330 1936 1360 auxilio
1967 1329 2029 1360 Dei
2059 1330 2205 1371 pendeat,

1233 1369 1414 1399 communis
1445 1368 1492 1399 illi
1517 1369 1683 1401 nobiscum
1714 1376 1762 1401 est
1793 1371 1943 1404 conditio.
1989 1373 2061 1404 Non
2087 1374 2203 1405 frustra

1233 1415 1318 1441 certe
1342 1414 1396 1441 aut
1420 1411 1458 1442 de
1482 1411 1583 1443 nihilo
1607 1413 1638 1443 in
1665 1413 1734 1444 Deo
1758 1414 1903 1446 fidimus:
1934 1415 1989 1446 sed
2013 1416 2085 1455 quia
2109 1416 2203 1448 desti-

1233 1454 1295 1483 tuti
1319 1454 1386 1485 eius
1410 1454 1526 1494 gratia,
1550 1455 1658 1486 miseri
1683 1460 1714 1486 et
1737 1457 1852 1496 perditi
1877 1468 2027 1490 essemus.
2072 1459 2205 1491 Fiducia

1233 1506 1317 1536 ergo,
1343 1507 1437 1536 quam
1463 1498 1646 1536 reponimus
1670 1500 1703 1529 in
1717 1499 1797 1539 Deo,
1821 1505 1948 1532 nostrae
1972 1501 2097 1541 inopiae
2122 1503 2206 1534 testi-

1233 1540 1376 1569 monium
1395 1544 1451 1571 est.
1484 1540 1690 1581 Quamquam
1708 1542 1741 1572 in
1758 1542 1817 1574 hoe
1835 1542 2014 1574 differimus
2031 1555 2048 1575 a
2065 1544 2204 1583 Christo,

1232 1581 1316 1620 quod
1336 1582 1567 1620 infirmitatem,
1599 1594 1679 1624 quae
1702 1586 1893 1617 necessitate
1918 1587 2009 1618 nobis
2032 1592 2080 1618 est
2102 1588 2203 1628 impo-

1233 1625 1307 1661 sita,
1351 1632 1463 1665 sponte
1497 1626 1565 1665 ipse
1599 1627 1706 1658 subiit.
1763 1628 1864 1659 Porro
1899 1639 1961 1660 non
1997 1629 2111 1661 leviter
2146 1631 2203 1662 hoc

1232 1668 1376 1698 animare
1394 1678 1449 1699 nos
1471 1668 1564 1699 debet
1587 1669 1627 1700 ad
1651 1669 1814 1701 fidendum
1831 1670 1911 1709 Deo,
1936 1672 2020 1712 quod
2036 1672 2203 1704 Christum

1231 1709 1386 1741 habemus
1410 1710 1522 1742 ducem
1547 1719 1578 1742 et
1602 1713 1801 1753 magistrum.
1842 1714 1922 1752 Quis
1943 1715 2028 1745 enim
2055 1722 2204 1747 vereatur

1231 1753 1299 1784 eius
1317 1753 1452 1794 vestigia
1469 1755 1633 1794 sequendo
1653 1767 1691 1786 ne
1705 1756 1809 1787 erret?
1840 1757 2037 1796 Periculum,
2061 1759 2203 1798 inquam,

1231 1806 1294 1827 non
1328 1801 1376 1827 est
1411 1807 1450 1827 ne
1484 1797 1563 1829 fides
1594 1803 1702 1829 nostra
1730 1800 1771 1829 sit
1802 1800 1893 1830 irrita
1922 1811 2017 1840 quam
2049 1800 2203 1833 habemus

1230 1850 1301 1870 cum
1331 1839 1462 1870 Christo
1493 1850 1707 1881 communem,
1740 1852 1832 1881 quem
1866 1843 1983 1874 seimus
2016 1854 2080 1874 non
2111 1854 2204 1884 posse

1231 1882 1307 1913 salli.

1316 1924 1393 1956 Ecce
1414 1935 1466 1965 eqo
1488 1928 1515 1956 et
1532 1926 1638 1964 pueri.
1682 1926 1816 1957 Certum
1841 1933 1889 1958 est
1913 1927 2040 1967 quidem
2065 1929 2202 1960 Iesaiam

1230 1967 1324 2009 (Iesa.
1347 1968 1376 2007 8,
1414 1967 1466 2009 18)
1496 1968 1535 1998 (10
1565 1979 1598 2000 80
1629 1969 1723 2009 loqui.
1770 1970 1852 2000 Nam
1885 1980 1984 2010 quum
2016 1972 2083 2011 ipse
2113 1982 2201 2012 spem

1230 2011 1427 2042 liberationis
1451 2010 1542 2042 daret
1565 2012 1690 2051 populo,
1723 2017 1754 2043 et
1776 2013 1943 2052 promissio
1966 2014 2089 2045 nullam
2113 2015 2202 2046 inve-

1230 2054 1315 2084 niret
1347 2053 1458 2084 fidem:
1494 2065 1534 2085 ne
1568 2059 1633 2085 tam
1669 2055 1829 2086 obstinata
1860 2055 1949 2096 vulgi
1978 2057 2202 2089 incredulitate

1230 2098 1348 2127 fractus
1389 2095 1531 2135 deficiat,
1572 2097 1660 2128 iubet.
1700 2098 1858 2129 Dominus
1900 2099 1990 2129 illum
2031 2100 2201 2140 obsignare

1229 2140 1314 2169 inter
1346 2149 1462 2178 paucos
1492 2139 1602 2170 fideles
1624 2140 1802 2171 doctrinam
1827 2152 1921 2180 quam
1946 2143 2134 2173 annuntiat:
2165 2153 2201 2174 30

1229 2183 1254 2212 81
1286 2181 1418 2212 diceret:
1453 2182 1590 2213 Etiamsi
1622 2193 1639 2213 a
1675 2183 1877 2215 multitudine
1912 2190 2098 2224 respuatur,
2134 2186 2201 2216 fore

1229 2229 1336 2255 tamen
1365 2224 1486 2264 aliquos
1511 2226 1658 2264 quamvis
1682 2236 1808 2265 paucos,
1838 2227 1892 2267 qui
1916 2227 2084 2267 recipiant.
2128 2228 2202 2260 Hoc

1229 2278 1379 2306 responso
1412 2269 1510 2298 fretus
1542 2268 1662 2299 Iesaias
1693 2269 1837 2300 animum
1868 2270 2007 2310 colligit:
2045 2281 2140 2310 seque
2169 2276 2200 2301 et

1228 2310 1411 2349 discipulos,
1440 2310 1493 2348 (1111
1524 2311 1583 2341 sibi
1616 2310 1681 2341 dati
1706 2317 1792 2349 sunt,
1825 2316 1962 2343 testatur
1985 2313 2052 2344 fore
2074 2323 2203 2353 semper

1228 2358 1391 2392 promptos
1409 2352 1449 2383 ad
1465 2353 1665 2392 sequendum
1680 2353 1796 2386 Deum.
1828 2355 1922 2387 Nunc
1946 2355 2118 2387 videndum
2142 2367 2201 2388 cur

1227 2396 1419 2426 sententiam
1466 2395 1549 2426 hanc
1596 2396 1760 2436 apostolus
1797 2397 1835 2428 ad
1875 2398 2042 2429 Christum
2080 2399 2199 2430 trahat.

1227 2438 1391 2477 Primum,
1426 2439 1508 2477 quod
1540 2438 1657 2469 ibidem
1689 2439 1824 2480 legitur,
1858 2441 2034 2472 Dominum
2068 2442 2134 2472 fore
2164 2443 2197 2472 in

1227 2487 1351 2520 petram
1379 2481 1523 2511 scandali
1547 2485 1579 2511 et
1602 2481 1740 2521 lapidem
1765 2483 1951 2515 offensionis
1975 2493 2074 2524 regno
2097 2484 2197 2515 Israel

1225 2528 1258 2554 et
1292 2523 1390 2559 Iuda,
1430 2523 1463 2553 iu
1498 2523 1629 2555 Christo
1664 2524 1832 2563 impletum
1868 2536 1936 2557 esse
1971 2537 2065 2557 nemo
2098 2537 2197 2558 sanus

1226 2572 1330 2606 negat.
1369 2566 1412 2596 Et
1433 2575 1509 2597 sane
1533 2567 1625 2597 sicuti
1642 2568 1803 2598 restitutio
1827 2568 1865 2599 ab
1889 2569 1984 2600 exilio
2008 2569 2197 2610 babylonico

1226 2608 1426 2649 praeludium
1462 2609 1620 2648 quoddam
1657 2610 1718 2640 fuit
1748 2611 1938 2650 praecipuae
1969 2612 2197 2651 redemptionis

1226 2661 1305 2691 quae
1340 2651 1430 2683 nobis
1464 2652 1557 2682 simul
1594 2657 1623 2682 et
1658 2653 1811 2692 patribus,
1847 2653 1970 2685 Christi
1995 2665 2101 2691 manu,
2136 2654 2196 2684 fuit
