2513 3126
1036 781 1375 814 ARGUMENTUM.

292 979 363 1012 Non
397 982 524 1011 tantum
555 979 594 1011 de
624 983 734 1011 autore
769 979 865 1011 huius
900 978 1055 1019 epistolae
1087 979 1175 1010 varie

207 1022 284 1054 olim
308 1022 507 1063 disputatum
530 1022 600 1062 fuit,
631 1022 686 1054 sed
709 1022 779 1062 ipsa
802 1032 930 1062 quoque
954 1022 1010 1053 vix
1033 1031 1104 1053 sero
1128 1032 1176 1052 re-

207 1070 299 1105 cepta
322 1066 383 1096 fuit
405 1065 439 1096 in
462 1065 572 1096 latinis
602 1064 753 1097 ecclesiis.
800 1064 992 1105 Suspectam
1016 1063 1176 1095 habebant

207 1109 298 1148 quasi
315 1108 444 1140 Novato
467 1107 701 1148 suffragaretur
723 1108 756 1139 in
780 1107 930 1148 neganda
945 1107 1043 1147 lapsis
1067 1107 1174 1138 venia:

207 1150 263 1182 sed
287 1161 382 1191 quam
406 1161 489 1182 vana
511 1150 609 1182 fuerit
632 1150 687 1182 illa
703 1151 851 1191 suspicio,
875 1150 943 1182 suis
961 1150 1038 1181 locis
1061 1154 1176 1182 tracta-

208 1193 302 1225 bitur.
342 1194 412 1234 Ego
436 1203 512 1225 vero
536 1204 606 1225 eam
630 1194 716 1224 inter
738 1193 928 1233 apostolicas
952 1193 1022 1224 sine
1051 1198 1177 1225 contro-

208 1236 314 1267 versia
336 1236 530 1277 amplector:
553 1246 611 1268 nec
635 1236 746 1268 dubito
762 1235 905 1268 Satanae
929 1235 1063 1267 artifieio
1080 1236 1176 1267 fuisse

207 1278 367 1318 quondam
391 1279 511 1310 factum
541 1283 579 1310 ut
601 1278 646 1310 illi
671 1279 881 1310 autoritatem
912 1278 1043 1319 quidam
1070 1278 1175 1309 detra-

207 1320 332 1353 herent.
387 1322 505 1353 Nullus
536 1322 622 1353 enim
652 1326 701 1353 est
728 1333 768 1353 ex
799 1322 898 1353 sacris
930 1321 1019 1353 libris
1051 1322 1106 1361 qui
1138 1321 1176 1353 de

207 1362 329 1396 Christi
352 1365 529 1396 sacerdotio
553 1369 619 1396 tam
640 1364 803 1396 luculente
822 1364 966 1403 disserat,
991 1364 1078 1396 unici
1094 1364 1177 1404 quod

205 1411 310 1438 morte
334 1418 392 1439 sua
414 1407 531 1439 obtulit
559 1407 706 1439 sacrificii
730 1408 795 1439 vim
819 1407 1076 1448 dignitatemque
1109 1412 1176 1438 tam

205 1450 375 1490 magnifice
398 1450 541 1489 extollat,
564 1451 603 1482 de
618 1450 893 1482 caeremoniarum
916 1456 982 1481 tam
1000 1460 1059 1481 usu
1080 1460 1176 1490 quam

205 1491 416 1533 abrogatione
439 1493 570 1525 uberius
593 1498 723 1525 tractet:
747 1493 800 1533 qui
817 1493 955 1532 denique
971 1493 1097 1533 plenius
1120 1503 1176 1524 ex·

204 1534 302 1574 plicet
324 1535 492 1568 Christum
517 1546 585 1568 esse
613 1537 709 1567 finem
733 1536 823 1577 legis.
869 1535 978 1575 Quare
1006 1546 1046 1566 ne
1077 1536 1177 1576 patia-

205 1587 279 1608 mur
297 1577 360 1609 Dei
384 1579 550 1611 ecclesiam
574 1584 604 1610 et
628 1589 686 1610 nos
709 1579 796 1620 ipsos
820 1583 910 1610 tanto
933 1578 1016 1610 bono
1031 1579 1174 1618 spoliari:

204 1620 260 1650 sed
288 1621 356 1652 eius
385 1622 618 1662 possessionem
648 1626 832 1653 constanter
862 1621 953 1653 nobis
983 1631 1175 1653 asseramus.

206 1662 286 1701 Quis
316 1675 412 1704 porro
443 1675 512 1696 eam
543 1665 768 1705 composuerit,
799 1674 864 1695 non
895 1674 1091 1705 magnopere
1120 1674 1173 1695 cu-

204 1705 342 1737 randum
362 1713 419 1739 est.
454 1708 617 1739 Putarunt
640 1707 692 1738 alii
709 1707 849 1739 Paulum
867 1717 946 1744 esse,
970 1707 1024 1738 alii
1040 1707 1174 1744 Lucam,

202 1747 258 1779 alii
281 1749 478 1789 Barnabam,
509 1750 563 1782 alii
587 1750 800 1789 Clementem,
832 1755 869 1782 ut
896 1750 992 1781 refert
1016 1750 1176 1791 Hierony-

203 1800 286 1823 mus.
331 1793 535 1834 Quamquam
560 1794 671 1825 Lucae
694 1796 822 1824 tantum
846 1800 877 1825 et
900 1792 1082 1825 Clementis
1105 1793 1173 1824 Eu-

203 1833 310 1866 sebius
334 1837 489 1876 meminit,
518 1836 599 1868 libro
622 1840 716 1868 sexto
739 1836 973 1868 ecclesiasticae
997 1835 1173 1867 Historiae.

204 1874 280 1908 Scio
304 1878 530 1919 Chrysostomi
562 1887 707 1919 tempore
737 1879 855 1920 passim
878 1880 962 1910 inter
986 1879 1132 1919 paulinas
1156 1890 1174 1910 a

204 1917 339 1952 Graecis
366 1922 464 1954 fuisse
493 1927 666 1963 receptam.
712 1922 777 1954 Sed
800 1922 912 1954 Latini
941 1921 1035 1953 aliter
1065 1932 1173 1953 sense-

203 1971 294 1995 runt:
318 1966 508 2004 praesertim
531 1966 585 2005 qui
602 1965 786 2005 propriores
807 1965 937 1996 fuerunt
956 1964 1172 2005 apostolorum

203 2007 410 2046 temporibus.
463 2008 534 2049 Ego
569 2013 603 2039 ut
638 2007 775 2039 Paulum
810 2018 983 2049 agnoscam
1018 2012 1172 2047 autorem,

201 2047 316 2081 adduci
341 2060 476 2091 neque0.
522 2050 605 2082 Nam
636 2051 691 2091 qui
722 2050 834 2082 dicunt
865 2061 979 2082 nomen
1009 2051 1106 2082 fuisse
1134 2050 1173 2082 de

201 2089 359 2124 industria
389 2104 608 2135 suppressum,
639 2094 721 2134 quod
748 2093 894 2125 odiosum
926 2097 1008 2124 esset
1032 2093 1172 2133 Iudaeis,

201 2132 283 2165 nihil
318 2136 468 2167 afferunt.
514 2136 582 2168 Cur
615 2137 700 2167 enim
736 2137 934 2168 mentionem
968 2137 1095 2168 fecisset
1121 2137 1172 2167 'Pi-

201 2178 333 2217 mothei‚
360 2180 385 2210 si
410 2180 455 2210 ita
478 2178 583 2211 esset?
630 2179 700 2211 Hoc
729 2179 815 2210 enim
844 2179 962 2211 indicio
993 2189 1027 2210 se
1056 2179 1172 2219 prode-

201 2217 264 2251 bat.
311 2221 375 2253 Sed
399 2223 468 2262 ipsa
500 2221 635 2254 docendi
658 2222 740 2253 ratio
763 2227 796 2254 et
819 2222 924 2262 stylus
955 2221 1053 2253 alium
1077 2232 1171 2262 quam

200 2261 338 2295 Paulum
362 2274 432 2296 esse
457 2266 535 2297 satis
556 2267 734 2296 testantur:
764 2271 795 2296 et
821 2265 958 2305 scriptor
980 2265 1048 2305 ipse
1071 2275 1171 2296 unum

202 2313 236 2335 se
258 2316 297 2337 ex
328 2307 547 2348 apostolorum
580 2307 746 2348 discipulis
776 2308 956 2348 profitetur,
988 2307 1092 2348 capite
1121 2317 1169 2339 se-

199 2348 318 2380 cundo:
349 2351 432 2391 quod
456 2355 505 2382 est
527 2360 546 2381 a
569 2351 701 2393 paulina
723 2350 954 2382 consuetudine
978 2350 1071 2391 longe
1095 2350 1169 2382 alie-

200 2399 285 2422 num.
330 2393 505 2425 Praeterea
538 2404 619 2434 quae
653 2394 692 2425 de
722 2393 906 2425 catechismi
937 2392 1169 2425 consuetudine

202 2431 332 2466 adducit
361 2436 465 2477 capite
488 2437 516 2475 6,
551 2437 645 2469 Pauli
676 2437 775 2468 aetati
804 2437 911 2467 minus
941 2440 1169 2476 congruerent.

200 2472 275 2506 Alia
297 2484 372 2508 sunt
396 2489 477 2519 quae
499 2479 566 2511 suis
590 2480 667 2512 locis
690 2478 924 2511 adnotabimus.
965 2478 1040 2511 Scio
1063 2478 1168 2518 qualis

201 2515 240 2563 fle
259 2519 346 2565 stylo
369 2523 530 2554 excusatio
557 2523 670 2555 adduci
694 2521 812 2554 soleat:
842 2531 907 2553 non
932 2531 1023 2562 posse
1046 2521 1168 2553 scilicet

200 2558 352 2593 iudicium
375 2563 450 2595 inde
472 2565 551 2603 fieri,
582 2575 620 2596 eo
643 2565 725 2606 quod
749 2565 919 2604 epistolam
942 2565 1025 2596 hanc
1048 2574 1087 2595 ex
1111 2564 1167 2595 he-

199 2601 309 2650 braica
331 2604 442 2646 lingua
464 2606 496 2637 in
520 2617 667 2648 graecam
693 2607 742 2639 vel
766 2607 878 2647 Lucas,
903 2607 953 2638 vel
977 2607 1059 2638 alius
1082 2607 1166 2647 quis-

199 2653 285 2684 piam
316 2648 526 2680 transtulerit.
581 2650 682 2690 Atqui
711 2661 749 2682 ea
779 2650 962 2682 coniectura
992 2649 1082 2681 nullo
1112 2660 1166 2681 ne-

1232 979 1319 1019 gotio
1343 978 1511 1010 refellitur.
1557 978 1602 1011 Ut
1624 980 1710 1011 enim
1734 980 1814 1012 alios
1839 982 1934 1023 locos,
1959 982 2015 1022 qui
2038 992 2079 1014 ex
2102 983 2203 1023 scrip—

1233 1027 1304 1052 tura
1328 1022 1479 1059 citantur,
1503 1026 1718 1062 praeteream:
1742 1023 1769 1054 si
1786 1024 1933 1056 hebraice
1952 1025 2070 1066 scripta
2090 1025 2205 1058 fuisset

1232 1064 1376 1105 epistola,
1409 1064 1499 1096 nulla
1522 1065 1556 1095 in
1580 1066 1711 1096 nomine
1735 1068 1920 1098 testamenti
1943 1068 2055 1100 fuisset
2078 1068 2204 1107 allusio,

1231 1107 1266 1137 in
1290 1117 1353 1147 qua
1375 1107 1512 1147 scriptor
1536 1108 1734 1139 immoratur.
1781 1108 1856 1140 Non
1879 1111 1985 1150 potuit
2008 1111 2139 1150 inquam
2162 1122 2203 1143 ex

1232 1150 1294 1181 alio
1324 1150 1412 1181 fonte
1443 1150 1569 1182 hauriri
1598 1150 1682 1191 quod
1714 1151 1753 1181 de
1783 1152 1853 1183 iure
1883 1154 2067 1185 testamenti
2098 1154 2204 1193 capite

1232 1203 1316 1224 nono
1340 1193 1491 1233 disputat,
1515 1203 1611 1233 quam
1635 1204 1676 1225 ex
1699 1204 1815 1234 graeca
1838 1204 1927 1227 voce.
1961 1195 2044 1227 Nam
2061 1196 2202 1237 διαθήκη

1230 1235 1417 1277 ambiguam
1462 1235 1547 1276 apud
1593 1236 1737 1268 Graecos
1782 1237 2051 1278 significationem
2097 1239 2202 1271 habet.

1230 1283 1307 1310 ruffi
1339 1283 1446 1309 autem
1489 1278 1648 1310 Hebraeis
1683 1289 1746 1310 non
1788 1280 1851 1311 nisi
1886 1279 1996 1312 foedus
2030 1281 2202 1321 significat.

1231 1321 1321 1353 Haec
1345 1332 1408 1352 una
1439 1322 1520 1352 ratio
1544 1322 1615 1353 sani
1644 1322 1754 1353 iudicii
1783 1322 1966 1354 hominibus
1996 1324 2135 1355 sufficiet
2162 1325 2202 1355 ad

1231 1364 1434 1404 probandum
1472 1364 1555 1404 quod
1594 1364 1671 1403 dixi,
1709 1375 1824 1405 graeco
1862 1376 2009 1397 sermone
2048 1366 2201 1406 scriptam

1230 1407 1329 1438 fuisse
1352 1407 1529 1447 epistolam.
1569 1407 1664 1446 Quod
1689 1412 1796 1439 autem
1819 1407 1968 1440 obiicitur
1992 1419 2031 1440 ex
2054 1409 2202 1448 adverso,

1230 1449 1427 1490 probabilius
1450 1460 1520 1481 esse
1543 1449 1669 1481 Iudaeis
1693 1451 1821 1482 nonnisi
1844 1461 1902 1482 sua
1931 1451 2044 1492 lingua
2073 1456 2201 1492 aposto—

1230 1493 1297 1524 lum
1321 1493 1496 1533 scripsisse,
1521 1493 1621 1524 nihilo
1654 1493 1726 1534 plus
1749 1493 1845 1525 habet
1868 1493 2030 1534 ponderis.
2075 1494 2202 1533 Quotus

1230 1536 1316 1567 enim
1340 1536 1477 1575 quisque
1501 1540 1578 1568 tunc
1602 1535 1662 1567 fuit
1685 1536 1739 1576 qui
1771 1538 1891 1568 avitam
1915 1536 2062 1578 linguam
2085 1538 2202 1568 intelli-

1230 1578 1342 1619 geret?
1360 1589 1456 1618 quam
1473 1579 1605 1619 quisque
1621 1579 1786 1620 regionem
1806 1579 1975 1620 incolebat,
1995 1580 2063 1611 eius
2082 1580 2202 1611 idioma

1230 1621 1394 1652 didicerat.
1434 1621 1535 1653 Porro
1559 1622 1671 1662 lingua
1694 1631 1809 1663 graeca
1832 1622 1929 1653 latius
1953 1622 2082 1662 patebat
2105 1633 2200 1663 quam

1229 1664 1312 1696 aliae
1334 1675 1455 1696 omnes.
1490 1664 1560 1696 Iam
1581 1665 1673 1696 venio
1695 1664 1735 1695 ad
1754 1670 1992 1705 argumentum.
2026 1665 2200 1706 Principio,

1230 1718 1292 1738 non
1317 1707 1368 1738 hic
1392 1712 1439 1738 est
1471 1712 1575 1738 status
1598 1717 1721 1745 causae,
1752 1712 1787 1738 ut
1810 1707 1920 1739 Iesum
1950 1708 2051 1739 filium
2075 1708 2201 1739 Mariae

1228 1749 1357 1781 Iudaeis
1384 1750 1576 1790 persuadeat
1608 1760 1677 1781 csse
1701 1749 1869 1781 Christum
1901 1755 1932 1781 et
1961 1750 2199 1791 redemptorem

1228 1793 1291 1824 illis
1315 1793 1519 1833 promissum.
1565 1792 1652 1832 Quia
1674 1793 1760 1824 enim
1782 1793 1821 1823 ad
1845 1803 1898 1824 eos
1921 1793 2032 1825 scribit
2055 1793 2111 1833 qui
2134 1793 2199 1824 iam

1228 1835 1359 1867 Christo
1388 1846 1505 1866 nomen
1537 1834 1700 1873 dederant,
1730 1840 1827 1875 caput
1856 1835 1935 1867 illud
1966 1845 2022 1876 pro
2054 1836 2199 1868 confesso

1227 1879 1336 1911 sumit.
1393 1878 1458 1910 Sed
1493 1879 1525 1909 in
1559 1878 1618 1910 hoc
1652 1878 1785 1910 cardine
1819 1883 1977 1917 versatur,
2015 1883 2051 1909 ut
2085 1878 2200 1918 probet

1227 1922 1320 1961 quale
1345 1922 1386 1952 sit
1402 1921 1543 1952 officium
1559 1921 1701 1953 Christi:
1726 1920 1810 1952 unde
1827 1926 1946 1962 pateat,
1970 1921 2038 1953 cius
2054 1921 2197 1953 adventu

1227 1965 1325 1995 finem
1355 1974 1424 1995 esse
1455 1964 1664 1996 caeremoniis
1695 1964 1890 2004 impositum.
1937 1963 2033 1996 Hanc
2068 1963 2197 1996 distinc-

1227 2007 1347 2038 tionem
1365 2011 1477 2038 notare
1499 2017 1616 2047 operae
1632 2008 1771 2047 pretium
1788 2010 1847 2039 est.
1885 2006 1970 2038 Nam
1990 2007 2084 2038 sicuti
2108 2017 2196 2047 apos-

1227 2050 1291 2081 tolo
1314 2060 1533 2090 supervacuus
1556 2048 1671 2082 fuisset
1693 2050 1794 2088 labor,
1825 2049 1912 2081 hunc
1935 2060 2004 2081 esse
2026 2048 2197 2081 Christum

1226 2093 1280 2133 qui
1305 2093 1468 2124 exhibitus
1492 2093 1603 2130 fuerat,
1635 2092 1719 2133 apud
1743 2102 1798 2123 eos
1823 2092 1957 2132 probare
1980 2092 2035 2132 qui
2061 2092 2127 2123 iam
2151 2093 2196 2123 ita

1226 2137 1370 2176 persuasi
1394 2139 1502 2166 erant:
1531 2136 1576 2167 sic
1600 2146 1654 2166 eos
1677 2135 1784 2167 doceri
1808 2135 1912 2174 qualis
1935 2140 2019 2167 esset
2042 2135 2195 2175 oportuit,

1226 2180 1300 2218 quia
1324 2179 1431 2216 finem,
1462 2178 1527 2209 vim
1551 2184 1583 2210 et
1606 2179 1746 2210 fructum
1776 2177 1936 2209 adventus
1959 2177 2028 2209 eius
2052 2177 2195 2208 nondum

1226 2222 1388 2258 tenebant,
1424 2220 1480 2252 sed
1512 2221 1591 2252 falsa
1625 2221 1705 2262 legis
1739 2221 2006 2261 interpretatione
2039 2220 2194 2260 occupati,

1226 2264 1373 2296 umbram
1398 2263 1635 2304 prehensabant
1658 2273 1715 2304 pro
1738 2273 1880 2304 corpore.
1915 2263 2084 2294 Eiusmodi
2102 2262 2195 2294 hodie

1225 2307 1390 2347 negotium
1414 2307 1505 2338 nobis
1534 2312 1582 2338 est
1605 2316 1677 2338 cum
1709 2307 1854 2347 papistis.
1899 2306 2074 2338 Nobiscum
2106 2306 2194 2337 enim

1225 2350 1369 2381 fatentur
1398 2349 1565 2381 Christum
1589 2359 1658 2380 esse
1692 2349 1794 2380 filium
1824 2348 1896 2387 Dei,
1926 2349 1981 2389 qui
2009 2348 2194 2388 redemptor

1224 2392 1345 2424 mundo
1369 2392 1547 2432 promissus
1571 2392 1690 2423 fuerat:
1715 2391 1770 2423 sed
1788 2402 1884 2432 quam
1908 2392 1947 2422 ad
1965 2401 2032 2422 rem
2056 2395 2194 2422 ventum

1223 2441 1280 2474 est,
1310 2445 1383 2466 eum
1407 2434 1576 2474 plusquam
1599 2434 1733 2465 dimidia
1758 2435 1888 2466 virtutis
1911 2444 1988 2466 suae
2015 2438 2108 2474 parte
2131 2443 2194 2464 nu-

1223 2478 1309 2509 dant.
1354 2477 1490 2509 Orditur
1513 2481 1622 2508 autem
1645 2487 1664 2508 a
1687 2477 1810 2509 Christi
1838 2477 2011 2518 dignitate:
2042 2476 2117 2517 quia
2140 2476 2192 2507 Iu-

1221 2521 1310 2552 daeis
1343 2519 1519 2552 absurdum
1550 2519 1738 2560 videbatur,
1773 2519 1877 2560 legem
1909 2519 2078 2560 evangelio
2107 2522 2192 2559 post—

1221 2564 1342 2595 haberi.
1387 2564 1435 2594 Ac
1465 2563 1606 2603 primum
1640 2561 1770 2602 quidem
1803 2562 1884 2593 illud
1914 2562 2029 2594 statuit
2057 2561 2096 2592 de
2130 2571 2192 2601 quo

1220 2612 1289 2638 erat
1314 2606 1511 2645 disceptatio,
1534 2605 1665 2637 allatam
1689 2615 1707 2636 a
1723 2605 1854 2637 Christo
1871 2604 2049 2637 doctrinam
2071 2604 2190 2644 primas

1220 2656 1340 2686 tenere,
1365 2648 1439 2689 quia
1454 2649 1496 2680 sit
1512 2648 1657 2680 omnium
1674 2647 1918 2688 prophetiarum
1935 2646 2088 2679 clausula.
2124 2645 2191 2677 Sed

1952 2705 1984 2731 1*
