2513 3126
151 200 209 231 101

149 300 302 332 vitiosum
326 299 388 330 erit
411 298 531 329 foedus.
578 298 685 329 Huius
713 299 827 330 obiecti
860 299 960 330 facilis
991 306 1040 330 est
1070 311 1117 330 so-

150 344 240 375 lutio.
285 341 428 373 Tametsi
452 341 537 372 enim
561 341 682 372 crimen
707 341 817 372 violati
845 341 979 372 foederis
1003 342 1118 381 populo

150 388 220 418 iure
236 387 424 425 imputatur,
440 384 494 422 qui
508 394 564 414 sua
581 383 714 423 perfidia
732 383 911 415 desciverat
927 393 946 415 a
959 383 1118 415 Domino:

152 436 260 460 tamen
284 427 381 460 simul
405 433 533 457 notatur
557 426 729 457 infirmitas
748 426 893 464 foederis,
917 427 993 466 quia
1016 426 1118 458 cordi·

150 472 210 504 bus
234 471 425 511 inscriptum
446 479 509 500 non
527 474 626 500 esset:
651 479 727 508 ergo
743 474 777 499 ut
793 476 940 500 sanctum
958 479 994 500 ac
1013 476 1119 500 ratum

151 516 204 555 sit,
234 514 351 554 corrigi
383 519 529 552 oportere
559 512 747 552 pronuntiat
770 510 868 541 Deus.
915 510 1023 549 Quare
1055 522 1118 542 non

150 559 207 590 abs
230 567 264 588 re
292 555 454 597 apostolus
486 553 659 591 contendit,
694 552 914 593 quaerendum
946 553 1043 584 fuisse
1073 563 1119 585 se-

151 600 257 633 cundo
282 600 394 630 locum.

237 644 265 674 8.
298 642 375 673 Ecce
404 640 471 672 dies
498 639 631 670 veniunt.
683 637 733 668 De
767 637 874 668 futuro
905 642 1048 678 tempore
1078 639 1122 670 lo-

151 688 262 728 quitur
291 684 457 725 propheta.
508 682 668 720 Populum
701 680 809 720 arguit
838 680 1003 719 perfidiae,
1038 681 1121 721 quod

150 735 223 770 post
253 733 415 767 acceptam
451 724 553 763 legem
585 725 617 753 in
652 721 714 752 fide
748 732 811 753 non
845 723 997 753 stetisset.
1050 723 1121 754 Lex

146 782 227 813 ergo
258 770 368 801 foedus
398 771 446 799 est
475 765 554 796 illud
585 764 668 804 quod
693 774 711 795 a
733 764 850 804 populo
878 771 1007 805 ruptum
1032 765 1122 797 Deus

150 814 369 854 conqueritur.
406 809 449 842 Ut
473 808 639 839 medeatur
663 807 737 838 huic
753 807 848 847 malo,
871 808 985 839 foedus
1002 818 1122 840 novum

150 863 180 889 et
211 857 250 887 ab
282 855 340 886 hoc
370 853 533 884 diversum
559 849 724 890 promittit,
757 851 847 881 cuius
871 851 1015 882 vaticinii
1036 861 1121 883 com·

150 900 358 940 plementum‚
389 894 508 926 veteris
537 892 724 924 testamenti
755 898 804 924 est
834 893 1010 934 abrogatio.
1055 893 1120 926 Sed

147 950 313 983 perperam
338 946 486 978 torquere
506 935 634 967 videtur
657 934 822 974 apostolus
842 936 903 967 hoc
920 937 1119 975 vaticinium,

146 990 181 1016 ut
211 983 248 1014 ad
281 982 464 1013 institutum
496 989 590 1009 suum
621 978 738 1009 trahat.
784 978 847 1010 Hic
871 980 956 1010 enim
980 981 1121 1020 agitatur

144 1027 182 1058 de
212 1024 423 1058 caeremoniis
453 1022 617 1062 quaestio:
653 1020 810 1061 propheta
845 1028 953 1053 autem
985 1023 1025 1054 de
1055 1028 1121 1054 tota

143 1069 214 1110 lege
237 1068 454 1099 concionatur.
502 1063 587 1103 Quid
611 1063 671 1095 hoc
694 1063 734 1094 ad
762 1066 990 1102 caeremonias,
1020 1066 1046 1096 si
1070 1076 1119 1098 re-

141 1112 253 1153 gulam
274 1110 325 1151 pie
345 1115 518 1148 sancteque
536 1105 667 1137 vivendi
692 1106 858 1138 hominum
877 1118 951 1139 voce
971 1112 1002 1139 et
1019 1109 1120 1140 literis

142 1154 302 1195 proditam
326 1152 415 1183 Deus
445 1149 596 1182 cordibus
620 1149 792 1180 inscribit?
838 1150 1040 1191 Respondeo,
1071 1161 1120 1182 ar-

141 1203 333 1239 gumentum
358 1205 426 1226 esse
449 1203 468 1224 a
491 1197 557 1223 toto
581 1192 619 1223 ad
644 1198 778 1232 partem.
818 1192 891 1224 Non
914 1194 1046 1225 dubium
1070 1197 1119 1226 est

143 1240 221 1281 quin
245 1238 402 1279 propheta
423 1242 525 1267 totum
546 1235 646 1266 Mosis
670 1235 883 1267 ministerium
907 1237 1118 1277 comprehen-

144 1284 207 1320 dat,
231 1291 329 1322 quum
354 1281 447 1311 dicit:
478 1278 594 1319 Pepigi
618 1278 783 1310 vobiscum
810 1279 921 1310 foedus
944 1280 1028 1320 quod
1053 1289 1116 1312 non

142 1325 306 1357 servastis.
339 1324 441 1355 Porro
457 1322 510 1352 lex
526 1321 736 1352 caeremoniis
753 1321 988 1361 quodammodo
1004 1324 1118 1354 vestie-

142 1368 246 1400 batur.
293 1366 387 1398 Nunc
417 1370 489 1406 post
518 1364 659 1404 corporis
689 1364 858 1395 interitum
882 1366 954 1405 quis
978 1366 1116 1397 vestium

142 1421 220 1442 usus
242 1409 326 1441 erit?
371 1409 499 1440 Tritum
529 1413 577 1437 est
598 1406 679 1437 illud
703 1407 791 1448 vulgi
815 1408 1033 1448 proverbium,
1066 1419 1117 1440 ac-

141 1453 316 1485 cessorium
361 1451 452 1491 sequi
497 1456 647 1480 naturam
694 1450 744 1481 sui
785 1451 980 1491 principalis.
1044 1451 1117 1483 Non

141 1496 258 1527 mirum
283 1495 383 1536 igitur
405 1494 432 1526 si
455 1493 684 1531 caeremoniae,
707 1503 788 1533 quae
813 1494 894 1525 nihil
918 1499 995 1525 sunt
1018 1504 1116 1535 quam

141 1538 333 1580 appendices
356 1537 476 1569 veteris
500 1537 696 1574 testamenti,
720 1536 816 1567 simul
839 1547 910 1568 cum
935 1542 999 1569 toto
1016 1538 1117 1569 Mosis

141 1581 321 1613 ministerio
349 1581 446 1612 finem
478 1578 628 1610 habeant.

140 1624 316 1661 insolitum,
349 1623 403 1655 ubi
427 1622 465 1653 de
488 1621 698 1653 caeremoniis
721 1628 770 1652 cst
790 1624 1017 1661 controversia,
1045 1634 1116 1655 sus-

139 1668 245 1707 cipere
268 1666 451 1708 generalem
476 1664 725 1704 disputationem
752 1664 791 1696 de
814 1671 880 1696 tota
903 1665 982 1707 lege.
1028 1667 1116 1707 Ergo

140 1710 265 1741 tametsi
299 1709 396 1740 latius
419 1713 506 1748 patet
532 1707 592 1738 hoc
616 1706 773 1739 Ieremias
799 1709 990 1740 vaticinium
1020 1720 1115 1750 quam

139 1752 179 1783 ad
202 1752 436 1783 caeremonias:
462 1750 537 1790 quia
556 1754 664 1781 tamen
684 1760 738 1782 eas
756 1751 894 1783 includit
909 1752 968 1783 sub
985 1753 1116 1784 nomine

140 1795 260 1827 veteris
289 1794 486 1833 testamenti,
516 1798 590 1833 apte
621 1794 661 1824 ad
685 1800 885 1833 praesentem
909 1805 1039 1827 causam
1063 1806 1114 1827 ac-

138 1837 370 1869 commodatur.
406 1837 579 1868 Caeterum
607 1846 663 1876 per
687 1836 754 1868 dies
778 1837 864 1876 istos,
889 1848 1025 1878 quorum
1051 1849 1114 1869 nie-

139 1880 235 1911 minit
268 1881 441 1921 propheta,
477 1880 618 1910 fatentur
651 1889 763 1911 omnes
797 1880 962 1921 designari
990 1881 1113 1913 Christi

139 1933 294 1962 regnum:
326 1924 412 1954 unde
441 1922 599 1962 sequitur,
627 1920 752 1955 Christi
781 1924 924 1955 adventu
953 1925 1113 1965 corrigen-

140 1965 217 1996 dum
249 1966 347 1997 fuisse
370 1972 466 1997 vetus
490 1970 729 1996 testamentum.
776 1965 946 1998 Domum
978 1967 1113 1999 Israel

138 2014 176 2040 et
206 2009 361 2039 domum
391 2008 493 2040 Iuda
524 2009 679 2048 nominat,
710 2009 793 2047 quod
818 2010 938 2048 posteri
962 2011 1114 2042 Abrahae

138 2052 171 2082 in
202 2051 265 2082 duo
295 2061 396 2092 regna
427 2050 522 2082 divisi
552 2056 654 2082 erant.
707 2051 757 2082 Ita
791 2053 959 2092 promissio
992 2059 1041 2084 est
1075 2054 1114 2085 de

138 2094 288 2125 omnibus
318 2094 428 2126 electis
452 2095 484 2124 in
508 2103 608 2124 unum
632 2104 748 2134 corpus
774 2096 890 2126 iterum
916 2096 1112 2137 colligendis,

139 2143 302 2177 utcunque
325 2137 414 2177 prius
438 2138 598 2176 segregati
622 2136 750 2168 fuerint.

224 2180 252 2211 9.
275 2179 347 2212 Non
369 2181 536 2212 secundum
557 2179 675 2218 foeda-3.
710 2180 781 2213 Hoc
798 2181 896 2213 verbo
917 2182 1113 2222 exprimitur

139 2221 311 2253 discrimen
332 2223 418 2254 inter
435 2222 555 2262 foedus,
572 2223 655 2262 quod
675 2229 753 2254 tunc
773 2224 910 2264 vigebat,
935 2232 966 2256 et
983 2236 1112 2264 novum,

138 2265 229 2296 cuius
252 2275 340 2305 spem
366 2266 457 2297 facit:
487 2264 606 2305 alioqui
630 2270 757 2297 tantum
782 2267 916 2299 dixisset
939 2269 1110 2308 propheta:

139 2306 258 2347 foedus,
279 2308 364 2348 quod
384 2314 492 2340 vestra
508 2309 603 2348 culpa
625 2309 773 2350 concidit,
794 2310 999 2342 instaurabo:
1024 2322 1112 2343 nunc

140 2359 214 2381 vero
248 2352 314 2381 fore
349 2351 504 2383 dissimile
538 2352 731 2382 nominatim
765 2354 962 2393 pronuntiat.
1015 2355 1111 2394 Quod

140 2390 215 2422 dicit
245 2392 355 2424 foedus
388 2404 575 2434 percussum
607 2405 668 2435 quo
693 2395 742 2426 die
766 2406 898 2427 manum
923 2407 1033 2428 eorum
1057 2407 1110 2437 ap-

140 2434 311 2472 prehendit
334 2442 367 2467 ut
390 2448 444 2469 eos
467 2448 484 2468 e
499 2438 657 2469 servitute
673 2444 840 2478 assereret,
864 2440 947 2470 tanti
963 2440 1111 2471 beneficii

139 2479 439 2510 commemoratione
451 2480 571 2511 crimen
585 2481 771 2512 defectionis
783 2488 968 2523 exaggerat.
993 2482 1111 2522 Quam-

139 2528 235 2557 quam
259 2530 324 2550 non
348 2527 475 2553 accusat
499 2523 595 2554 unius
618 2523 737 2555 saeculi
756 2525 1031 2565 ingratitudinem,
1056 2526 1111 2557 sed

140 2570 238 2600 quum
262 2561 308 2592 illi
327 2564 398 2602 ipsi,
422 2565 475 2603 qui
499 2565 624 2597 liberati
650 2567 783 2605 fuerant,
815 2568 963 2607 protinus
987 2568 1110 2600 defece·

139 2604 214 2639 rint,
237 2604 373 2635 subinde
395 2605 428 2635 in
445 2607 556 2638 eadem
574 2609 721 2649 exempla
740 2610 856 2651 relapsi
874 2616 951 2642 sunt
975 2612 1109 2651 posteri:

139 2655 237 2685 quare
273 2651 340 2677 tota
374 2657 453 2687 gens
487 2649 662 2691 foedifraga
695 2651 764 2683 fuit.
818 2653 925 2692 Quum
961 2653 1038 2685 dicit
1070 2664 1110 2686 se

1015 204 1164 237 CAPUT
1188 205 1281 239 VIII.

674 1578 785 1619 Neque
809 1579 869 1611 hoc
892 1581 1046 1620 apostolis
1070 1587 1118 1613 est
1142 1582 1144 1589 ⁴

2096 214 2157 245 102

1172 303 1412 343 neglexisse
1447 305 1496 335 vel
1521 306 1657 345 amplius
1683 318 1744 338 non
1768 317 1896 339 curasse
1920 309 2014 348 ipsos,
2045 311 2147 350 signi—

1172 346 1245 376 ficat
1276 346 1353 377 nihil
1385 347 1444 378 hoc
1477 348 1682 387 profuturum
1706 349 1788 389 quod
1812 350 1911 382 semel
1935 352 1966 382 in
1992 354 2146 392 populum

1173 388 1313 427 adoptati
1337 395 1454 426 essent,
1483 391 1544 422 nisi
1569 401 1651 423 novo
1675 392 1808 423 remedii
1832 404 1950 434 genere
1975 395 2052 434 ipsis
2074 396 2147 427 sub-

1173 431 1290 461 veniat.
1337 432 1542 472 Quamquam
1573 434 1660 465 aliud
1685 434 1833 467 hebraice
1864 436 1941 467 dicit
1974 438 2148 478 propheta:

1173 473 1228 503 sed
1253 473 1311 504 hoc
1334 476 1372 505 ad
1398 481 1599 514 praesentem
1623 477 1843 517 quaestionem
1869 489 1981 518 parum
2004 481 2148 512 interest.

1262 515 1309 547 10.
1334 516 1459 549 Foedus
1480 519 1560 558 qaod
1581 520 1756 559 disponam.
1791 520 1867 551 Duo
1887 523 2056 563 praecipua
2072 530 2150 555 sunt

1175 556 1271 588 huius
1302 559 1436 592 foederis
1467 562 1586 601 capita:
1620 563 1708 602 prius
1738 567 1786 594 est
1810 562 1849 594 de
1872 565 2016 603 gratuita
2039 576 2150 606 pecca·

1174 604 1278 631 torum
1302 603 1501 644 remissione,
1532 606 1668 636 alterum
1698 605 1737 637 de
1759 606 1907 636 interiori
1931 608 2076 639 cordium
2101 620 2150 641 re-

1175 642 1383 675 formatione:
1419 647 1549 677 tertium
1580 658 1619 678 ex
1643 648 1784 680 seeundo
1808 648 1937 688 pendet,
1970 649 2008 681 de
2032 651 2149 683 illumi-

1175 685 1290 715 nandis
1321 687 1355 717 in
1380 688 1441 719 Dei
1465 690 1612 721 notitiam
1643 692 1813 723 mentibus.
1858 691 1922 723 Hic
1946 693 2049 724 multa
2072 700 2148 725 sunt

1175 732 1287 758 notatu
1312 729 1508 769 dignissima.
1546 732 1691 764 Primum
1716 737 1774 772 est,
1797 734 1881 775 quod
1898 734 1987 766 nullo
2004 736 2148 776 profectu

1175 769 1215 800 ad
1245 780 1279 801 se
1314 781 1371 802 nos
1396 772 1485 803 Deus
1509 779 1609 815 vocat,
1639 776 1791 815 quamdiu
1818 777 1946 808 nonnisi
1981 777 2148 810 hominnm

1175 823 1251 844 voce
1276 813 1424 853 loquitur.
1467 816 1569 848 Docet
1592 819 1717 858 quidem
1741 830 1777 851 ac
1801 820 1958 861 praecipit
1980 821 2055 861 quid
2080 832 2149 853 rec·

1175 859 1242 886 tum
1274 856 1333 886 sit:
1365 867 1476 888 verum
1505 860 1588 898 apud
1612 862 1726 893 surdos
1750 863 1848 894 verba
1871 863 1954 894 facit.
2002 863 2096 903 Quod
2121 864 2148 896 si

1174 897 1251 938 quid
1289 898 1440 931 videmur
1478 903 1647 941 exaudire,
1689 910 1812 936 tantum
1854 905 2016 937 feriuntur
2054 917 2148 938 aures

1174 946 1309 973 externo
1333 943 1456 974 sonitu:
1481 954 1535 975 cor
1559 948 1665 976 autem
1686 948 1854 986 pravitatis
1870 953 1901 979 et
1926 950 2148 981 contumaciae

1173 984 1305 1025 plenum
1328 996 1441 1017 sanam
1465 996 1591 1018 omnem
1617 988 1797 1021 doctrinam
1817 991 1949 1031 respuit.
2002 991 2149 1032 Denique

1173 1037 1276 1059 sermo
1295 1028 1355 1059 Dei
1379 1039 1547 1070 nunquam
1571 1031 1603 1061 in
1628 1031 1725 1062 corda
1748 1037 1859 1064 nostra
1882 1038 2030 1073 penetrat
2047 1045 2147 1075 quum

1173 1071 1276 1102 ferrea
1303 1071 1369 1102 sint
1399 1077 1453 1103 aut
1476 1072 1611 1113 lapidea,
1644 1074 1746 1106 donec
1769 1075 1808 1106 ab
1832 1076 1899 1115 ipso
1922 1077 2148 1109 emolliantur:

1172 1113 1236 1144 imo
1267 1115 1460 1146 contrariam
1490 1115 1595 1157 legem
1625 1117 1818 1157 insculptam
1842 1118 1977 1150 habent:
2008 1123 2147 1161 regnant

1172 1157 1258 1187 enim
1284 1157 1348 1189 illic
1372 1159 1514 1198 perversi
1539 1159 1675 1192 affectus
1699 1161 1753 1200 qui
1777 1161 1816 1191 ad
1843 1161 2063 1194 rebellandum
2088 1174 2146 1194 nos

1171 1198 1351 1239 impellunt.
1407 1201 1545 1233 Frustra
1568 1213 1644 1244 ergo
1668 1203 1771 1243 legem
1795 1213 1886 1235 suam
1910 1214 1987 1236 voce
2006 1205 2147 1238 hominis

1173 1242 1260 1274 Deus
1284 1243 1477 1284 promulgat,
1505 1245 1564 1276 nisi
1589 1256 1658 1277 eam
1681 1246 1797 1285 spiritu
1820 1256 1878 1278 suo
1902 1247 2054 1279 inscribat
2077 1258 2146 1280 cor-

1171 1284 1264 1317 dibus
1290 1286 1426 1318 nostris:
1458 1288 1516 1319 hoc
1539 1293 1596 1327 est,
1622 1289 1682 1321 nisi
1707 1289 1740 1319 in
1763 1288 1977 1320 obedientiam
2003 1300 2060 1321 nos
2084 1292 2145 1322 for-

1171 1333 1237 1359 met
1260 1339 1296 1360 ac
1318 1337 1497 1369 componat.
1544 1331 1638 1363 Unde
1664 1336 1754 1372 patet
1777 1332 1853 1372 quid
1878 1332 1985 1364 valeat
2008 1333 2145 1365 liberum

1171 1371 1349 1412 arbitrium,
1381 1377 1413 1404 et
1435 1383 1517 1413 quae
1540 1374 1582 1405 sit
1606 1379 1740 1406 naturae
1763 1374 1932 1414 rectitudo,
1958 1375 2145 1417 priusquam

1171 1425 1229 1446 nos
1253 1414 1343 1446 Deus
1367 1421 1544 1456 regeneret.
1589 1417 1751 1449 Volumus
1776 1418 1906 1458 quidem
1930 1422 1962 1449 et
1985 1418 2147 1460 eligimus,

1170 1456 1266 1497 idque
1296 1464 1427 1498 sponte:
1463 1459 1519 1491 sed
1554 1460 1673 1492 furioso
1707 1470 1806 1502 prope
1841 1462 1962 1502 impetu
1994 1462 2146 1494 voluntas

1171 1500 1272 1531 fertur
1302 1501 1341 1532 ad
1369 1503 1617 1542 repugnandum
1641 1503 1720 1544 Deo,
1753 1514 1812 1536 nec
1841 1514 1874 1536 se
1905 1505 1973 1536 eius
2002 1504 2145 1536 iustitiae

1170 1543 1360 1575 submittere
1383 1544 1449 1576 ullo
1472 1545 1566 1577 modo
1590 1550 1705 1587 potest.
1740 1547 1792 1579 Ita
1815 1548 1853 1579 fit
1876 1552 1911 1578 ut
1933 1546 1987 1578 lex
2003 1548 2145 1579 exitialis

1171 1585 1262 1617 nobis
1293 1587 1335 1617 sit
1365 1597 1401 1619 ac
1424 1588 1600 1627 mortifera,
1630 1589 1783 1629 quamdiu
1814 1590 1847 1620 in
1872 1589 1990 1622 tabulis
2011 1590 2145 1631 lapideis

1169 1629 1288 1669 scripta
1321 1634 1439 1670 manet,
1469 1631 1740 1669 quemadmodum
1771 1632 1868 1664 etiam
1899 1632 1991 1664 docet
2020 1634 2143 1665 Paulus

1170 1671 1353 1712 posterioris
1387 1673 1425 1703 ad
1461 1673 1609 1706 Corinth.
1639 1685 1707 1715 cap.
1732 1676 1766 1715 3,
1798 1675 1827 1706 3.
1884 1675 2031 1716 Denique
2066 1682 2144 1708 tuno

1168 1715 1354 1746 obedienter
1377 1716 1603 1755 amplectimur
1627 1718 1712 1758 quod
1732 1719 1823 1750 Deus
1842 1718 1937 1756 iubet,
1962 1729 2061 1759 quum
2082 1730 2142 1751 suo

1168 1758 1284 1798 spiritu
1315 1758 1457 1789 nativam
1488 1760 1632 1791 cordium
1667 1762 1859 1800 pravitatem
1887 1765 1992 1792 mutat
2015 1767 2047 1793 et
2070 1772 2140 1794 cor-

1168 1801 1261 1841 rigit:
1291 1800 1408 1841 alioqui
1440 1802 1520 1833 nihil
1552 1803 1584 1833 in
1614 1803 1704 1834 nobis
1727 1814 1823 1844 quam
1850 1804 1981 1836 vitiosos
2004 1805 2139 1836 affectus

1167 1848 1198 1874 et
1231 1847 1333 1874 totum
1364 1853 1419 1875 cor
1442 1845 1526 1876 malo
1550 1845 1714 1877 addictum
1738 1847 1886 1888 reperiet.
1932 1847 2029 1878 Clara
2052 1848 2139 1879 enim

1166 1891 1215 1917 est
1238 1887 1407 1926 sententia,
1431 1888 1672 1927 percutiendum
1696 1895 1780 1921 essct
1803 1899 1921 1921 novum
1947 1890 2055 1921 foedus
2075 1900 2140 1930 quo

1167 1929 1253 1970 leges
1287 1939 1361 1960 suas
1394 1930 1543 1962 cordibus
1577 1931 1667 1963 Deus
1701 1932 1874 1973 insculpat:
1910 1934 1985 1973 quia
2020 1933 2138 1973 alioqui

1166 1971 1308 2003 futurum
1339 1972 1379 2003 sit
1409 1972 1548 2006 irritum.
1594 1973 1783 2006 Secundum
1814 1977 1912 2015 caput
1935 1981 1983 2006 est
2006 1975 2044 2007 de
2067 1986 2139 2016 gra-

1166 2015 1248 2046 tuita
1270 2018 1475 2054 peccatorum
1499 2017 1601 2048 venia.
1637 2018 1775 2049 Etiamsi
1799 2019 2011 2058 peccaverint,
2034 2018 2141 2059 inquit

1166 2057 1334 2095 Dominus,
1359 2063 1468 2089 tamen
1490 2060 1665 2100 ignoscam.
1700 2061 1771 2092 Hoc
1793 2071 1919 2101 quoque
1936 2065 2032 2102 caput
2055 2062 2141 2102 plus-

1166 2111 1260 2141 quam
1292 2102 1508 2133 necessarium
1530 2105 1596 2134 est:
1632 2114 1734 2143 neque
1757 2105 1844 2135 enim
1868 2104 1912 2135 sic
1937 2114 2080 2144 unquam
2106 2106 2139 2135 in

1165 2143 1380 2174 obedientiam
1410 2143 1552 2177 iustitiae
1582 2156 1659 2177 suae
1682 2146 1773 2178 Deus
1804 2157 1862 2178 nos
1892 2146 2023 2184 format,
2059 2148 2138 2188 quin

1165 2187 1327 2226 supersint
1358 2186 1452 2217 multi
1477 2188 1581 2220 vitiosi
1613 2189 1718 2221 carnis
1743 2190 1892 2222 affectus:
1923 2190 1988 2221 imo
2012 2194 2136 2221 tantum

1164 2229 1270 2268 aliqua
1293 2239 1332 2259 ex
1356 2233 1448 2268 parte
1470 2231 1644 2272 corrigitur
1668 2237 1803 2263 naturae
1823 2239 1951 2264 nostrae
1968 2232 2137 2264 vitiositas.

1165 2271 1215 2302 Ita
1238 2271 1373 2302 subinde
1396 2271 1554 2305 ebulliunt
1578 2274 1680 2306 malae
1695 2275 1896 2315 cupiditates.
1931 2276 2036 2315 Atque
2061 2276 2137 2307 hinc

1163 2318 1326 2345 certamen
1349 2313 1430 2345 illud
1453 2315 1492 2347 de
1516 2327 1578 2357 quo
1602 2317 1725 2349 Paulus
1748 2318 1957 2358 conqueritur
1980 2317 2089 2359 (Rom.
2107 2319 2137 2355 7,

1165 2356 1226 2398 13),
1257 2362 1291 2387 ut
1321 2357 1364 2397 pii
1397 2367 1461 2389 non
1491 2359 1709 2400 obsequantur
1739 2361 1808 2392 Deo
1838 2366 1873 2392 ut
1904 2361 2049 2400 decebat,
2080 2363 2136 2394 sed

1164 2400 1262 2431 variis
1292 2399 1394 2430 modis
1423 2401 1572 2434 offendat.
1618 2402 1853 2443 Qualecunque
1882 2414 1958 2444 ergo
1982 2404 2064 2435 iuste
2088 2406 2135 2436 vi-

1163 2442 1259 2474 vendi
1290 2443 1330 2473 sit
1360 2442 1392 2472 in
1424 2444 1516 2476 nobis
1539 2444 1751 2477 desiderium:
1782 2447 1827 2478 rei
1851 2450 1961 2478 tamen
1986 2452 2136 2478 aeternae

1164 2486 1274 2516 mortis
1297 2495 1403 2516 coram
1424 2485 1493 2518 Deo
1517 2487 1646 2528 erimus,
1670 2489 1744 2529 quia
1766 2499 1892 2530 semper
1915 2489 2022 2530 procul
2046 2490 2138 2522 abest

1164 2529 1230 2558 vita
1253 2533 1363 2558 nostra
1386 2538 1404 2558 a
1427 2528 1506 2569 legis
1530 2530 1734 2569 perfectione.
1778 2532 1877 2563 Nulla
1899 2542 1975 2572 ergo
1999 2532 2135 2564 foederis

1163 2571 1224 2601 erit
1261 2570 1434 2610 stabilitas,
1475 2572 1536 2603 nisi
1573 2574 1713 2613 gratuito
1751 2574 1841 2606 nobis
1880 2579 2007 2615 peccata
2044 2575 2135 2606 Deus

1163 2614 1318 2653 ignoscat.
1364 2613 1539 2646 Caeterum
1569 2615 1628 2647 hoc
1658 2616 1822 2657 singulare
1846 2618 2053 2659 privilegium
2086 2624 2133 2648 est

1163 2656 1314 2693 fidelium,
1339 2657 1392 2696 qui
1423 2658 1521 2689 semel
1546 2658 1688 2690 oblatum
1719 2661 1751 2690 in
1776 2659 1909 2692 Christo
1934 2661 2042 2692 foedus
2066 2670 2132 2690 am-

1893 2719 1923 2743 7*
