2912 4368
376 773 436 800 ῖὶὶῑι
1183 769 1319 799 lil‘ls'l‘.
1347 769 1569 799 mmmm>

374 867 532 905 cupiditas
572 866 770 899 «inminutus,
806 872 834 894 et
872 863 1033 893 hominem
1075 871 1117 893 itii
1153 863 1344 902 implicitum

376 917 463 939 tenet
490 917 519 939 nt
547 919 607 937 non
628 907 742 945 cogitet
769 906 806 936 de
830 906 958 937 coelesti
986 907 1060 943 vita,
1086 907 1148 937 illie
1174 914 1220 936 est
1247 906 1343 936 belui-

376 964 433 983 nns
458 960 579 989 stupor.

464 992 693 1031 Siqmsdz'liyi!
712 992 871 1022 mumium.
911 992 1111 1031 argumento
1136 1004 1153 1022 a
1177 991 1346 1022 contrariis

375 1037 483 1076 probat
518 1045 609 1073 qnam
640 1044 768 1065 neccsse
800 1035 841 1065 sit
877 1035 986 1065 mundi
1022 1045 1164 1065 amorem
1199 1034 1373 1073 abiicere„

897 1077 996 1116 quue
1032 1084 1140 1117 postea
1175 1077 1372 1108 confirmat*

374 1128 563 1160 argumento
581 1132 597 1150 a
617 1121 887 1159 repugnantibus:
913 1121 988 1159 quia
1014 1131 1092 1160 qnae
1118 1120 1246 1160 propria
1269 1126 1346 1150 sunt
1371 1122 1373 1142 ³

1156 1162 1344 1193 Tenendum
1371 1162 1373 1185 ἕ

374 1081 399 1109 si
433 1078 567 1107 velimus
604 1077 727 1116 placere
760 1077 836 1107 Deo.

374 1163 501 1200 mundi,
537 1173 608 1193 cnm
644 1162 711 1193 Deo
749 1174 877 1201 prorsus
913 1163 1098 1194 dissideant.

374 1215 420 1237 est
446 1205 527 1245 quod
554 1206 615 1236 inin
643 1206 719 1243 dixi,
747 1206 795 1235 hic
821 1206 923 1236 notari
952 1205 1120 1245 profanum
1147 1206 1229 1236 vitae
1255 1206 1345 1236 insti·
1371 1223 1373 1227 ι

373 1252 496 1284 tutum,
522 1248 604 1288 quod
631 1248 710 1278 nihil
732 1248 825 1278 habet
851 1259 923 1279 eum
949 1260 1048 1289 regno
1076 1249 1133 1279 Dei
1158 1259 1344 1279 commune:

374 1291 427 1322 nbi
453 1292 496 1323 sic
522 1292 718 1331 degenerant
746 1292 909 1330 homines,
935 1298 969 1322 ut
995 1292 1154 1331 praesenti
1182 1292 1245 1321 vita
1269 1301 1344 1322 con-

372 1335 463 1365 tenti.
489 1334 589 1364 nihilo
613 1335 685 1373 plus
710 1333 748 1364 de
773 1334 947 1365 immortali
984 1336 1050 1365 vita
1078 1335 1219 1373 cogitent
1251 1344 1344 1373 qnam
1372 1358 1373 1369 2

373 1377 486 1408 brutae
512 1376 656 1415 pecudes.
694 1377 779 1416 Ergo
805 1377 949 1416 quisquis
974 1379 1017 1408 ita
1041 1388 1073 1408 se
1099 1377 1236 1407 terrenis
1261 1378 1345 1417 cupi-

373 1420 525 1450 ditatibus
550 1420 721 1459 mancipat,
748 1430 810 1450 non
837 1427 940 1459 potest
967 1420 1026 1451 Dei
1052 1430 1129 1450 esso.

461 1463 508 1493 15.
540 1462 915 1502 Nempeconcupiscentia
932 1464 1044 1494 carnis.
1072 1463 1347 1502 Vetusinterpres

373 1506 480 1535 aliter:
518 1516 590 1535 nam
627 1517 664 1535 cx
699 1516 762 1535 nna
794 1507 954 1536 sententia
986 1506 1065 1536 duas
1097 1505 1181 1536 facit.
1229 1505 1347 1536 Melius

374 1548 500 1585 Graeci,
525 1548 579 1587 qni
605 1558 668 1578 nno
693 1554 846 1579 contextu
871 1548 998 1589 legunt,
1024 1548 1094 1579 Non
1119 1558 1188 1579 esse
1213 1558 1251 1579 ex
1278 1548 1346 1579 Deo

374 1590 529 1630 quidquid
556 1597 601 1621 est
627 1591 753 1622 mundi:
778 1598 809 1621 et
834 1598 898 1622 tres
922 1591 1201 1630 concupiscentiae
1225 1591 1346 1631 species

374 1634 582 1670 interserunt,
602 1634 748 1664 oratione
767 1645 828 1665 non
847 1635 991 1674 abrupta.
1025 1634 1106 1664 Nam
1126 1634 1347 1674 explicationis

373 1677 442 1707 vice
468 1677 657 1716 interposuit
682 1676 846 1707 Iohannes
871 1677 949 1707 haec
980 1678 1070 1717 quasi
1103 1677 1166 1707 tria
1189 1677 1347 1717 exempla,

373 1726 406 1750 ut
424 1720 610 1750 summatim
629 1720 814 1751 ostenderet
829 1720 936 1759 qualia
953 1725 1029 1751 sunt
1048 1720 1156 1750 studia
1182 1726 1211 1750 et
1235 1719 1346 1759 quales

373 1773 480 1793 eorum
513 1763 739 1793 meditationes
771 1763 824 1802 qui
856 1763 974 1793 mundo
1007 1763 1129 1793 vivunt.
1178 1762 1279 1793 Porro
1307 1773 1346 1793 an

373 1805 468 1845 plena
491 1805 533 1835 sit
557 1812 587 1835 et
612 1806 738 1845 integra
763 1806 905 1844 partitio,
931 1816 997 1836 non
1022 1816 1216 1845 magnopere
1240 1806 1346 1837 refert.

374 1849 579 1887 Quamquam
613 1859 672 1878 non
707 1848 845 1888 reperies
877 1848 1038 1879 hominem
1063 1849 1281 1887 mundanum⁷
1313 1849 1346 1879 in

375 1901 436 1931 quo
468 1901 532 1921 non
558 1898 693 1931 regnent
718 1892 797 1921 istac
828 1891 1034 1930 cupiditates,
1069 1892 1117 1922 vel
1146 1891 1259 1923 saltem
1285 1901 1347 1922 una

373 1944 493 1965 earum.
530 1933 645 1964 Restat
670 1941 701 1964 ut
720 1933 886 1965 videamus
910 1934 985 1973 quid
1010 1945 1067 1975 per
1084 1944 1346 1974 unamquamque

373 1976 542 2016 intelligat.
590 1976 735 2007 Primum
761 1977 940 2007 membrum
973 1977 1169 2018 generaliter
1193 1977 1231 2008 de
1256 1977 1346 2008 vitio-

374 2021 416 2050 sis
441 2019 591 2050 omnibus
615 2019 885 2059 concupiscentiis
909 2021 1026 2060 exponi
1050 2020 1145 2051 solet:
1175 2020 1250 2060 quia
1273 2029 1346 2051 caro
1373 2037 1375 2060 2

373 2068 473 2093 totam
498 2061 637 2092 hominis
661 2068 844 2102 corruptam
877 2069 1026 2094 naturam
1058 2064 1229 2103 significat.
1275 2063 1347 2103 Ego

376 2148 541 2178 diversum
560 2158 689 2178 sensum
710 2147 790 2178 mihi
815 2148 953 2188 probari.
990 2148 1098 2188 Quum
1121 2154 1208 2180 vetat
1226 2149 1347 2179 Paulus

374 2191 432 2221 Ro.
460 2190 508 2228 13,
534 2191 581 2227 14,
606 2192 710 2222 carnis
735 2201 845 2222 curam
871 2191 981 2223 haberi
1006 2190 1045 2222 ad
1062 2192 1347 2232 concupiscentias,

374 2233 452 2264 mihi
493 2233 620 2264 videtur
658 2233 800 2273 optimus
836 2245 906 2265 esse
943 2234 1040 2266 huius
1079 2235 1138 2266 loci
1177 2236 1346 2274 interpres.

375 2275 462 2315 Quid
480 2283 526 2307 est
543 2276 608 2308 illic
625 2285 716 2308 caro:
735 2276 858 2317 Nempe
874 2288 990 2318 corpus
1004 2282 1035 2309 et
1054 2278 1124 2309 eius
1137 2278 1345 2309 accessiones.

374 2319 461 2358 Quid
485 2329 560 2359 ergo
585 2326 632 2350 est
656 2320 764 2350 carnis
786 2320 959 2360 cupiditas,
990 2320 1052 2351 nisi
1077 2331 1174 2360 quum
1200 2320 1347 2352 homines

374 2362 494 2393 terreni
525 2362 666 2393 molliter
698 2370 729 2393 et
758 2362 891 2394 delicate
915 2364 1023 2395 vivere
1047 2369 1249 2404 appetentes,
1283 2364 1347 2395 suis

376 2409 502 2435 tantum
516 2405 693 2436 commodis
709 2406 827 2436 intenti
844 2414 935 2437 sunt:
959 2407 1044 2438 Nota
1067 2412 1115 2438 est
1139 2417 1177 2438 ex
1192 2406 1347 2438 Cicerone

376 2452 407 2478 et
426 2447 496 2478 aliis
526 2449 720 2479 trimembris
734 2448 867 2488 Epicuri
886 2450 1026 2489 partitio,
1045 2460 1107 2489 qna
1123 2450 1207 2480 inter
1225 2450 1346 2489 cupidi-

375 2496 458 2521 tates
483 2490 650 2522 discernit:
675 2502 775 2531 quum
803 2492 882 2522 alias
902 2492 977 2524 facit
999 2491 1162 2523 naturales
1186 2499 1216 2523 et
1240 2503 1346 2524 neces-

376 2532 492 2563 sarias:
517 2533 594 2564 alias
618 2534 790 2572 naturales,
817 2545 879 2565 non
903 2542 1009 2566 tamen
1035 2536 1244 2567 necessarias:
1269 2536 1346 2567 alias

377 2585 434 2606 nec
453 2576 626 2613 naturales,
652 2587 710 2608 nec
728 2578 935 2609 necessarias.
968 2577 1089 2609 Verum
1107 2576 1280 2615 Iohannes,
1297 2579 1347 2609 cui
1373 2583 1374 2611 l

377 2624 454 2647 nota
488 2625 556 2648 erat
591 2619 694 2650 cordis
728 2619 863 2651 humani
898 2620 1026 2659 ἀταξία,
1063 2631 1175 2652 secure
1214 2621 1374 2652 damnat'

377 2659 588 2700 cupiditatem
635 2662 755 2699 carnis,
801 2663 875 2702 quia
920 2674 1048 2704 semper
1092 2664 1347 2703 intemperanter
1373 2678 1374 2703 j

376 2703 510 2739 diffluat,
537 2713 594 2734 nec
619 2704 874 2736 mediocritatem
900 2713 1015 2737 servet.
1048 2706 1164 2737 Postea
1188 2706 1345 2746 gradatim
1373 2722 1374 2725 =

377 2745 563 2777 conscendit
599 2746 637 2776 ad
669 2747 825 2778 crassiora
861 2748 947 2779 vitia.
994 2749 1221 2788 Cupiditas
1253 2760 1346 2780 ocn-

376 2788 509 2819 lorum
534 2788 618 2828 (meo
642 2789 772 2829 iudicio)
791 2797 855 2820 tam
874 2791 1059 2823 libidinosos
1076 2791 1244 2831 adspectus
1261 2803 1346 2824 com-

376 2830 557 2871 prehendit,
581 2842 676 2871 quam
701 2832 877 2876 vanitatem
898 2844 979 2873 quae
1004 2836 1034 2865 in
1056 2836 1180 2875 pompis
1204 2842 1234 2865 et
1258 2836 1346 2866 inani

378 2959 514 2990 aliorum
552 2964 771 2999 contemptus,

379 3182 501 3203 versae.
549 3173 621 3221 Pro
639 3175 738 3212 vita,
764 3184 877 3215 graece
901 3179 950 3206 est
973 3174 1046 3216 βίος,
1071 3175 1129 3207 hoc
1154 3183 1199 3208 est
1217 3177 1347 3209 vivendi

380 3226 483 3256 genus
509 3224 539 3247 et
564 3222 653 3247 ratio.

1374 2434 1375 2444 ,
1403 2406 1599 2438 offendicula
1629 2406 1745 2447 quibus
1776 2412 1924 2447 poterant
1956 2406 2090 2437 turbari.

1374 2449 1375 2487 j
1402 2455 1495 2481 erant
1528 2450 1635 2480 variae
1659 2456 1764 2481 sectae
1793 2459 1874 2489 quae
1905 2455 1935 2480 et
1959 2449 2032 2480 fidei
2063 2448 2219 2480 unitatem
2250 2448 2374 2480 scinde-

1374 2522 1375 2526 ,
1403 2493 1490 2531 bant,
1514 2498 1545 2523 et
1570 2492 1771 2533 dissipabant
1791 2492 1950 2524 eeclesias.
1987 2492 2162 2532 Apostolus
2184 2497 2292 2523 autem
2310 2502 2375 2523 non

1376 3218 1377 3242 ἶ
1405 3227 1567 3261 appareat.

2311 773 2373 803 :520

1486 865 1582 903 Atqui·
1608 863 1742 893 nualdus
1766 865 1887 894 transit.
1946 864 2029 902 Quia
2063 864 2094 894 in
2136 864 2257 894 mundo
2293 865 2371 896 nihil

1399 913 1449 938 est
1484 908 1543 937 nisi
1578 907 1731 936 caducum
1768 913 1798 937 et
1831 906 1923 946 quasi
1959 914 2236 945 momentaneum,
2272 918 2311 938 ex
2336 918 2372 938 eo

1398 950 1518 989 colligit
1544 960 1637 989 quani
1663 949 1743 980 inale
1768 954 1798 979 ct
1827 951 1941 979 misero
1965 950 2022 980 sibi
2047 949 2217 980 consulant
2241 951 2294 989 qui
2321 950 2371 981 hic

1399 993 1457 1023 sibi
1495 992 1677 1023 felii-itatem
1713 992 1931 1022 constituunt:
1973 994 2162 1032 praesertim
2198 1003 2296 1032 quum
2334 992 2373 1023 ad

1399 1035 1522 1066 beatann
1541 1041 1691 1064 aeternae
1709 1035 1795 1064 vitae
1819 1034 1953 1074 gloriani
1976 1046 2031 1065 nos
2049 1034 2138 1065 Deus
2163 1040 2268 1066 vocet:
2295 1046 2330 1067 ac
2348 1036 2372 1066 si

1400 1079 1535 1108 diceret:
1564 1076 1645 1107 Vera
1672 1077 1816 1116 felicitas,
1841 1088 1936 1116 quam
1963 1078 2051 1108 Deus
2081 1078 2154 1109 tiliis
2176 1079 2242 1109 suis
2269 1079 2373 1116 offert,

1399 1128 1529 1151 aeterna
1554 1126 1615 1150 est:
1643 1120 1812 1159 indignum
1835 1127 1883 1150 cst
1907 1121 2015 1160 igitur,
2042 1132 2099 1151 nos
2125 1120 2243 1151 mundo
2268 1121 2373 1161 impli-

1399 1164 1480 1198 cari,
1514 1163 1567 1201 qui
1604 1172 1677 1193 mox
1714 1174 1786 1194 cum
1813 1162 1903 1194 bonis
1931 1164 1998 1194 suis
2022 1164 2171 1194 omnibus
2194 1169 2373 1195 evanescet.

1400 1205 1799 1245 Concupiscentiam
1837 1206 1887 1237 hic
1919 1206 2114 1246 interpretor
2147 1207 2374 1247 metonymice,

1400 1248 1553 1288 quidquid
1579 1249 1826 1288 concupiscitur,
1852 1254 1883 1279 ct
1900 1248 2069 1279 hominum
2095 1248 2252 1280 desideria
2276 1249 2314 1279 ad
2341 1260 2374 1280 se

1401 1292 1491 1330 rapit.
1539 1292 1661 1322 Sensus
1686 1294 1743 1327 cst,
1775 1291 1932 1331 quidquid
1967 1293 1997 1322 in
2030 1292 2149 1322 mundo
2182 1292 2373 1332 pretiosissi-

1402 1345 1489 1364 innm
1515 1340 1543 1363 et
1577 1335 1716 1364 maxime
1747 1335 1886 1374 optabile
1911 1334 2049 1374 ducitur,
2081 1334 2161 1364 nihil
2185 1345 2281 1374 quam
2305 1345 2372 1365 um-

1401 1377 1514 1408 bratile
1539 1387 1608 1406 esse
1632 1383 1804 1416 spectrum.
1841 1377 1948 1416 Quum
1975 1377 2060 1413 dicit,
2087 1383 2286 1417 perpetuo
2311 1387 2375 1407 ma-

1373 1448 1374 1454 ,
1402 1431 1477 1450 nere
1495 1420 1548 1458 qni
1574 1419 1694 1450 faciunt
1714 1419 1772 1449 Dei
1799 1420 2014 1450 voluntatem:
2039 1420 2200 1460 significat
2219 1426 2374 1460 perpetuo

1402 1464 1467 1493 sore
1493 1463 1600 1492 beatos
1632 1463 1686 1501 qui
1711 1462 1749 1493 ad
1775 1462 1881 1493 Deum
1905 1462 2079 1502 adspirant.
2126 1464 2162 1493 Si
2195 1463 2265 1503 quis
2297 1462 2375 1494 obii-

1401 1508 1472 1543 ciat,
1498 1506 1659 1536 neminem
1685 1505 1787 1536 facere
1811 1504 1895 1544 quod
1922 1506 2011 1536 Deus
2035 1506 2207 1545 praecipit:
2242 1515 2374 1545 respon-

1401 1550 1446 1579 sio
1472 1549 1503 1578 in
1529 1555 1680 1587 promptu
1705 1554 1762 1585 est,
1795 1559 1858 1578 non
1884 1547 1921 1578 de
1953 1548 2098 1578 absoluta
2123 1548 2202 1589 legis
2226 1549 2375 1579 observa-

1402 1592 1488 1622 tione
1513 1590 1564 1622 hic
1588 1591 1648 1631 agi,
1674 1590 1730 1621 sed
1748 1590 1784 1621 de
1802 1591 1876 1621 fidei
1893 1590 2085 1627 obedientia,
2111 1601 2192 1631 quae
2211 1597 2373 1631 utcunque

1402 1635 1542 1673 perfecta
1573 1644 1636 1664 non
1667 1634 1719 1671 sit,
1750 1633 1819 1664 Deo
1852 1633 2062 1664 nihilominus
2094 1635 2256 1673 probatur.
2309 1634 2374 1665 Vo-

1402 1678 1510 1707 luntas
1536 1676 1597 1707 Dei
1629 1677 1770 1716 primum
1803 1677 1834 1707 in
1859 1677 1929 1717 lege
1954 1676 2044 1707 nobis
2075 1682 2289 1707 monstratur:
2320 1676 2376 1707 sed

1401 1720 1475 1759 qnia
1499 1719 1561 1760 legi
1597 1730 1691 1750 nemo
1716 1719 1882 1757 satisfacit,
1912 1719 2000 1750 nulla
2030 1719 2119 1750 illinc
2143 1718 2280 1751 felicitas
2303 1729 2375 1759 spe-

1403 1763 1466 1794 rari
1502 1768 1617 1802 potest.
1675 1762 1799 1793 Verum
1839 1762 2016 1802 desperatis
2052 1763 2190 1793 occurrit
2224 1762 2376 1793 Christus

1402 1816 1474 1836 cum
1501 1815 1583 1836 novo
1608 1805 1759 1842 subsidio,
1784 1805 1921 1845 quinon
1946 1810 2071 1836 tantum
2097 1806 2214 1845 spiritu
2237 1815 2294 1837 nos
2318 1815 2375 1836 suo

1403 1853 1574 1887 regenerat
1603 1854 1637 1878 nt
1673 1848 1861 1879 obediamus
1893 1848 1977 1879 Deo:
2013 1847 2068 1879 sed
2104 1849 2179 1879 facit
2210 1848 2305 1879 etiam
2342 1853 2377 1878 ut

1402 1891 1633 1931 qualiscunque
1658 1896 1768 1922 noster
1791 1896 1925 1922 conatus
1943 1891 2055 1931 plenae
2080 1892 2221 1922 iustitiae
2246 1891 2376 1922 laudem

1402 1934 1553 1965 obtineat.

1488 2019 1537 2050 18.
1564 2018 1683 2058 Filiam,
1712 2020 1882 2051 novissima
1906 2019 1982 2051 hora
2005 2022 2062 2051 est:
2093 2022 2118 2051 el
2140 2020 2219 2051 sicut
2242 2019 2378 2051 audistis

1373 2090 1375 2100 ,
1401 2063 1481 2103 quod
1504 2061 1717 2095 Antichristus
1740 2065 1886 2094 venturus
1909 2063 1956 2099 sit,
1982 2063 2074 2094 etiam
2099 2073 2178 2094 nunc
2201 2061 2377 2094 antichristi

374 2105 504 2135 tametsi
530 2104 626 2135 nolim
654 2105 863 2142 contendere,
895 2106 1101 2137 dissimulare
1130 2111 1239 2137 tamen
1263 2106 1346 2145 nolo,
1373 2107 1375 2115 ’

1401 2105 1490 2137 multi
1519 2108 1679 2144 coeperunt
1709 2116 1789 2138 esse:
1822 2106 1903 2137 unde
1933 2106 2047 2138 scimus
2081 2116 2143 2137 esse
2176 2105 2378 2137 novissimam

1401 2149 1519 2180 horam.
1567 2148 1616 2178 19.
1642 2148 1694 2180 Ea:
1716 2149 1801 2180 nobis
1823 2149 1937 2189 eyressi
1960 2151 2039 2188 sunt,
2070 2148 2124 2179 secl
2146 2158 2207 2180 non
2231 2149 2317 2179 erant
2340 2157 2377 2178 ex

1402 2191 1500 2223 nobis.
1548 2192 1633 2222 Nam
1656 2192 1685 2223 si
1706 2192 1839 2231 fuissent
1862 2202 1898 2222 ez
1922 2191 2019 2231 nobis,
2046 2191 2293 2231 permansissent
2319 2190 2376 2221 uti-

1374 2242 1375 2275 ]
1401 2245 1459 2275 que
1482 2235 1654 2267 nobiscum:
1676 2235 1729 2266 sed
1754 2237 1785 2265 ut
1807 2235 1967 2274 manifesti
1985 2235 2092 2273 fierent
2110 2234 2190 2274 quod
2212 2244 2272 2265 non
2290 2236 2378 2265 erant

1402 2288 1504 2309 omnes
1527 2288 1564 2310 ex
1587 2278 1683 2309 nobis.

1490 2363 1537 2394 18.
1565 2364 1747 2395 Novissima
1763 2363 1849 2395 hora.
1885 2363 2066 2395 Confirmat
2090 2363 2200 2436 fideIles
2220 2363 2375 2395 adversus

2161 2416 2212 2436 am
2246 2411 2375 2437 exortae

1402 2540 1529 2566 tantum
1561 2535 1670 2566 fideles
1698 2535 1813 2572 munit,
1846 2545 1887 2566 ne
1912 2535 2067 2566 titubent:
2099 2535 2154 2566 sed
2185 2535 2217 2565 in
2246 2539 2373 2566 contra-

1402 2579 1484 2609 rium
1515 2578 1612 2609 finem
1644 2578 1705 2610 hoc
1736 2584 1838 2609 totum
1862 2579 1967 2609 vertit.
2015 2577 2178 2609 Admonet
2201 2578 2288 2608 enim
2312 2588 2374 2614 eos,

1401 2622 1464 2652 iam
1489 2621 1600 2652 adesse
1626 2628 1751 2661 tempus
1782 2627 1974 2658 extremum,
2006 2620 2139 2660 ideoque
2163 2630 2217 2652 eos
2246 2620 2285 2651 ad
2310 2629 2374 2650 ma-

1402 2665 1505 2695 iorem
1540 2664 1741 2705 vigilantiam
1778 2664 1941 2695 hortatur:
1981 2673 2017 2695 ac
2051 2663 2078 2695 si
2114 2663 2246 2700 diceret,
2286 2663 2373 2693 Dum

1401 2713 1572 2748 emergunt
1608 2717 1731 2738 errores
1767 2706 1897 2744 diversi,
1933 2707 2038 2746 potius
2072 2706 2284 2746 expergefieri
2318 2715 2374 2736 vos

1373 2752 1375 2788 1¹
1402 2751 1494 2781 decet
1518 2760 1612 2789 quam
1637 2750 1737 2781 obrui.
1774 2749 1854 2780 Inde
1879 2749 1962 2780 enim
1987 2748 2202 2789 colligendum
2226 2754 2283 2785 est,
2310 2758 2373 2778 non

1373 2808 1375 2829 κ,
1401 2793 1514 2833 procul
1539 2793 1649 2823 abesse
1673 2792 1859 2824 Christum:
1883 2802 1959 2832 ergo
1983 2792 2098 2822 intenti
2123 2792 2222 2822 simus
2247 2791 2279 2821 in
2305 2791 2373 2821 eius

1374 2842 1375 2873 ξ
1402 2836 1685 2875 exspectationem,
1710 2845 1749 2866 ne
1773 2835 1879 2866 subito
1905 2846 1962 2866 nos
1986 2833 2215 2874 deprehendat.
2249 2833 2373 2864 Eodem

377 2873 548 2913 splendore
572 2879 719 2915 vagatur.
760 2875 915 2914 Sequitur
940 2885 1099 2916 postremo
1124 2878 1189 2909 loco
1213 2878 1347 2909 fastus
1374 2879 1375 2914 ζ

377 2923 432 2947 aut
456 2916 621 2957 superbia,
652 2917 702 2948 cui
733 2918 903 2949 coniuncta
927 2926 974 2950 est
1006 2919 1153 2957 ambitio,
1184 2921 1346 2959 iactantia,
1374 2916 1375 2922 ¹

813 2970 926 2992 caecus
965 2971 1053 2993 amor
1091 2963 1151 3001 sui,
1196 2958 1376 3003 praecepsi

377 3002 582 3033 confidentia.
615 3001 750 3034 Summa
775 3010 833 3041 est,
856 3004 951 3034 simul
976 3014 1010 3035 ac
1028 3006 1166 3037 mundus
1190 3016 1224 3037 se
1242 3007 1346 3045 offert,
1374 3004 1376 3031 31

379 3045 541 3084 appetitus
576 3053 718 3082 nostros,
753 3053 787 3076 nt
818 3056 872 3077 cor
903 3053 1048 3078 nostrum
1074 3059 1262 3088 perversum
1291 3057 1346 3085 est,
1375 3052 1376 3056 ’

378 3088 468 3127 quasi
507 3088 663 3119 effraenes
701 3088 827 3126 beluas,
869 3088 944 3120 illuc
983 3090 1068 3130 rapi:
1107 3091 1150 3122 ita
1190 3092 1376 3128 dominari,

379 3130 484 3160 varias
519 3132 803 3171 concupiscentias,
838 3142 918 3172 quae
949 3143 1058 3164 omnes
1084 3132 1153 3164 Deo
1188 3140 1262 3166 sunt
1297 3134 1376 3165 ad-‘

1402 2879 1496 2909 modo
1521 2878 1615 2909 hodie
1640 2888 1764 2918 quoque
1792 2888 1849 2909 nos
1873 2877 1951 2918 erigi
1975 2877 2074 2914 decet,
2103 2882 2133 2907 et
2157 2877 2373 2916 propinquum

1403 2921 1527 2952 Christi
1560 2921 1735 2952 adventum
1772 2920 1833 2951 fide
1868 2919 2121 2960 apprehendere,
2156 2920 2231 2950 dnm
2266 2919 2373 2950 omnia

1403 2964 1515 2995 miscet
1538 2963 1650 2999 Satan,
1676 2963 1852 2994 turbandae
1869 2962 2021 2994 ecclesiae
2041 2972 2144 2993 causa.
2180 2962 2269 2994 Haec
2286 2962 2373 2993 enim

1403 3013 1478 3037 sunt
1503 3006 1607 3037 ultimi
1632 3006 1783 3045 temporis
1807 3006 1909 3045 signa.
1936 3005 2059 3035 Verum
2077 3011 2121 3035 tot
2138 3005 2274 3045 saecula,
2291 3014 2372 3045 quae

1403 3060 1421 3080 a
1445 3054 1549 3079 morte
1568 3048 1721 3079 Iohannis
1737 3049 1915 3086 fluxerunt,
1940 3047 2091 3078 videntur
2108 3048 2166 3080 hoc
2186 3048 2372 3080 vaticinium

1403 3091 1476 3123 falsi
1497 3101 1678 3131 coarguere.
1714 3090 1917 3130 Respondeo,
1936 3090 2113 3130 apostolum
2131 3091 2258 3131 vulgari
2275 3090 2373 3129 scrip-

1403 3140 1494 3165 turae
1518 3143 1606 3164 more
1631 3133 1821 3164 denuntiare
1850 3132 2007 3171 fidelibus,
2038 3133 2116 3164 nihil
2145 3134 2208 3164 iam
2233 3133 2371 3174 amplius

1404 3180 1537 3216 restare,
1573 3176 1634 3207 nisi
1662 3181 1697 3207 ut
1725 3176 1877 3207 Christus
1908 3175 1941 3206 in
1974 3175 2086 3207 mundi
2117 3176 2370 3217 redemptionem

1611 3219 1695 3259 Quia
1718 3229 1796 3250 vero
1820 3218 1911 3250 nullu
1937 3224 2061 3259 tempus
2084 3220 2242 3260 praefigit,
2267 3227 2371 3258 neque
