2513 3126
296 204 332 233 51
1045 199 1186 231 Episr.
1212 200 1274 231 Al)
1299 200 1548 232 nEssimsos·
1831 189 1834 192 ⁴
2252 203 2292 234 :32

297 311 354 342 per
384 299 597 340 evangelium.
644 297 792 328 Sciamus
822 305 898 336 ergo
927 294 1106 335 apostolum
1137 295 1175 327 de
1198 297 1269 328 uni-

300 354 391 375 versa
423 343 483 373 Dei
516 340 659 372 ‹locu-ina
689 339 884 375 concionari,
920 348 1017 378 quum
1053 337 1130 369 dicit
1162 339 1269 370 vivum

298 397 367 418 esse
392 394 422 417 et
442 386 612 416 efficacem.
648 382 698 413 Ita
715 381 836 412 Paulus
856 384 995 412 testatur
1011 381 1054 422 (2.
1071 380 1143 412 Cor.
1159 381 1189 420 2,
1208 382 1270 423 16),

298 441 336 461 ex
362 440 418 460 suu
442 426 677 467 praedicatione
700 424 827 465 prodire
845 423 975 455 odorem
999 424 1112 455 mortis
1134 423 1166 454 in
1187 434 1269 456 mor-

300 479 363 503 tem
395 468 578 508 incredulis,
610 468 694 500 vitae
728 468 759 498 in
791 467 890 498 vitam
922 466 1084 498 fidelibus:
1116 474 1152 497 ut
1181 466 1271 499 Deus

299 522 462 553 nunquam
497 512 617 542 frustra
652 510 798 550 loquatur
832 509 908 549 quin
948 508 1026 540 alios
1060 508 1099 540 ad
1133 509 1269 541 salutem

299 556 450 592 adducat,
488 553 567 586 alios
605 552 798 593 praecipiter
831 552 864 583 in
899 552 1043 583 exitium.
1099 551 1190 584 Haec
1223 557 1272 584 est

300 598 420 639 ligandi
450 602 481 628 ot
508 595 653 628 solvendi
679 599 819 635 potestas
841 604 903 634 qua
927 593 1087 625 Dominus
1110 595 1271 635 apostolos

298 651 373 672 suos
396 640 561 672 instruxit.
596 639 685 670 Haec
709 642 757 669 est
780 637 959 677 spiritualis
983 637 1128 677 potentia
1149 637 1187 669 de
1210 648 1272 678 qua

300 683 422 715 Paulus
453 683 623 724 gloriatur,
653 681 680 712 2.
706 679 744 711 ad
776 679 965 712 Corinthios
988 690 1056 720 cap.
1082 679 1131 717 10,
1155 680 1184 711 4.
1229 681 1272 712 Et

299 737 377 758 sane
407 735 569 765 nunquam
602 725 632 755 iu
663 723 794 755 Christo
822 723 958 754 salutem
990 723 1082 754 nobis
1112 723 1272 763 promittit

299 771 376 809 quin
402 780 441 800 ex
465 767 598 799 adverso
618 766 792 797 vindictam
817 765 991 797 incredulis
1015 765 1195 805 denuntiet,
1218 766 1271 806 qui

300 812 468 845 Christum
498 809 678 850 respuendo
708 814 842 840 mortem
866 808 926 840 sibi
950 814 1129 840 accersunt.
1174 808 1271 840 Prae-

301 864 388 887 terea
422 853 600 885 notandum
636 858 684 884 est
718 851 898 891 apostolum
933 851 985 883 hic
1016 851 1055 882 de
1085 851 1181 883 verbo
1210 851 1271 883 Dei

301 898 457 930 disserere
481 895 564 936 quod
588 894 756 926 hominum
780 894 959 925 ministerio
983 893 1023 925 ad
1047 904 1106 925 nos
1126 894 1270 926 affertur.

301 940 432 972 Delirae
465 939 551 970 enim
583 943 660 969 sunt
692 937 766 968 illae
796 937 1024 977 cogitationes,
1057 942 1154 977 atque
1176 937 1271 968 etiam

301 983 505 1024 perniciosae,
535 982 700 1012 internum
732 979 860 1020 quidem
885 979 1019 1011 verbum
1050 990 1119 1011 esse
1142 979 1271 1012 efficax:

299 1026 352 1058 sed
388 1024 471 1064 quod
507 1023 615 1063 prodit
647 1033 688 1054 ex
723 1032 778 1054 ore
816 1022 956 1053 hominis
994 1032 1064 1053 esse
1098 1027 1271 1060 mortuum,

301 1068 451 1108 omnique
474 1077 584 1098 carere
607 1066 733 1097 effectu.
768 1065 887 1096 Fateor
910 1075 986 1096 sane
1009 1065 1183 1097 efficaciam
1208 1076 1271 1096 non

300 1111 470 1151 provenire
504 1119 544 1140 ex
578 1109 690 1150 lingua
724 1108 879 1145 hominis,
914 1118 973 1140 nec
1005 1108 1037 1138 in
1068 1108 1174 1139 sonitu
1203 1108 1272 1148 ipso

298 1153 453 1185 residere:
482 1152 537 1184 sed
559 1154 661 1183 totam
686 1151 812 1192 spiritui
836 1157 947 1182 sancto
971 1150 1086 1182 debere
1109 1155 1271 1191 acceptam

298 1197 391 1228 ferri:
429 1196 490 1227 hoc
524 1198 634 1226 tamen
669 1205 733 1226 non
768 1193 902 1233 impedit
936 1194 1108 1233 quominus
1141 1194 1273 1234 spiritus

301 1240 453 1270 virtutem
476 1248 569 1269 suam
593 1238 735 1277 proferat
759 1237 791 1267 in
816 1236 912 1268 verbo
935 1236 1126 1276 praedicato.
1183 1236 1272 1268 Deus

299 1283 386 1314 enim
418 1281 492 1322 quia
523 1290 588 1312 non
620 1290 675 1320 per
704 1291 738 1311 se
768 1279 918 1319 loquitur,
948 1278 1003 1310 sed
1032 1289 1088 1319 per
1116 1279 1271 1317 homines,

300 1324 412 1356 sedulo
435 1324 499 1355 huc
519 1323 686 1359 incumbit,
711 1332 752 1353 ne
773 1321 843 1353 ideo
863 1323 1073 1362 contemptim
1092 1322 1272 1362 excipiatur

299 1378 357 1399 sua
389 1366 534 1398 doctrina
562 1366 645 1406 quod
673 1365 821 1396 homines
844 1365 909 1396 sint
932 1365 1000 1395 eius
1022 1365 1171 1397 ministri.
1217 1363 1272 1396 Sic

298 1410 430 1447 Paulus,
462 1419 560 1449 quum
591 1408 795 1449 evangelium
824 1408 971 1439 nominat
1000 1408 1175 1447 potentiam
1199 1407 1271 1446 Dei,

299 1453 373 1484 data
407 1462 504 1492 opera
537 1456 631 1483 ornat
665 1451 724 1482 hoc
758 1450 852 1482 titulo
885 1461 974 1482 suam
1011 1450 1271 1491 pradicationem,

298 1506 394 1536 quam
429 1495 500 1526 aliis
531 1494 719 1535 probrosam
752 1493 882 1525 videbat
913 1504 995 1530 esse,
1031 1494 1069 1525 ab
1098 1493 1168 1525 aliis
1197 1503 1271 1525 con-

300 1538 408 1569 temni.
454 1537 497 1568 Et
526 1547 622 1578 quum
653 1537 728 1568 alibi
753 1535 860 1578 (Rom.
887 1536 935 1574 10,
960 1535 993 1577 8)
1021 1536 1112 1568 docet
1133 1536 1270 1568 salutem

298 1581 392 1613 nobis
415 1581 554 1612 conferri
585 1591 641 1620 per
667 1579 742 1611 fidei
765 1579 955 1616 doctrinam,
987 1579 1177 1610 nominatim
1201 1589 1271 1610 eam

298 1634 366 1654 esse
390 1623 541 1663 exprimit
564 1633 645 1663 quae
669 1622 880 1662 praedicatur.
916 1622 1072 1654 Videmus
1096 1627 1131 1653 ut
1147 1632 1272 1662 semper

298 1666 389 1697 Deus
421 1676 460 1697 ex
491 1666 632 1706 professo
662 1665 852 1703 doctrinam,
883 1675 964 1705 quae
990 1665 1081 1697 nobis
1104 1665 1271 1696 hominum

299 1719 396 1750 opera
420 1708 676 1748 administratur,
706 1707 917 1745 commendet,
948 1718 1009 1748 quo
1031 1718 1089 1739 nos
1113 1708 1272 1740 contineat

300 1753 334 1782 in
370 1752 438 1783 eius
472 1752 666 1783 reverentia.
719 1750 821 1782 Porro
855 1761 953 1791 quum
989 1751 1108 1782 vivus
1140 1760 1272 1782 sermo

300 1800 442 1833 vocatur,
473 1793 695 1826 subaudienda
725 1798 775 1825 est
797 1793 910 1824 relatio
934 1793 974 1824 ad
997 1794 1154 1832 homines,
1186 1792 1271 1833 quod

299 1837 416 1869 melius
450 1841 538 1877 patet
570 1848 610 1868 ex
644 1837 785 1868 secundo
819 1836 981 1876 epitheto:
1015 1835 1157 1867 ostendit
1186 1836 1271 1867 enim
1298 1838 1299 1845 ¹

301 1880 404 1920 qualis
433 1880 513 1911 haec
536 1880 577 1911 sit
600 1880 676 1918 vita,
705 1889 805 1919 quum
837 1879 1050 1911 efficacem
1080 1878 1194 1910 deinde
1218 1889 1271 1910 no-

301 1924 409 1954 minat.
463 1923 547 1954 Nam
578 1922 713 1963 apostoli
741 1922 910 1953 consilium
943 1928 992 1953 est
1026 1922 1139 1954 docere
1168 1921 1272 1962 qualis

302 1966 344 1996 sit
374 1976 450 2006 erga
474 1976 531 1997 nos
555 1965 643 1997 verbi
665 1975 752 1996 usus.
797 1964 1020 2005 Metaphoram
1049 1964 1178 2005 gladii
1201 1963 1273 1995 aliis

302 2008 400 2039 etiam
424 2009 455 2039 in
477 2008 556 2040 locis
578 2009 739 2048 scriptura
763 2012 912 2048 usurpat:
937 2007 991 2039 sed
1015 2007 1176 2048 apostolus
1198 2007 1272 2038 sim-

301 2051 377 2090 plici
411 2051 648 2091 comparatione
683 2061 745 2082 non
786 2056 955 2082 contentus
988 2060 1169 2082 sermonem
1212 2049 1273 2081 Dei

302 2094 455 2133 quovis
489 2093 630 2135 gladio
664 2093 1029 2134 penetrantiorem
1068 2103 1155 2124 esse
1187 2091 1273 2133 dicit,

302 2142 333 2168 et
357 2136 484 2176 quidem
516 2137 712 2176 utrinque
742 2135 984 2168 scindentes
1015 2136 1089 2176 quia
1112 2140 1188 2167 tunc
1210 2135 1273 2166 fre-

302 2189 402 2219 quens
432 2185 502 2211 erat
531 2179 712 2220 gladiorum
742 2189 828 2217 usus,
859 2180 912 2219 qui
943 2184 1067 2219 partem
1100 2188 1197 2210 unam
1220 2178 1272 2209 ob-

304 2232 408 2253 tusam
433 2222 598 2261 habentes,
621 2222 723 2253 altera
747 2228 874 2253 tantum
897 2221 1096 2253 scindebant.

388 2264 569 2306 Pertinyens
592 2275 700 2305 usque,
723 2267 774 2296 ete.
826 2264 952 2296 Nomen
986 2265 1148 2295 animae
1180 2273 1275 2303 saepe

303 2308 388 2339 idem
412 2307 500 2339 valet
531 2307 615 2348 quod
645 2309 840 2348 spiritus:
874 2306 929 2338 sed
959 2317 1057 2348 quum
1085 2306 1181 2338 simul
1203 2305 1273 2337 iun-

304 2360 434 2391 guntur,
464 2350 554 2391 prius
577 2350 822 2391 comprehendit
848 2349 909 2381 sub
932 2361 966 2381 se
989 2350 1122 2382 affectus
1147 2359 1272 2380 omnes:

305 2395 463 2433 posterius
500 2393 684 2425 facultatem
725 2404 820 2433 quam
859 2398 977 2424 vocant
1013 2391 1273 2429 intellectualem,

305 2436 475 2475 significat.
532 2436 583 2467 Ita
615 2436 753 2475 Paulus,
789 2437 816 2467 1.
846 2435 991 2468 Thessal.
1023 2436 1127 2476 capite
1156 2434 1192 2474 5,
1222 2434 1272 2472 23,

306 2489 402 2518 quum
427 2479 533 2510 Deum
562 2485 713 2519 precatur
745 2484 780 2510 ut
807 2479 970 2519 integrum
990 2489 1100 2510 eorum
1124 2477 1272 2518 spiritum

305 2529 337 2551 et
360 2521 499 2552 animam
529 2526 560 2553 et
587 2531 702 2562 corpus
730 2527 900 2553 conservet
923 2531 1023 2562 usque
1044 2521 1076 2552 in
1100 2521 1274 2552 adventum

306 2562 439 2601 Christi,
470 2564 549 2595 nihil
579 2564 664 2595 aliud
697 2564 756 2596 sibi
780 2564 849 2595 vult
877 2574 976 2604 quam
998 2569 1033 2595 ut
1056 2563 1220 2595 intellectu
1244 2566 1275 2593 et

306 2605 471 2637 voluntate
502 2608 709 2647 externisque
739 2607 916 2639 actionibus
946 2607 1018 2647 puri
1049 2612 1079 2637 et
1107 2606 1186 2638 casti
1209 2614 1273 2636 ma-

305 2654 413 2679 neant.
467 2647 622 2680 Similiter
652 2649 786 2687 Iesaias,
817 2660 885 2690 cap.
909 2649 960 2687 26,
989 2649 1022 2688 9,
1053 2659 1151 2689 quum
1182 2647 1274 2679 dicit:

1322 298 1442 328 Anima
1466 306 1537 327 mea
1560 295 1754 328 desideravit
1778 301 1808 328 tc
1832 302 1936 334 noctu,
1965 297 2080 337 spiritu
2104 308 2173 330 meo
2196 309 2291 339 quae·

1321 340 1382 371 sivi
1408 346 1446 370 tc.
1492 338 1563 370 Hoc
1586 344 1672 370 certe
1703 339 1863 380 intelligit,
1894 350 1928 370 se
1952 340 1995 371 ita
2018 341 2201 380 quaerendo
2224 342 2293 374 Deo

1321 383 1481 414 intentum
1505 392 1582 418 esse,
1608 384 1642 413 ut
1661 387 1802 413 mentem
1819 382 1914 414 simul
1932 388 1963 413 et
1979 392 2033 414 cor
2053 383 2127 415 illuc
2144 384 2292 424 applicet.

1323 425 1397 456 Scio
1421 425 1500 455 ulios
1525 433 1616 455 secus
1640 424 1863 464 interpretari:
1888 424 1941 456 sed
1966 424 2046 456 mihi
2067 425 2159 458 facile
2182 437 2293 459 omnes

1322 468 1406 505 sani,
1440 472 1475 498 ut
1508 477 1616 506 spero,
1650 468 1874 499 assentientur.
1928 467 2022 499 Nunc
2054 469 2220 501 veniamus
2254 470 2293 501 ad

1324 515 1525 551 praesentem
1557 508 1672 541 locum.
1718 509 1879 551 Pertingit
1904 511 2035 542 verbum
2061 511 2122 542 Dei
2152 512 2192 544 ad
2216 512 2294 544 divi-

1323 554 1444 584 sionem
1476 552 1602 583 animae
1632 557 1664 583 et
1693 553 1840 593 spiritus:
1867 552 1926 584 hoc
1949 559 2007 591 est,
2038 563 2174 586 examen
2198 554 2295 587 habet

1324 596 1362 626 de
1382 600 1447 626 tota
1464 594 1603 626 hominis
1620 595 1741 626 anima:
1769 596 1905 636 inquirit
1921 597 2007 627 enim
2024 596 2057 627 in
2074 597 2294 637 cogitationes,

1325 638 1523 670 voluntatem
1554 647 1626 668 cum
1658 638 1723 669 suis
1751 638 1901 670 omnibus
1931 638 2098 670 desideriis
2121 646 2294 673 scrutatur.

1324 680 1443 712 Eodem
1468 680 1609 720 pertinet
1631 680 1714 721 quod
1738 680 1865 713 subiicit
1889 681 1927 712 de
1956 682 2227 723 compagibus
2258 689 2295 714 et

1324 723 1528 755 medullis.
1575 721 1744 763 Significat
1773 724 1858 755 enim
1889 724 1970 755 nihil
1995 736 2064 756 esse
2089 728 2154 756 tam
2179 725 2295 757 durum

1324 769 1379 798 aut
1410 765 1547 797 solidum
1578 766 1610 797 in
1639 766 1776 804 homine,
1807 766 1889 798 nihil
1920 774 1984 798 tam
2009 767 2209 800 reconditum
2233 778 2296 809 quo

1325 820 1387 840 non
1419 809 1586 848 perveniat
1615 810 1696 841 haec
1720 808 1807 840 verbi
1839 809 1990 842 efficacia.
2035 810 2107 843 Hoc
2138 818 2187 842 est
2209 812 2295 851 quod

1324 852 1399 883 dicit
1422 851 1556 890 Paulus,
1586 852 1613 882 1.
1637 851 1676 882 ad
1701 851 1887 884 Corinthios
1911 853 2014 892 capite
2040 854 2088 890 14,
2112 853 2163 892 24,
2188 854 2296 885 valere

1324 894 1524 935 prophetiam
1549 893 1588 925 ad
1606 894 1825 935 coarguendos
1842 899 1874 926 et
1890 894 2112 928 diiudicandos
2136 896 2297 928 homines:

1326 940 1359 969 ut
1381 936 1506 968 occulta
1529 936 1634 969 cordis
1657 937 1689 967 in
1714 936 1814 968 lucem
1839 937 2006 976 prodeant.
2039 938 2083 970 Et
2107 950 2206 980 quum
2231 940 2300 971 offi-

1324 981 1407 1012 cium
1432 979 1556 1011 Christi
1586 980 1628 1010 sit
1656 984 1816 1019 retegere,
1852 979 2062 1020 proferreque
2093 982 2126 1012 in
2160 982 2298 1014 medium

1324 1023 1532 1063 cogitationes
1562 1032 1604 1053 ex
1635 1021 1740 1054 cordis
1768 1021 1913 1054 latebris:
1947 1022 1979 1053 id
2010 1034 2066 1062 per
2096 1025 2298 1065 evangelium

1324 1075 1440 1106 magna
1464 1075 1504 1096 ex
1528 1070 1618 1105 parte
1642 1063 1746 1097 efficit.
1787 1064 1847 1096 Est
1870 1065 1970 1105 igitur
1993 1076 2098 1097 sermo
2119 1067 2180 1098 Dei
2203 1078 2297 1108 κριτι-

1323 1109 1388 1145 κὸς,
1408 1108 1482 1148 quia
1506 1114 1646 1139 mentem
1676 1106 1814 1138 hominis
1838 1108 1929 1148 quasi
1953 1118 1993 1139 ex
2018 1108 2212 1149 labyrinth0‚
2236 1121 2297 1150 quo

1325 1153 1412 1191 prius
1427 1150 1596 1182 tenebatur
1610 1150 1776 1190 implicita,
1801 1151 1833 1181 in
1853 1151 1954 1182 lucem
1971 1152 2165 1192 cognitionis
2182 1152 2296 1185 educit.

1325 1194 1439 1225 Nullae
1463 1193 1548 1224 enim
1573 1193 1738 1224 densiores
1761 1198 1838 1224 sunt
1860 1193 2012 1224 tenebrae
2036 1203 2131 1233 quam
2162 1195 2298 1227 infideli·

1324 1237 1415 1268 tatis:
1447 1241 1478 1268 et
1509 1236 1690 1276 hypocrisis
1717 1235 1917 1267 horrendum
1947 1236 1980 1267 in
2005 1236 2135 1268 modum
2159 1248 2219 1270 nos
2241 1249 2296 1269 ex-

1323 1281 1440 1311 caecat.
1476 1278 1638 1310 Tenebras
1657 1278 1729 1310 illas
1745 1278 1874 1310 discutit
1893 1289 1998 1310 sermo
2017 1279 2087 1317 Dei,
2111 1280 2297 1320 hypocrisin

1325 1322 1485 1363 profligat.
1525 1321 1614 1353 Hinc
1638 1321 1787 1352 discretio
1809 1321 1859 1353 vel
1883 1321 2068 1354 diiudicatio
2094 1322 2182 1360 haec,
2206 1324 2297 1354 cuius

1325 1365 1469 1396 meminit
1500 1364 1679 1404 apostolus:
1715 1364 1865 1404 quoniam
1891 1365 1976 1402 vitia,
2011 1375 2091 1404 quae
2125 1366 2184 1398 sub
2219 1366 2298 1398 falsa

1325 1409 1481 1439 virtutum
1506 1408 1612 1447 specie
1631 1407 1784 1446 latebant,
1808 1407 1955 1448 cognosci
1972 1408 2132 1447 incipiunt
2151 1408 2296 1440 absterso

1324 1451 1405 1482 fuco.
1451 1450 1545 1489 Quod
1574 1450 1600 1481 si
1632 1450 1662 1480 in
1693 1450 1760 1481 suis
1791 1449 1921 1481 latebris
1951 1449 1990 1481 ad
2014 1455 2141 1491 tempus
2165 1457 2298 1482 manent

1325 1493 1459 1534 reprobi,
1489 1494 1635 1524 sentiunt
1662 1499 1771 1524 tamen
1800 1493 1928 1524 demum
1958 1492 2034 1525 illuc
2058 1504 2184 1533 quoque
2208 1493 2297 1525 verbi

1324 1536 1426 1567 lucem
1457 1542 1658 1577 penetrasse,
1689 1541 1726 1566 ut
1757 1545 1821 1566 non
1851 1535 2008 1576 effugiant
2038 1535 2101 1567 Dei
2132 1536 2296 1568 iudicium.

1324 1579 1411 1610 Hinc
1428 1579 1574 1610 fremitus
1591 1588 1714 1616 eorum,
1737 1578 1878 1621 adeoque
1897 1579 2002 1609 furor:
2027 1579 2102 1618 quia
2121 1579 2183 1610 nisi
2201 1579 2297 1610 verbo

1324 1622 1461 1662 perculsi
1491 1626 1607 1660 essent,
1638 1631 1703 1654 non
1732 1622 1776 1652 ita
1806 1621 1981 1661 proderent
2009 1631 2102 1652 suam
2125 1622 2296 1661 insaniam,

1323 1670 1477 1705 cuperent
1507 1665 1593 1695 enim
1623 1663 1763 1703 eludere,
1798 1664 1849 1695 vel
1880 1664 2124 1704 tergiversando
2155 1665 2297 1706 effugere

1325 1709 1388 1738 vim
1418 1707 1528 1748 ipsius.
1573 1706 1788 1738 Dissimulare
1818 1707 1914 1738 etiam
1941 1712 2113 1747 cuperent:
2143 1707 2203 1740 hoc
2233 1708 2297 1739 illis

1323 1750 1412 1782 Deus
1436 1760 1500 1781 non
1524 1750 1692 1790 permittit.
1737 1750 1825 1790 Ergo
1848 1749 1973 1789 quoties
1993 1749 2044 1781 vel
2068 1749 2296 1791 obloquuntur,

1324 1793 1374 1824 vel
1407 1793 1646 1825 excandescunt
1675 1792 1830 1824 adversus
1853 1792 1917 1824 Dei
1948 1792 2090 1829 verbum,
2122 1793 2187 1824 vim
2218 1793 2297 1832 eius,

1324 1836 1501 1876 quamlibet
1529 1835 1650 1867 invitos
1680 1845 1716 1868 ac
1747 1839 1977 1876 repugnantes,
2007 1835 2094 1866 intus
2121 1837 2241 1868 sentire
2264 1847 2298 1868 se

1326 1880 1475 1910 fatentur.

1410 1921 1459 1953 13.
1493 1921 1557 1953 Nec
1570 1920 1638 1952 ulla
1659 1923 1704 1953 est
1726 1922 1881 1961 creatura,
1904 1923 1955 1953 ete.
1991 1920 2115 1961 Copula
2138 1921 2190 1953 hic
2212 1920 2298 1963 (meo

1324 1964 1457 2006 iudicio)
1491 1964 1651 1996 causalem
1687 1963 1880 2003 particulam
1912 1963 2014 1995 valet:
2050 1974 2125 1995 nam
2162 1969 2196 1995 ut
2224 1974 2298 1996 con-

1324 2008 1430 2038 firmet
1453 2007 1544 2047 illud,
1576 2006 1672 2038 verbo
1695 2006 1758 2038 Dei
1781 2005 1937 2046 quidquid
1960 2007 1993 2038 in
2014 2006 2145 2038 homine
2168 2007 2298 2038 abscon-

1326 2050 1426 2081 ditum
1465 2055 1512 2081 est
1547 2049 1733 2086 diiudicari,
1773 2054 2001 2090 argumentum
2036 2059 2054 2080 a
2087 2055 2204 2081 natura
2234 2048 2296 2079 Dei

1325 2093 1432 2124 sumit.
1466 2092 1573 2131 Nulla,
1596 2092 1709 2132 inquit,
1733 2098 1880 2123 creatura
1904 2099 1952 2124 est
1975 2102 2057 2133 quae
2073 2092 2173 2123 lateat
2188 2092 2297 2123 oculos

1326 2135 1396 2167 Dei.
1442 2135 1532 2177 Ergo
1555 2135 1637 2166 nihil
1662 2140 1727 2166 tam
1750 2134 1948 2175 profundum
1971 2135 2033 2166 erit
2055 2135 2088 2166 in
2111 2134 2219 2166 anima
2241 2133 2297 2165 ho-

1326 2179 1422 2210 minis
1456 2178 1540 2219 quod
1572 2187 1637 2209 non
1671 2177 1862 2209 extrahatur
1894 2179 1928 2209 in
1962 2178 2065 2209 lucem
2098 2177 2166 2208 eius
2201 2177 2297 2208 verbo

1327 2221 1407 2260 quod
1439 2226 1584 2252 autorem
1616 2230 1709 2252 suum
1742 2221 1848 2252 refert.
1901 2220 2003 2252 Sicuti
2038 2219 2123 2250 enim
2157 2219 2295 2251 officium

1326 2263 1388 2294 Dei
1411 2270 1459 2295 est
1482 2263 1618 2295 scrutari
1641 2263 1752 2295 corda:
1785 2263 1831 2294 ita
1855 2263 1938 2295 hanc
1961 2262 2176 2303 cognitionem
2200 2262 2296 2294 verbo

1326 2316 1382 2337 suo
1406 2311 1544 2338 exercet.
1582 2306 1655 2338 Hoc
1678 2306 1755 2337 dum
1779 2315 1844 2337 non
1867 2305 2071 2336 considerant
2093 2305 2295 2345 interpretes,

1326 2349 1461 2380 verbum
1481 2349 1544 2381 Dei
1567 2349 1690 2381 scilicet
1712 2349 1814 2380 instar
1836 2349 1920 2380 conti
1944 2358 2022 2385 esse,
2046 2358 2107 2387 quo
2130 2348 2296 2387 experitur

1325 2396 1356 2422 et
1378 2392 1515 2432 inquirit
1537 2391 1613 2432 quid
1637 2392 1670 2422 in
1691 2390 1839 2423 cordibus
1858 2391 1976 2421 nostris
1998 2389 2114 2421 lateat:
2137 2390 2296 2422 violenter

1325 2438 1489 2466 torserunt
1505 2434 1591 2466 hunc
1607 2438 1710 2465 totum
1726 2433 1840 2471 locum,
1859 2442 1918 2464 nec
1933 2438 2043 2464 tamen
2059 2443 2093 2464 se
2108 2432 2293 2472 expediunt.

1324 2478 1369 2508 At
1391 2487 1520 2509 omnem
1543 2476 1764 2508 difficultatem
1784 2475 1868 2506 tollit
1883 2475 2085 2507 ratiocinatio
2102 2475 2173 2515 ista,
2198 2476 2295 2507 verbo

1325 2519 1387 2551 Dei
1408 2520 1531 2552 sincere
1554 2524 1585 2551 et
1608 2519 1690 2550 serio
1713 2518 1817 2550 cordis
1840 2518 1956 2550 affectu
1979 2528 2049 2550 esse
2065 2518 2295 2550 obediendum:

1326 2563 1400 2602 quia
1428 2562 1529 2603 Deus,
1563 2562 1619 2602 qui
1652 2560 1795 2593 cordium
1829 2567 1878 2593 est
1901 2560 2061 2602 cognitor,
2097 2561 2155 2592 has
2189 2568 2296 2601 partes

1325 2606 1539 2646 assignaverit
1555 2604 1652 2636 verbo
1675 2614 1741 2642 suo,
1765 2607 1800 2635 ut
1824 2608 1969 2644 penetret
1992 2603 2031 2635 ad
2048 2603 2179 2636 intimas
2195 2613 2295 2643 usque

1325 2648 1429 2679 cordis
1459 2648 1678 2689 cogitationes.
1723 2646 1853 2678 Fefellit
1882 2646 1978 2678 etiam
2010 2647 2201 2687 interpretes
2231 2656 2296 2676 am-
