2513 3126
302 208 344 240 99
1051 205 1191 236 Et‘ls'r.
1215 205 1278 236 Al)
1301 205 1551 238 HEBRAEOS

308 318 380 340 sum
405 307 511 338 fuerat
542 307 572 337 in
603 309 719 340 moute,
753 302 977 344 respondeant.
1024 302 1117 341 Quod
1152 302 1179 333 si
1214 302 1276 333 alio

310 351 448 382 refertur
472 350 571 379 forma
596 347 803 383 tabernaculi,
828 346 939 376 eadem
956 350 1004 376 est
1029 345 1148 376 rituum
1173 349 1204 375 et
1228 349 1275 375 to—

309 394 375 424 tius
397 391 565 424 sacordotii
598 391 688 421 ratio.
736 389 829 421 Unde
859 388 1014 428 sequitur,
1046 387 1125 418 nihil
1159 387 1277 418 inillis

309 446 378 468 esse
401 434 501 465 solidi.
538 433 679 473 Insignis
703 438 752 464 est
774 432 824 463 liic
848 431 944 467 locus,
968 430 1043 470 quia
1067 437 1131 461 tres
1150 433 1277 461 senten-

310 479 371 509 tias
392 478 562 508 observatu
588 475 703 516 dignas
725 476 879 506 continet.
925 473 1004 504 Inde
1027 473 1113 503 enim
1139 473 1277 512 primum

310 520 470 558 discimus,
506 525 632 550 veteres
656 519 736 549 ritus
761 528 823 548 uon
848 521 968 547 temero
996 516 1093 547 fuisse
1116 516 1277 552 confictos,

310 570 345 593 ut
369 563 402 592 in
427 561 490 593 illis
512 561 602 593 Deus
626 561 780 601 populum
811 570 907 590 suum
932 559 1023 599 quasi
1047 559 1080 589 in
1103 557 1176 589 lusu
1200 568 1278 598 pue-

311 606 362 636 rili
387 609 572 644 occuparet:
598 614 657 635 nec
682 604 811 634 inanem
836 603 934 634 fuisse
955 600 1152 632 tabernaculi
1176 608 1278 632 struc-

311 654 416 678 turam
441 658 522 687 quae
551 653 677 678 tuntum
702 651 838 676 externo
861 644 1031 685 splendore
1062 643 1278 684 spectantium

310 690 453 722 alliceret
477 690 583 721 oculos
605 699 641 720 ao
665 695 799 719 teneret.
834 687 922 719 Vera
945 688 1031 718 enim
1055 694 1087 717 et.
1103 686 1279 726 spiritualis
1305 691 1307 697 '

312 734 371 765 fuit
395 733 538 764 omnium
560 732 764 772 significatio,
788 742 886 771 quum
904 730 1012 761 omnia
1028 730 1158 770 exigere
1175 739 1280 759 iussus

312 776 409 807 fuerit
439 777 547 807 Moses
577 775 616 806 ad
652 774 791 814 primum
827 773 993 813 exemplar
1026 773 1109 812 quod
1144 772 1280 804 coeleste

312 825 389 850 erat.
443 819 552 857 Quare
580 817 676 848 nimis
708 817 841 857 profana
866 819 916 848 est
939 826 1049 848 eorum
1080 816 1196 856 opinio,
1227 814 1280 854 qui

312 862 529 893 caeremonias
554 861 585 890 iu
610 859 670 891 hoc
693 866 819 891 tantum
840 859 1082 892 commendatae
1106 858 1205 888 fuisse
1230 867 1281 888 vo-

313 905 394 942 lunt,
418 910 451 934 ut
474 908 582 933 essent
605 904 697 943 quasi
720 903 898 935 retinacula
921 902 960 933 ad
988 900 1200 933 cohibendam
1226 910 1282 939 po-

313 947 380 988 puli
404 947 575 983 lasciviam,
607 956 646 976 ne
670 946 730 977 sibi
760 953 929 977 extraneos
960 945 1106 985 gentium
1129 943 1210 974 ritus
1233 952 1282 973 ac-

313 996 459 1021 cerseret.
499 988 570 1019 Hoc
593 988 721 1029 quidem
747 995 795 1020 est
818 987 978 1027 nonnihil,
1001 987 1056 1018 scd
1081 996 1145 1016 non
1170 991 1281 1016 totum.

313 1032 395 1063 Nam
414 1031 497 1071 quod
522 1031 619 1071 longe
636 1031 737 1072 pluris
757 1035 806 1063 est
822 1033 989 1068 omittunt,
1013 1029 1168 1060 exercitia
1184 1029 1282 1059 fuisse

313 1075 352 1106 ad
384 1075 588 1105 retinendum
621 1076 652 1105 in
687 1074 749 1105 fide
780 1074 967 1106 mediatoris
998 1071 1162 1112 populum.
1209 1070 1282 1101 Non

312 1123 362 1148 est
385 1122 491 1148 tamen
517 1116 600 1157 quod
625 1116 677 1148 hic
701 1117 786 1148 ultra
810 1118 938 1148 modum
964 1117 1064 1147 simus
1088 1113 1215 1151 curiosi,
1247 1119 1284 1144 ut

312 1160 346 1191 in
372 1159 508 1200 singulis
537 1159 638 1191 clavis
671 1170 706 1191 ac
730 1160 887 1191 similibus
916 1158 1061 1191 minutiis
1090 1166 1284 1196 quaeramus

313 1203 450 1234 sublime
474 1202 602 1242 aliquod
633 1204 834 1243 mysterium,
865 1200 1135 1242 quemadmodum
1166 1198 1226 1230 hac
1250 1199 1282 1229 in

314 1257 348 1277 re
372 1246 468 1277 anxie
491 1245 653 1276 laboravit
670 1245 864 1287 Hesychius,
888 1251 919 1276 et
943 1245 1026 1276 bona
1042 1253 1118 1283 pars
1134 1249 1282 1273 veterum

314 1289 518 1328 scriptorum.
553 1288 635 1319 Nam
661 1288 736 1319 dum
761 1294 876 1328 argute
901 1285 1122 1329 philosophari
1138 1286 1170 1316 in
1188 1285 1284 1315 rebus

314 1331 376 1363 sibi
410 1331 530 1372 ignotis
561 1331 682 1368 volunt,
714 1332 880 1371 pueriliter
909 1331 1157 1365 hallucinantur,
1188 1337 1284 1367 seque

314 1374 501 1414 ineptiendo
525 1374 645 1405 faciunt
669 1374 829 1405 ridiculos.
875 1373 984 1413 Quare
1003 1371 1142 1404 tenenda
1162 1370 1213 1401 hic
1237 1376 1285 1401 est

316 1417 536 1448 mediocritas:
568 1415 653 1456 quod
677 1418 732 1447 fiet
755 1417 781 1447 si
805 1427 869 1447 non
894 1417 965 1457 plus
991 1423 1181 1456 appetamus
1203 1415 1285 1448 scire

317 1470 414 1500 quam
445 1460 530 1500 quod
560 1459 591 1490 in
617 1458 750 1491 Christo
780 1459 872 1491 nobis
903 1461 963 1492 fuit
993 1461 1181 1492 revelatum.
1227 1459 1285 1490 Se-

317 1503 423 1534 cundo
447 1502 499 1534 hic
522 1501 685 1540 docemur,
710 1513 878 1542 perversos
901 1514 971 1535 esse
995 1513 1104 1535 omnes
1127 1502 1231 1536 cultus
1255 1508 1286 1534 et

323 1545 535 1585 adulterinoe,
563 1555 645 1585 quos
672 1545 733 1576 sibi
757 1546 885 1586 proprio
914 1547 1045 1588 ingenio
1072 1551 1104 1578 et
1124 1546 1203 1579 citra
1226 1546 1287 1578 Dei

318 1588 508 1619 mandatum
539 1588 738 1620 comminisci
769 1588 916 1621 homines
947 1590 1150 1631 permittunt.
1202 1589 1285 1621 Nam

318 1641 416 1670 quum
449 1631 645 1670 praescribat
671 1630 763 1662 Deus
794 1637 830 1662 ut
859 1633 938 1664 fiant
968 1633 1077 1664 omnia
1110 1633 1285 1665 secundum

318 1683 410 1704 suam
439 1673 594 1714 regulam,
626 1673 706 1705 nihil
737 1675 866 1714 penitus
896 1676 1039 1708 alienum
1069 1676 1172 1708 facere
1201 1675 1286 1707 licet.

316 1715 406 1747 Idem
430 1718 515 1747 enim
540 1716 648 1747 valent
671 1717 752 1748 istae
775 1717 857 1750 duae
880 1719 1094 1760 loquutiones,
1117 1718 1222 1750 Vide
1244 1724 1287 1749 ut

315 1758 452 1790 facias
475 1760 612 1790 omnia
634 1761 856 1792 secundum
882 1768 1038 1803 typum,
1068 1766 1108 1801 et,
1138 1759 1223 1792 Vide
1247 1772 1286 1792 ne

317 1801 392 1842 quid
416 1808 544 1842 praeter
567 1808 681 1843 typum
705 1803 813 1835 facias.
850 1805 939 1846 Ergo
962 1804 1116 1836 traditam
1138 1814 1156 1835 a
1178 1815 1213 1835 se
1236 1815 1284 1835 re-

317 1844 427 1884 gulam
460 1845 613 1885 urgendo‚
649 1846 799 1886 prohibet
831 1858 872 1878 ne
895 1849 935 1879 ab
965 1858 1003 1879 ea
1032 1847 1086 1878 vel
1114 1847 1284 1878 minimum

317 1887 526 1919 declinemus.
579 1887 652 1919 Hac
680 1890 805 1921 ratione
834 1891 1008 1922 concidunt
1038 1890 1145 1921 cultus
1174 1900 1285 1921 omnes

318 1929 359 1961 ab
388 1930 573 1962 hominibus
602 1931 739 1972 proditi:
774 1933 851 1964 item
882 1944 962 1974 quae
993 1940 1149 1965 vocantur
1179 1942 1284 1963 sacra-

317 1979 435 2011 menta,
463 1979 494 2004 et
518 1979 625 2005 tamen
650 1985 668 2005 a
691 1975 762 2006 Deo
792 1977 934 2016 profecta
957 1987 1020 2007 non
1045 1978 1128 2007 sunt.
1173 1975 1284 2006 Tertio

318 2014 394 2046 hinc
415 2016 602 2047 discendum
626 2022 683 2053 est.
708 2018 797 2049 nulla
820 2029 890 2050 esse
911 2030 988 2051 vera
1011 2018 1174 2059 religionis
1196 2029 1282 2059 sym-

317 2057 390 2089 bola
412 2059 475 2089 nisi
497 2069 580 2099 quae
603 2059 642 2091 ad
667 2059 837 2092 Christum
860 2062 1111 2093 conformantur.
1146 2060 1210 2093 Sed
1233 2071 1285 2092 ca·

319 2100 458 2132 vendum
476 2110 524 2133 est
539 2113 579 2133 ne
596 2103 672 2134 dum
690 2104 839 2135 volumus
855 2106 1012 2145 figmenta
1028 2110 1140 2135 nostra
1155 2103 1286 2135 Christo

319 2150 439 2183 aptare,
471 2145 574 2186 ipsum
599 2145 649 2186 (ut
671 2148 817 2186 papistae
840 2147 974 2189 faciunt)
1004 2147 1286 2187 transfiguremus:

317 2186 364 2217 ita
387 2192 423 2217 ut
446 2188 508 2219 iam
532 2199 597 2219 non
620 2189 662 2219 sit
685 2191 734 2220 sui
751 2189 874 2222 similis.
910 2190 1022 2230 Neque
1038 2190 1123 2220 enim
1139 2195 1285 2220 nostrum

319 2235 369 2260 est
403 2230 525 2271 fingere
559 2231 712 2272 quidquid
746 2232 886 2271 libuerit,
920 2233 976 2265 sed
1010 2232 1073 2264 Dei
1105 2232 1204 2264 solius
1237 2237 1286 2262 est

319 2281 504 2305 monstrare
526 2275 749 2306 secundum
780 2276 1009 2316 exemplar,
1039 2275 1154 2315 inquit,
1181 2274 1285 2314 quod

318 2323 533 2348 ostensum
559 2317 650 2348 tuit.

404 2360 432 2390 6.
458 2359 553 2391 Nunc
575 2362 676 2391 autem
691 2360 895 2399 excellentius,
919 2364 970 2393 ete.
1005 2358 1284 2399 Quemadmodum

319 2401 409 2440 prius
432 2414 473 2434 ex
501 2402 671 2434 sacerdotii
702 2404 859 2444 dignitate
889 2404 1121 2444 praestantiam
1151 2402 1286 2433 foederis

319 2444 499 2485 colligebat,
523 2447 568 2477 sic
584 2446 681 2477 etiam
706 2457 792 2477 nunc
807 2447 973 2477 contendit
991 2445 1201 2478 excellentius
1217 2454 1286 2475 esse

319 2485 441 2518 Christi
464 2488 691 2527 sacerdotium,
715 2490 791 2529 quia
814 2489 947 2529 potioris
969 2489 1105 2520 foederis
1127 2489 1286 2527 interpres

319 2528 362 2558 sit
385 2540 421 2560 ac
444 2532 608 2562 mediator.
654 2532 838 2572 Utrumque
867 2533 926 2563 fuit
953 2532 1179 2570 necessarium,
1208 2540 1284 2569 quo-

319 2573 407 2602 niam
435 2572 641 2605 abstrahendi
671 2582 764 2606 erant
786 2574 898 2605 Iudaei
922 2585 940 2605 a
962 2573 1185 2614 superstitiosa
1216 2582 1285 2603 cae-

319 2616 533 2646 remoniarum
558 2616 792 2656 observatione,
814 2628 877 2657 qua
899 2617 1156 2657 impediebantur
1181 2625 1222 2646 ne
1246 2614 1285 2645 ad

319 2658 478 2689 sinceram
507 2658 689 2699 nudamque
719 2660 878 2700 evangelii
911 2659 1080 2691 veritatem
1107 2662 1193 2690 recta
1216 2662 1285 2688 ten-

2236 210 2298 241 100

1331 302 1451 333 dorent.
1514 303 1601 334 Dicit
1635 308 1741 334 autem
1778 304 1950 344 apostolus
1988 314 2125 344 acquum
2161 315 2229 336 esse
2263 313 2297 337 ut

1332 346 1438 376 Moses
1461 351 1491 376 ct
1515 346 1624 376 Aaron
1644 346 1785 382 Christo,
1810 353 1961 385 tanquam
1986 348 2223 386 praestantiori,
2246 357 2296 379 ee—

1331 387 1424 418 dunt:
1457 387 1532 427 quia
1563 394 1594 418 ct
1623 389 1827 427 evangelium
1862 388 1974 420 foedus
2008 391 2051 420 sit
2084 390 2297 422 excellentius

1305 460 1306 465 ,
1333 430 1411 470 lege,
1441 438 1472 461 et
1496 440 1582 461 mors
1607 431 1726 462 Christi
1750 433 1941 463 sacrificium
1966 432 2067 463 multo
2092 432 2229 464 nobilius
2252 433 2296 464 le-

1332 473 1457 513 galibus
1489 473 1636 505 victimis.
1693 474 1757 506 Sed
1783 474 1972 506 difficultate
2002 485 2065 505 non
2097 483 2185 506 caret
2214 476 2296 515 quod

1333 515 1450 552 adiicit,
1475 515 1586 547 foedus
1606 518 1766 557 evangelii
1790 528 1886 558 super
1906 517 2090 549 melioribus
2114 519 2296 558 promissio-

1333 557 1426 588 nibus
1450 558 1547 589 fuisse
1571 560 1818 600 promulgatum.
1865 560 1946 591 Nam
1971 567 2093 592 certum
2118 567 2174 597 est,
2199 561 2298 600 patri-

1333 600 1401 639 bus,
1424 601 1476 640 qui
1505 601 1564 632 sub
1587 601 1658 642 lege
1690 603 1850 640 vixerunt,
1882 603 2014 634 eandem
2042 604 2126 635 vitae
2150 611 2300 635 aeternae

1333 654 1420 683 spem
1446 643 1542 674 fuisse
1566 646 1772 684 propositam,
1800 647 1895 678 sicuti
1919 647 2099 677 communis
2123 646 2182 677 fuit
2205 647 2298 686 adop-

1334 686 1428 716 tionis
1451 687 1562 726 gratia.
1598 687 1715 719 Iisdem
1740 699 1816 730 ergo
1839 689 2103 729 promissionibus
2126 690 2299 720 subnixam

1334 729 1430 760 fuisso
1453 733 1580 769 oportet
1607 740 1718 761 eorum
1750 732 1855 763 fidem.
1904 731 2026 763 Verum
2058 732 2135 764 hacc
2165 732 2298 771 apostoli

1335 772 1530 811 comparatio
1558 772 1596 803 ad
1621 773 1758 804 formam
1789 775 1894 814 potius
1926 785 2021 815 qnam
2056 775 2094 806 ad
2131 776 2298 806 materiam

1336 814 1502 845 referenda
1526 821 1584 847 est.
1625 816 1709 846 Nam
1730 823 1893 856 utcunque
1916 817 2049 849 eandem
2075 818 2137 849 illis
2161 818 2298 848 salutem

1308 887 1309 896 ,
1337 858 1423 888 Deus
1448 858 1629 897 promiserit
1660 869 1755 898 quam
1788 859 1882 890 hodie
1913 861 2004 892 nobis
2028 861 2201 900 promittit:
2238 870 2301 891 non

1336 900 1446 931 eadem
1482 906 1600 937 tamen,
1640 911 1698 932 nec
1734 902 1876 941 aequalis
1916 904 1973 933 fuit
2007 904 2215 934 revelationis
2250 903 2300 934 vel

1336 953 1496 979 mensura,
1521 943 1571 973 vel
1595 944 1726 984 species.
1773 944 1846 983 Qua
1873 944 1912 975 de
1936 955 1970 976 re
1993 947 2020 976 si
2042 947 2112 985 quis
2136 947 2227 986 plura
2251 946 2304 976 de-

1335 986 1462 1025 sideret,
1487 991 1575 1026 petat
1590 997 1630 1017 ex
1654 993 1767 1027 quarto
1784 993 1815 1017 et
1836 988 1947 1027 quinto
1965 989 2121 1028 capitibus
2138 989 2303 1029 Epistolae

1336 1028 1374 1059 ad
1400 1028 1545 1067 Galatas,
1568 1034 1600 1060 et
1624 1040 1663 1060 ex
1687 1036 1799 1061 nostra
1821 1029 2040 1062 Institutione.

1422 1113 1449 1145 7.
1476 1113 1513 1145 Si
1531 1114 1612 1146 enim
1627 1115 1770 1153 primum
1796 1116 1871 1147 illud
1893 1115 2126 1156 reprehensione
2141 1118 2303 1158 caruisset,

1336 1166 1395 1188 non
1416 1157 1529 1196 fuisset
1557 1158 1687 1189 seeundo
1718 1159 1876 1198 quaesitus
1898 1158 1992 1190 locus.
2038 1160 2067 1192 8.
2096 1159 2195 1190 Porro
2217 1160 2304 1191 incu-

1336 1210 1410 1231 sans
1438 1210 1497 1240 eos,
1531 1200 1622 1232 dicit:
1657 1200 1736 1232 Ecee
1764 1202 1832 1233 dies
1864 1202 1999 1241 veniunt,
2033 1203 2107 1234 dicit
2136 1201 2304 1243 Dominus,

1336 1253 1429 1283 quum
1448 1243 1612 1282 perficiam
1634 1254 1730 1283 super
1752 1244 1875 1275 domum
1892 1245 1994 1276 Israel
2017 1248 2044 1276 et
2066 1255 2160 1284 super
2182 1245 2304 1276 domum

1337 1286 1422 1317 Iuda
1442 1287 1552 1325 foedus
1573 1296 1693 1318 novum.
1739 1287 1768 1318 9.
1794 1287 1866 1319 Non
1891 1288 2058 1319 seeundum
2085 1289 2203 1328 foedus,
2225 1288 2305 1327 quod

1335 1329 1393 1368 feci
1429 1338 1498 1360 cum
1529 1329 1679 1368 patribus
1716 1339 1828 1367 eorum,
1866 1331 1901 1361 in
1933 1330 1982 1361 die
2018 1340 2077 1370 quo
2116 1330 2306 1370 apprehendi

1336 1381 1463 1403 manum
1486 1381 1599 1412 eorum,
1622 1375 1654 1403 ut
1677 1373 1831 1404 educerem
1854 1383 1904 1404 eos
1924 1384 1939 1404 e
1961 1376 2044 1404 terra
2063 1374 2205 1414 Aeyypti,
2229 1374 2305 1413 quia

1337 1415 1401 1454 ipsi
1429 1424 1489 1445 non
1514 1415 1716 1453 perstiterunt
1744 1416 1777 1446 in
1805 1416 1927 1456 foedere
1956 1426 2029 1453 meo,
2060 1419 2087 1447 et
2108 1426 2160 1456 eqo
2185 1416 2305 1457 neqlexi

1338 1468 1403 1489 eos:
1426 1457 1501 1488 dicit
1531 1458 1697 1489 Dominus.
1744 1458 1793 1490 10.
1821 1459 1903 1498 Quia
1932 1458 1987 1490 hoe
2016 1461 2058 1490 est
2085 1459 2196 1499 foedus
2225 1458 2305 1498 quod

1338 1501 1501 1540 disponam
1529 1501 1635 1532 domui
1665 1501 1768 1533 Israel
1795 1501 1861 1533 illis
1890 1501 2006 1542 diebus,
2040 1502 2115 1533 dicit
2137 1501 2304 1541 Dominus,

1333 1553 1450 1583 ponam
1475 1543 1556 1583 leqes
1583 1554 1668 1576 meos
1698 1545 1728 1575 in
1750 1547 1846 1576 mente
1867 1545 2017 1583 ipsorum.
2048 1547 2074 1575 et
2103 1545 2137 1575 in
2165 1544 2306 1576 cordibus

1338 1596 1442 1617 eorum
1463 1586 1595 1618 scribam
1617 1597 1681 1619 eos.-
1703 1590 1729 1618 et
1751 1597 1802 1618 ero
1823 1587 1889 1618 illis
1911 1587 1945 1618 in
1962 1587 2073 1625 Deum,
2096 1590 2124 1618 et
2140 1588 2202 1626 ipsi
2218 1590 2306 1619 erunt

1338 1629 1416 1660 mihi
1437 1629 1471 1660 in
1488 1631 1651 1670 populum,
1697 1630 1747 1660 11.
1780 1632 1806 1661 et
1835 1640 1896 1661 non
1924 1630 2066 1661 docebunt
2093 1631 2307 1670 unusquisque

1339 1673 1432 1704 civem
1459 1682 1552 1703 suum
1582 1675 1607 1704 et
1635 1673 1848 1713 unusquisque
1875 1673 2005 1712 fratrem
2033 1683 2135 1712 suum,
2165 1673 2307 1705 dicendo:

1341 1715 1488 1756 Cognosce
1509 1715 1692 1753 Dominum,
1726 1716 1801 1756 quia
1831 1725 1934 1747 omnes
1958 1725 2006 1746 me
2034 1716 2137 1755 scient,
2169 1727 2189 1747 a
2206 1725 2307 1756 parvo

1338 1760 1417 1789 inter
1439 1768 1489 1790 eos
1507 1768 1604 1798 usque
1631 1759 1673 1790 ad
1693 1768 1849 1800 maqnum.
1896 1758 1944 1789 12.
1977 1759 2131 1798 Quoniam
2148 1759 2308 1799 propitius

1339 1811 1388 1833 ero
1411 1801 1578 1833 iniustitiis
1607 1812 1719 1841 eorum,
1747 1804 1773 1833 et
1790 1804 1985 1841 peecatorum
2015 1811 2119 1833 eorum
2141 1805 2168 1832 et
2189 1801 2307 1841 iniqui-

1337 1847 1433 1876 tatum
1454 1854 1516 1875 non
1544 1845 1723 1876 recordabor
1744 1843 1888 1884 amplius.
1936 1844 1985 1875 13.
2019 1844 2158 1876 Dicendo
2186 1853 2306 1882 novum,

1337 1887 1511 1927 antiquavit
1528 1888 1641 1927 prius.-
1663 1887 1742 1927 quod
1764 1890 1866 1919 autem
1889 1887 2072 1926 antiquatur
2090 1890 2117 1918 et
2138 1887 2307 1927 veterascit,

1333 1941 1428 1970 prope
1450 1933 1492 1961 est
1514 1934 1548 1961 ut
1569 1932 1734 1963 evanescat.

1424 2016 1452 2047 7.
1490 2015 1526 2047 Si
1549 2016 1631 2047 enim
1646 2016 1800 2055 primum.
1846 2015 2028 2047 Confirmat
2049 2014 2135 2055 quod
2159 2015 2244 2046 dixit
2267 2014 2307 2045 de

1339 2058 1476 2090 foederis
1492 2060 1698 2100 praestantia,
1716 2059 1799 2098 quod
1819 2058 1983 2090 nobiscum
2000 2057 2092 2089 Deus
2110 2058 2229 2097 pepigit
2248 2067 2305 2097 per

1339 2112 1469 2132 manum
1494 2102 1633 2133 Christi:
1657 2102 1829 2133 confirmat
1851 2108 1970 2140 aut-em,
1994 2101 2068 2140 quia
2092 2100 2200 2131 foedus
2224 2099 2305 2140 legis

1340 2155 1403 2175 non
1433 2146 1531 2176 fuerit
1559 2145 1688 2175 firmum
1721 2155 1779 2176 nec
1807 2144 1930 2176 stabile.
1975 2143 2058 2175 Nam
2088 2143 2114 2175 si
2146 2142 2226 2173 nihil
2257 2142 2304 2172 illi

1339 2186 1499 2225 defuisset,
1536 2187 1611 2228 quid
1646 2187 1802 2218 attinebat
1834 2187 1921 2218 aliud
1955 2184 2145 2226 subrogari?
2203 2185 2303 2224 Atqui

1338 2229 1547 2271 subrogatum
1571 2236 1628 2262 est.
1669 2230 1766 2262 Unde
1789 2235 1878 2269 patet
1901 2234 1993 2260 vetus
2015 2227 2093 2259 illud
2118 2238 2183 2258 non
2208 2228 2304 2258 fuisse

1337 2274 1424 2303 omni
1448 2284 1486 2304 ex
1511 2279 1601 2313 parte
1625 2273 1817 2304 absolutum.
1870 2272 1921 2303 Ad
1944 2271 1976 2302 id
1999 2269 2198 2311 probandum
2226 2271 2305 2301 citat

1338 2316 1555 2347 testimoniam
1578 2315 1744 2353 Ieremiae,
1773 2314 1857 2355 quod
1880 2325 1954 2345 mox
1982 2313 2192 2344 excutiemus.
2238 2313 2303 2343 Sed

1339 2358 1397 2390 hoc
1428 2369 1539 2398 parum
1570 2359 1698 2390 videtur
1727 2361 1991 2394 consentaneum,
2020 2355 2102 2395 quod
2133 2362 2304 2395 postquam

1338 2402 1502 2441 praefatus
1530 2408 1578 2433 est
1601 2412 1665 2432 non
1696 2400 1795 2431 fuisse
1824 2399 2043 2439 quaerendum
2076 2398 2215 2429 secundo
2238 2398 2305 2429 soe-

1339 2444 1406 2475 deri
1430 2445 1545 2481 locum,
1580 2444 1606 2474 si
1631 2443 1721 2483 prius
1752 2441 2004 2482 reprehensione
2031 2447 2194 2472 vacasset:
2227 2440 2305 2472 dicit

1338 2488 1493 2527 populum
1516 2485 1718 2526 reprehendi,
1740 2491 1772 2516 et
1795 2484 1855 2516 hac
1877 2493 1973 2515 causa
1996 2483 2170 2514 remedium
2196 2483 2305 2514 afferri

1338 2531 1413 2560 novi
1438 2530 1582 2561 loederis.
1617 2528 1718 2568 Atqui
1741 2527 1888 2567 iniquum
1913 2532 1970 2566 est,
1995 2526 2021 2557 si
2044 2525 2118 2566 quid
2140 2526 2210 2557 vitii
2235 2526 2302 2556 fue-

1338 2573 1380 2603 rit
1403 2574 1435 2604 in
1459 2572 1585 2612 populo,
1618 2571 1686 2601 eius
1709 2570 1834 2610 culpam
1865 2570 1899 2600 in
1926 2569 2039 2600 foedus
2062 2568 2125 2599 Dei
2153 2569 2303 2600 conferri.

1311 2603 1314 2614 ¹
1340 2614 1476 2646 Videtur
1498 2625 1574 2655 ergo
1596 2624 1659 2644 non
1680 2619 1767 2644 stare
1790 2618 2030 2653 argumentum.
2064 2611 2150 2650 Quia
2173 2618 2208 2642 ut
2230 2621 2303 2643 cen-

1339 2658 1398 2689 ties
1430 2658 1518 2689 Deus
1550 2656 1702 2697 populum
1732 2660 1867 2693 accuset,
1901 2665 1964 2686 non
1994 2658 2103 2686 tamen
2133 2659 2303 2695 propterea
