2513 3126
110 193 173 224 337

110 301 208 331 opera
232 291 354 322 censeri
379 300 443 321 non
467 289 628 326 desinunt,
652 297 732 327 quae
756 289 890 317 manant
910 296 950 317 ex
973 286 1079 326 gratia

112 333 254 374 spiritus,
282 333 358 373 quia
381 332 564 365 voluntaria
585 335 670 362 sunt.
717 328 849 360 Habent
872 329 970 360 etiam
994 338 1078 359 mer-

111 375 237 416 cedem,
272 376 347 416 quia
374 375 516 417 gratuito
547 377 676 412 accepta
706 371 890 402 hominibus
921 371 1079 409 feruntur,

112 418 247 458 perinde
280 428 316 450 ac
345 418 373 450 si
406 418 549 457 ipsorum
582 418 699 446 essent.
752 413 819 445 Sed
849 413 902 446 hie
935 414 1080 445 exoritur

112 461 270 501 quaestio,
300 471 340 492 an
372 459 468 491 simul
500 468 535 489 ac
566 457 731 498 regenitus
762 462 809 488 est
832 457 992 497 quispiam
1017 456 1079 487 Dei

113 504 238 544 spiritu,
268 512 432 543 nunquam
463 501 562 541 possit
585 501 618 530 in
642 509 679 531 00
708 499 873 540 exstingui
898 500 993 530 timor
1016 499 1078 530 Dei

111 551 144 577 et
167 547 279 587 pietas.
314 545 385 576 Hoc
408 544 491 575 enim
510 543 661 574 videntur
684 553 799 574 sonare
816 542 954 582 apostoli
971 541 1077 573 verba.

113 589 180 628 Qui
209 588 302 620 aliter
332 587 485 626 sentiunt,
516 586 616 617 citant
638 584 777 616 Davidis
800 585 996 625 exemplum,
1025 585 1078 624 qui

113 631 154 662 ad
189 636 314 671 tempus
347 630 391 661 sic
425 638 598 668 oppressus
628 632 678 659 est
708 627 836 659 beluino
866 634 1011 668 stupore,
1043 632 1080 658 ut

113 673 205 705 nulla
219 672 358 705 scintilla
373 672 406 702 in
423 682 459 702 eo
476 675 640 711 appareat.
669 670 758 710 Quin
775 671 871 701 etiam
889 670 1012 711 psalmo
1027 669 1078 709 51,

113 727 187 748 eum
217 715 275 747 sibi
305 714 432 746 restitui
456 715 544 754 petit.
590 713 684 745 Unde
711 713 865 753 sequitur,
894 714 990 745 fuisse
1013 714 1077 753 pri-

114 766 232 790 vatum.
276 757 348 798 Ego
378 762 485 788 tamen
517 767 582 787 non
613 756 725 787 dubito
756 757 831 796 quin
857 767 966 787 semen
990 755 1079 794 illud,

112 811 177 842 quo
199 800 316 832 eleetos
339 810 414 831 suos
437 804 608 840 regenerat
632 798 731 836 Deus,
757 804 790 830 ut
813 803 862 830 est
885 800 1078 839 incorrupti-

112 844 189 882 bile,
223 843 270 874 ita
303 846 492 883 perpetuam
523 844 588 873 vim
624 842 772 873 retineat.
825 842 915 873 Fieri
949 841 1079 882 quidem

112 896 205 927 posse
220 885 358 917 concedo
375 890 413 917 ut
429 885 590 916 interdum
608 885 790 922 suffocetur,
809 885 1079 925 quemadmodum

111 931 143 960 in
166 927 310 959 Davide:
340 928 395 960 sed
426 933 535 959 tamen
565 938 628 968 quo
658 932 802 967 tempore
826 927 996 959 videbatur
1026 938 1079 959 ex-

110 972 229 1003 stincta
260 981 329 1003 esse
359 971 463 1002 omnis
490 971 524 1002 in
555 981 592 1002 eo
622 971 738 1010 pietas,
769 971 865 1002 carbo
894 971 991 1002 vivus
1021 971 1080 1001 sub

110 1014 271 1046 cineribus
300 1013 430 1045 latebat.
477 1013 624 1045 Conatur
653 1013 783 1054 quidem
808 1013 911 1045 Satan
942 1013 1080 1045 evellere

111 1056 265 1097 quidquid
290 1056 353 1088 Dei
383 1062 431 1088 est
454 1057 486 1088 in
511 1056 641 1087 electis:
672 1055 726 1087 sed
751 1055 804 1087 ubi
834 1055 1009 1096 plurimum
1033 1057 1080 1088 illi

111 1099 319 1140 permittitur,
350 1103 460 1131 manet
489 1110 616 1140 semper
639 1098 765 1131 occulta
788 1099 891 1138 radix,
921 1109 1003 1140 quae
1027 1099 1080 1130 de·

111 1142 187 1173 inde
210 1142 358 1182 pullulat.
393 1141 566 1174 Caeterum
587 1142 747 1173 Iohannes
771 1152 835 1173 non
858 1142 897 1173 de
920 1153 984 1173 uno
1008 1147 1080 1173 actu

111 1185 162 1227 (ut
198 1185 326 1225 vocant)
361 1185 413 1216 1110
448 1184 608 1225 loquitur:
647 1184 702 1216 sed
740 1184 778 1216 de
812 1185 964 1216 continuo
997 1185 1083 1216 vitae

112 1232 235 1259 tenore.
289 1228 438 1259 Fanatici
476 1228 608 1268 quidam
647 1233 814 1259 aeternum
854 1228 960 1259 nescio
998 1227 1083 1268 quod

112 1281 224 1302 semen
247 1271 279 1301 in
303 1271 413 1302 electis
437 1272 607 1308 somniant,
632 1270 716 1311 quod
740 1280 867 1310 semper
885 1270 1023 1302 afferant
1042 1281 1083 1302 ex

112 1314 226 1344 matris
249 1318 359 1344 utero:
382 1313 438 1345 sed
460 1313 522 1345 huc
541 1313 711 1354 plusquam
729 1314 913 1353 importune
930 1318 1084 1354 torquent
1109 1317 1111 1324 ⁴

111 1356 268 1387 Iohannis
298 1356 405 1388 verba.
453 1356 564 1396 Neque
595 1357 681 1387 enim
714 1355 752 1387 de
776 1361 907 1387 aeterna
929 1356 1084 1388 electione

112 1398 268 1439 disputat,
298 1399 354 1430 sed
384 1399 511 1431 initium
544 1409 562 1430 a
592 1398 835 1440 regeneratione
867 1399 951 1436 facit.
998 1399 1084 1431 Sunt

111 1442 209 1473 etiam
241 1442 297 1473 alii
328 1442 376 1473 bis
406 1442 527 1481 furiosi,
557 1443 612 1482 qui
645 1442 705 1474 1100
734 1446 903 1482 praetextu
936 1441 1083 1474 fidelibus

113 1484 242 1524 quidvis
265 1484 361 1516 licere
386 1484 508 1524 volunt,
538 1485 614 1525 quia
636 1484 799 1516 Iohannes
822 1495 915 1524 posse
938 1495 992 1516 eos
1016 1495 1085 1525 pec-

112 1537 185 1558 care
209 1533 315 1568 negat.
363 1527 487 1559 Volunt
509 1539 585 1569 ergo
611 1533 645 1559 ut
669 1528 737 1559 sine
761 1527 945 1559 discrimine
969 1538 1084 1568 sequa-

113 1580 188 1600 mur
218 1580 411 1610 quocunque
441 1580 500 1602 nos
524 1571 658 1602 affectus
681 1570 808 1601 tulerit:
842 1570 888 1601 ita
910 1571 1084 1610 scortandi,
1110 1573 1112 1582 ¹

114 1613 246 1644 furandi
273 1617 306 1644 et
329 1613 494 1644 occidendi
518 1614 679 1645 licentiam
704 1613 844 1645 faciunt:
875 1615 950 1653 quia
973 1624 1084 1654 pecca·
1110 1631 1113 1640 »

114 1660 184 1686 tum
220 1666 289 1687 esse
324 1662 462 1695 nequeat
496 1657 550 1688 ubi
583 1660 698 1697 regnat
727 1655 789 1687 Dei
823 1656 966 1697 spiritus.
1019 1656 1084 1688 Sed

113 1698 209 1740 longe
240 1699 302 1729 alia
332 1704 380 1730 est
410 1709 502 1730 mens
532 1699 676 1740 apostoli.
727 1699 867 1730 Peceare
898 1701 984 1731 enim
1015 1700 1086 1731 ideo

113 1747 213 1782 negat
236 1741 346 1773 fideles
369 1743 442 1782 quia
466 1752 576 1774 eorum
592 1741 741 1774 cordibus
765 1742 869 1783 legem
886 1753 977 1774 suam
994 1743 1086 1774 Deus

114 1784 293 1824 insculpsit,
324 1785 594 1825 quemadmodum
623 1785 760 1817 habetur
784 1785 868 1825 apud
892 1786 1084 1826 prophetam

112 1827 242 1867 (Ierem.
266 1827 318 1866 31,
341 1827 405 1869 33).

201 1870 250 1902 10.
281 1869 323 1901 In
353 1870 406 1902 hoe
434 1870 591 1910 manifesti
612 1873 693 1902 sunt.
739 1871 858 1903 Paucis
882 1872 989 1903 verbis
1012 1881 1085 1903 eon-

112 1913 224 1953 cludit,
255 1912 375 1944 frustra
406 1914 465 1945 sibi
496 1914 599 1945 locum
630 1919 662 1944 et
686 1924 802 1945 nomen
826 1924 978 1955 arrogare
1001 1915 1086 1946 inter

114 1955 177 1986 Dei
208 1955 291 1987 filios
322 1957 376 1996 qui
407 1967 470 1987 non
499 1967 533 1988 se
564 1956 646 1988 tales
674 1957 814 1996 probant
845 1958 897 1997 pia
920 1962 952 1988 et
974 1963 1087 1989 sancta

114 1999 195 2029 vita:
227 1998 485 2038 quandoquidem
514 1999 574 2031 hae
606 2004 682 2031 nota
706 1999 859 2031 differant
882 2011 900 2031 a
924 2000 998 2032 filiis
1022 2000 1085 2032 dia-

114 2040 187 2072 boli.
234 2041 335 2072 Porro
361 2052 422 2072 non
448 2043 492 2073 ita
515 2043 702 2074 manifestos
726 2042 889 2084 intelligit,
920 2048 956 2074 ut
980 2043 1084 2084 palam

114 2083 259 2124 dignosci
293 2094 311 2115 a
346 2089 412 2115 toto
446 2085 566 2116 mundo
600 2089 736 2125 queant:
771 2087 826 2117 sed
864 2086 923 2118 hoe
958 2092 1084 2118 tantum

115 2126 196 2165 vult,
219 2127 359 2158 fructum
384 2129 417 2158 et
439 2127 585 2159 effectum
610 2128 738 2159 divinae
756 2129 937 2169 adoptionis
956 2140 1086 2171 semper

113 2174 242 2200 exstare
266 2171 299 2200 in
323 2170 401 2200 vita.

204 2255 353 2294 Quisquis
375 2264 436 2286 non
457 2255 533 2293 facit
556 2256 718 2297 iustitiam,
742 2267 801 2287 non
824 2260 867 2288 est
889 2267 925 2288 ex
950 2257 1032 2289 Deo:
1061 2260 1087 2288 et

113 2298 170 2337 qui
205 2307 267 2328 non
296 2297 400 2337 (Ziliyit
429 2298 559 2337 fratrem
588 2309 689 2330 suum.
737 2300 785 2330 11.
824 2301 905 2339 Quia
939 2300 1013 2331 haee
1044 2303 1089 2332 est

110 2340 303 2380 praedicatio
335 2351 429 2380 quam
461 2340 596 2372 audistis
625 2342 662 2372 ab
693 2343 800 2382 initio,
836 2346 869 2374 ub
896 2346 1002 2374 mutuo
1032 2354 1087 2375 nos

115 2428 144 2456 et
173 2426 282 2457 oceidit
311 2426 442 2465 fratrem
472 2436 571 2457 suum.
618 2426 661 2458 Et
683 2437 742 2467 qua
766 2428 802 2459 de
829 2438 927 2460 eausa
950 2439 1019 2460 eum
1041 2439 1085 2461 oc-

115 2468 217 2499 eidit?
273 2468 355 2507 Quia
383 2479 476 2508 opera
506 2469 574 2500 eius
603 2470 687 2500 mala
714 2474 812 2511 erant,
842 2472 956 2511 frnbris
985 2474 1087 2503 autem

116 2511 306 2585 ilustaſjllfss.
339 2512 387 2543 Ne
414 2512 581 2549 miremini,
614 2512 731 2551 fratres
761 2514 830 2552 mei,
861 2515 890 2545 si
920 2525 971 2546 vos
1000 2525 1087 2546 mun-

114 2563 175 2584 (us
201 2564 217 2584 0
241 2564 272 2584 i.

207 2639 269 2678 Qui
289 2639 366 2678 facit
389 2639 551 2671 iustitiam.
594 2640 715 2672 Facere
738 2641 904 2682 iustitiam,
928 2648 959 2674 et
981 2644 1086 2674 faeere

217 2699 328 2725 Calvini
345 2707 436 2731 opera.
464 2699 521 2725 Vol.
540 2699 609 2725 LV.

984 189 1134 221 CAPUT
1158 189 1220 222 111.

1122 1013 1196 1044 -hoc
1218 1012 1400 1044 membrum
1424 1012 1493 1044 vice
1516 1012 1723 1052 expositionis
1750 1012 1895 1043 additum
1920 1016 1977 1043 est.

1113 2561 1115 2588 l
1142 2559 1226 2589 vitae
1257 2562 1365 2597 partes
1394 2566 1558 2596 occupare.

2044 190 2107 222 338

1133 289 1309 325 peccatum,
1334 290 1409 316 sunt
1432 286 1482 318 hic
1507 287 1590 318 inter
1613 297 1647 318 se
1671 287 1827 327 opposita.
1867 286 1982 326 Itaque
1999 286 2103 318 faeere

1132 328 1288 359 iustitiam
1324 328 1404 359 nihil
1438 329 1525 360 aliud
1559 334 1609 361 est
1641 340 1738 369 quam
1772 340 1813 361 ex
1847 329 1955 360 animo
1993 328 2099 360 Deum

1132 371 1261 411 timere,
1292 373 1325 402 et
1355 371 1520 403 ambulare
1550 372 1584 403 in
1615 372 1684 403 eius
1714 372 1908 412 praeceptis,
1943 375 2102 413 quantum

1132 413 1194 444 fert
1224 413 1367 444 humana
1398 414 1563 454 fragilitas.
1615 414 1818 454 Quamquam
1851 415 1937 446 enim
1969 414 2103 450 iustitia,

1131 456 1158 487 si
1183 460 1295 487 exacte
1319 456 1514 495 aestimetur,
1539 468 1604 488 non
1627 457 1689 488 alia
1712 461 1761 488 est
1785 467 1881 496 quam
1906 457 2002 497 plena
2022 457 2101 498 legis

1132 499 1329 537 observatio,
1364 509 1382 530 a
1410 509 1471 539 qua
1501 500 1637 531 multum
1667 509 1796 539 semper
1826 500 1943 531 absunt
1973 499 2102 532 fideles:

1133 542 1208 580 quia
1232 547 1340 572 tamen
1364 540 1480 572 delicta
1502 548 1533 573 et
1554 543 1660 582 lapsus
1681 542 1746 573 illis
1765 543 1852 573 Deus
1870 553 1932 574 non
1950 543 2102 582 imputat,
2130 573 2133 576 .

1133 584 1260 615 iustitia
1283 588 1417 615 vocatur
1441 584 1609 616 dimidium
1632 585 1691 617 11οο
1709 584 1898 624 obsequium
1922 587 2008 625 quod
2034 586 2102 617 Deo

1133 631 1308 667 praestant.
1361 627 1557 658 Pronuntiat
1587 633 1694 660 autem
1722 627 1901 665 Iohannes,
1937 638 2001 658 non
2033 639 2103 660 csse

1133 680 1173 700 ex
1203 670 1273 701 Deo
1304 669 1487 709 quicunque
1521 681 1585 701 non
1620 671 1703 702 iuste
1734 671 1866 702 vivunt:
1902 671 1977 710 quia
2009 681 2102 710 quos-

1132 722 1258 752 cunque
1275 717 1369 744 vocat
1387 712 1484 750 Deus,
1508 723 1560 744 eos
1583 714 1699 754 spiritu
1723 724 1781 745 suo
1800 718 1978 754 regenerat.
2015 714 2103 753 Ergo

1133 756 1220 787 vitae
1258 756 1387 786 novitas
1435 760 1628 795 perpetuum
1672 760 1720 788 est
1753 756 1884 787 divinae
1922 755 2104 796 adoptionis

1133 799 1366 830 testimonium.

1217 840 1262 872 Et
1291 841 1346 881 qui
1366 850 1429 872 non
1450 840 1555 881 diliyit
1577 841 1717 880 fratrem.
1764 841 1960 873 Generalem
1986 841 2104 872 doctri·

1134 894 1207 915 nam
1243 883 1283 914 ad
1317 894 1412 915 suum
1440 884 1625 914 institutum
1654 884 1882 916 accommodat.
1934 884 2104 915 Hactenus

1133 927 1220 959 enim
1250 926 1289 957 ad
1322 926 1498 958 fraternam
1528 928 1695 958 caritatem
1726 927 1873 958 hortatus
1903 932 1951 958 est
1977 927 2102 959 fideles:

1134 981 1220 1001 nunc
1243 969 1354 1000 eodem
1378 970 1476 1001 refert
1499 979 1659 1000 summam
1684 980 1778 1000 verae
1801 970 1955 1001 iustitiae.
1994 970 2104 1009 Quare

2023 1012 2104 1044 Cae-

1136 1061 1241 1087 terum
1270 1056 1331 1086 iam
1363 1056 1454 1095 prius
1484 1055 1550 1086 dixi
1580 1065 1642 1094 qua
1665 1055 1789 1086 ratione
1812 1055 2107 1095 comprehendatur

1136 1099 1195 1130 sub
1220 1099 1364 1129 fraterna
1387 1098 1521 1129 caritate
1545 1102 1614 1128 tota
1644 1098 1775 1129 iustitia.
1821 1098 1950 1130 Priores
1974 1098 2105 1138 quidem

1136 1145 1243 1182 partes
1270 1141 1392 1172 obtinet
1421 1151 1512 1172 amor
1541 1140 1619 1171 Dei:
1654 1141 1709 1172 sed
1743 1140 1818 1180 quia
1848 1151 1889 1171 ex
1920 1151 1956 1171 eo
1987 1141 2106 1181 pendet

1137 1186 1280 1216 fraterna
1313 1184 1399 1215 inter
1432 1183 1577 1215 homines
1607 1184 1740 1220 caritas,
1773 1194 1868 1223 saepe
1903 1194 1959 1223 per
1993 1194 2106 1224 synec-

1137 1227 1275 1265 dochen,
1308 1227 1362 1257 ille
1394 1227 1453 1258 sub
1482 1226 1542 1258 hac
1574 1226 1763 1265 includitur,
1799 1231 1829 1257 et
1854 1226 1993 1258 vicissim
2027 1227 2106 1258 haec

1138 1271 1199 1301 sub
1222 1270 1287 1301 illo.
1329 1269 1416 1310 Erqo
1437 1271 1470 1300 ut
1492 1270 1621 1309 quisque
1642 1269 1850 1309 beneficentiae
1872 1271 1899 1300 et
1918 1269 2108 1300 humanitati

1137 1313 1258 1345 deditus
1291 1315 1348 1351 est,
1381 1313 1426 1343 ita
1459 1313 1578 1343 iustum
1607 1322 1672 1343 esse
1700 1315 1728 1343 et
1760 1312 1880 1343 censeri
1904 1312 2107 1351 pronuntiat:

1136 1357 1212 1397 quia
1235 1356 1351 1387 caritas
1374 1358 1418 1386 est
1433 1356 1509 1396 leyis
1524 1355 1782 1394 complementum.
1818 1355 2001 1386 Confirmat
2024 1355 2107 1386 11000

1136 1399 1332 1431 sententiam
1355 1408 1454 1438 quum
1471 1398 1557 1433 dicit,
1580 1399 1638 1429 ita
1661 1398 1822 1429 edoctos
1846 1398 1944 1429 fuisse
1959 1397 1999 1428 ab
2015 1397 2107 1428 initio

1137 1442 1257 1474 fideles.
1304 1441 1388 1472 Nam
1418 1441 1467 1472 his
1492 1440 1597 1472 verbis
1627 1440 1787 1481 significat
1816 1451 1880 1471 non
1904 1440 2020 1471 debere
2044 1440 2108 1471 illis

1138 1495 1256 1517 novam
1282 1484 1385 1516 videri
1410 1484 1629 1515 definitionem
1653 1494 1749 1524 quam
1773 1483 1874 1523 ponit.

1225 1527 1276 1558 12.
1316 1527 1390 1559 Non
1426 1527 1505 1559 sicut
1538 1526 1627 1558 Cain.
1681 1526 1796 1558 Altera
1834 1526 2034 1557 confirmatio
2068 1536 2108 1557 ex

1138 1571 1300 1602 contrario
1330 1575 1475 1610 sumpta:
1507 1570 1581 1609 quia
1611 1571 1642 1600 in
1667 1569 1812 1610 reprobis
1835 1573 1867 1600 et
1890 1569 1966 1600 filiis
1991 1568 2108 1599 diaboli

1139 1619 1253 1655 regnet
1279 1614 1399 1653 odium,
1429 1618 1461 1644 et
1483 1613 1572 1652 quasi
1603 1612 1823 1653 principatum
1845 1611 1880 1643 10
1903 1621 2017 1643 eorum
2041 1612 2110 1642 vita

1139 1662 1265 1688 teneat:
1293 1657 1384 1688 cuius
1408 1656 1453 1687 rei
1475 1655 1642 1696 speculum
1667 1655 1816 1695 proponit
1839 1654 1932 1686 Cain.
1979 1654 2110 1685 Interea

1139 1701 1200 1731 1100
1224 1699 1263 1731 ad
1287 1710 1396 1731 eorum
1424 1698 1676 1731 consolationem
1701 1697 1805 1729 valet:
1835 1696 2110 1738 quemadmodum

1140 1743 1271 1774 tandem
1306 1741 1482 1779 concludit,
1521 1752 1567 1772 ne
1606 1741 1811 1772 miremini
1850 1741 1885 1771 si
1919 1750 1987 1772 vos
2020 1739 2111 1771 odit

1139 1785 1327 1818 mundus.
1372 1785 1463 1816 Haec
1492 1784 1639 1825 exegesis
1668 1783 1841 1824 diligenter
1872 1783 2015 1814 notanda
2044 1786 2109 1814 est:

1139 1839 1268 1870 semper
1283 1829 1368 1859 enim
1384 1828 1419 1858 in
1435 1828 1520 1858 vitae
1536 1828 1663 1858 ratione
1681 1826 1924 1858 hallucinantur
1947 1825 2110 1857 homines:

1140 1872 1214 1912 quia
1237 1871 1440 1903 sanctitatem
1464 1871 1668 1902 constituunt
1690 1870 1725 1900 in
1745 1869 1866 1901 fictitiis
1882 1869 2050 1910 operibus:
2073 1878 2111 1900 ac

1140 1916 1215 1946 dum
1238 1925 1271 1946 se
1295 1917 1458 1945 macerant
1480 1914 1515 1944 in
1532 1913 1635 1954 nugis,
1661 1917 1776 1953 putant
1795 1922 1828 1943 se
1845 1911 1916 1943 Deo
1937 1911 1985 1942 bis
2001 1916 2111 1952 gratos

1139 1969 1220 1990 esse.
1265 1957 1370 1988 Sicuti
1401 1956 1548 1988 monachi
1571 1966 1665 1987 suum
1689 1955 1821 1986 vivendi
1856 1964 1958 1995 genus
1988 1954 2111 1994 perfec-

1140 2002 1236 2032 tionis
1253 2005 1370 2031 statum
1387 1999 1525 2040 superbe
1542 2000 1721 2030 nominant.
1756 1998 1823 2029 Nec
1839 1998 1921 2029 alius
1938 1998 1970 2028 in
1990 2002 2111 2038 papatu

1139 2048 1288 2075 censetur
1311 2043 1416 2073 cultus
1443 2041 1506 2073 Dei
1530 2052 1627 2083 quam
1650 2041 1917 2081 superstitionum
1942 2040 2110 2072 colluvies.

1139 2087 1239 2127 Atqui
1263 2085 1428 2126 apostolus
1451 2085 1535 2116 hanc
1551 2085 1681 2116 demum
1704 2084 1862 2114 iustitiam
1882 2088 2020 2115 testatur
2036 2093 2111 2124 pro-

1140 2130 1209 2161 bari
1233 2129 1312 2166 Deo,
1337 2129 1363 2159 si
1387 2137 1446 2158 nos
1470 2133 1584 2159 mutuo
1609 2127 1786 2167 diligimus:
1811 2137 1923 2158 rursus
1947 2126 2110 2157 diabolum

1140 2182 1284 2212 regnare,
1309 2171 1361 2202 ubi
1385 2170 1504 2209 odium,
1527 2170 1684 2207 simultas,
1708 2169 1839 2209 invidia,
1869 2174 1900 2199 et
1923 2169 2112 2199 inimicitiae

1139 2219 1338 2256 grassantur.
1388 2213 1493 2245 Simul
1524 2218 1634 2245 tamen
1669 2213 1825 2243 memoria
1856 2212 2034 2243 tenendum
2062 2217 2112 2242 est

1141 2258 1224 2299 quod
1248 2267 1352 2297 nuper
1375 2257 1476 2297 attigi,
1501 2257 1676 2288 fraternam
1693 2256 1870 2294 caritatem,
1894 2254 1969 2294 quia
1988 2265 2028 2285 ex
2047 2253 2111 2284 Dei

1141 2311 1250 2332 amore
1273 2299 1416 2331 nascitur
1439 2302 1594 2340 tanquam
1618 2299 1750 2330 effectus
1768 2308 1810 2328 ex
1826 2308 1932 2337 causa,
1957 2296 2027 2327 ideo
2046 2307 2112 2327 non

143 2383 148 2388 ,
168 2383 173 2388 ,
535 2384 540 2388 Ι
1112 2340 1115 2388 j
1142 2343 1296 2383 disiungi:
1314 2342 1392 2382 quin
1409 2342 1514 2382 potius
1531 2342 1590 2374 hoc
1607 2341 1738 2372 nomine
1755 2340 1880 2371 laudari
1897 2339 1937 2370 ab
1953 2339 2111 2377 Iohanne,

115 2383 301 2423 dzlzyamus:
341 2383 390 2414 12.
417 2383 488 2414 Non
512 2386 591 2414 szcut
616 2384 694 2415 Cain
716 2387 770 2425 qui
793 2396 830 2417 ex
852 2387 989 2426 maligno
1012 2389 1086 2424 erat,
1113 2389 1115 2400 ¹

1142 2386 1224 2427 quod
1241 2386 1282 2417 sit
1299 2390 1428 2416 nostrae
1444 2386 1477 2416 in
1496 2385 1602 2416 Deum
1622 2384 1752 2424 pietatis
1768 2382 1964 2423 approbatio.
2000 2381 2112 2421 Quum

1141 2430 1228 2467 dicit,
1250 2428 1355 2459 Cain
1379 2428 1418 2458 ad
1443 2428 1551 2459 fratris
1574 2427 1704 2458 caedem
1728 2426 1788 2457 1100
1811 2435 1908 2457 causa
1932 2425 2029 2456 fuisse
2053 2425 2112 2455 im-

1141 2472 1278 2513 pulsum,
1308 2471 1462 2510 quoniam
1484 2481 1581 2510 opera
1603 2471 1672 2501 eius
1695 2469 1780 2500 mala
1808 2473 1918 2499 erant:
1948 2468 2113 2508 significat

1140 2514 1223 2555 quod
1247 2515 1310 2545 iam
1334 2513 1455 2553 monui,
1480 2513 1534 2544 ubi
1558 2517 1673 2553 regnat
1691 2511 1850 2552 impietas,
1872 2511 1981 2542 odium
2000 2521 2113 2542 omnes

1608 2555 1728 2586 Iusta
1756 2554 1868 2586 Abelis
1897 2564 1995 2594 opera
2024 2564 2112 2585 com-

1141 2604 1308 2639 memorat,
1338 2609 1401 2639 quo
1432 2599 1592 2639 patienter
1622 2598 1705 2629 ferre
1737 2597 1898 2629 discamus
1921 2597 2113 2628 simundus

1142 2654 1199 2675 nos
1223 2644 1334 2683 gratis,
1361 2642 1513 2682 nullaque
1536 2641 1654 2672 iniuria
1678 2645 1879 2681 provocatus,
1909 2639 1980 2672 odio
2005 2639 2112 2671 habet.

1859 2699 1893 2726 22
