2513 3126
188 208 226 240 57
1082 207 1230 239 CAPUT
1257 208 1294 239 V.
2146 210 2186 241 :38

190 302 352 341 apostolus
383 301 421 333 ad
447 301 623 333 docendam
648 302 766 333 veteris
791 302 959 333 sacerdotii
984 301 1162 342 abrogatio-

191 355 274 376 nem.
313 344 423 375 Primo
441 344 527 382 dicit,
551 345 704 375 assumi
729 355 774 375 ex
798 345 1038 375 hominibus
1061 354 1162 375 sacer-

192 388 289 418 dotes.
329 387 456 418 Deinde
478 397 542 418 non
567 398 632 418 rem
658 388 827 427 privatam,
853 387 908 418 sed
934 386 1032 418 totius
1052 386 1161 426 populi

190 440 293 470 agere.
340 431 447 461 Tertio
481 440 543 460 non
576 430 691 461 debere
723 431 836 461 inanes
860 429 1010 461 accedere
1034 428 1073 460 ad
1098 428 1163 468 pla-

190 473 328 503 candum
360 472 482 510 Deum,
517 472 571 503 sed
604 473 768 504 sacrifieiis
800 473 985 503 instructos.
1036 471 1163 510 Quarto

190 516 416 546 infirmitatum
448 520 628 546 nostrarum
663 525 727 546 non
760 515 873 546 dobere
904 525 973 545 csse
1004 518 1162 553 expertes,

191 568 252 597 quo
294 558 449 589 libentius
483 563 674 589 succurrunt¹
708 557 937 587 laborantibus.
995 556 1162 587 Postremo

191 611 256 631 non
289 604 410 631 temere
440 600 479 631 ad
508 610 625 631 munus
648 599 832 630 obeundum
857 598 972 629 debere
996 599 1161 639 prosilire:

190 643 244 674 sed
277 647 355 674 tunc
385 642 513 673 demum
544 643 698 673 honorem
730 651 798 672 esse
827 641 1024 680 legitimum,
1060 640 1113 671 ubi
1145 650 1163 670 a

191 685 260 716 Deo
288 685 378 717 electi
409 689 485 716 sunt
516 689 548 715 et
577 683 785 723 comprobati.
831 682 926 713 Nune
958 682 997 713 de
1024 682 1161 722 singulis

191 729 343 759 membris
373 727 514 759 breviter
540 730 724 757 tractemus.
770 725 866 755 Prius
897 728 1006 755 tamen
1030 735 1164 765 coargu-

190 771 273 801 enda
295 776 342 800 est
366 780 476 800 eorum
501 768 628 799 inscitia
647 768 700 807 qui
721 768 798 798 haec
819 767 953 797 trahunt
972 767 1010 798 ad
1033 772 1162 808 tempus

191 817 345 848 nostrum,
377 813 466 851 quasi
496 811 581 841 idem
614 809 709 840 hodie
741 814 825 840 esset
855 810 1060 841 sacerdotum
1085 820 1161 841 usus

190 855 228 886 ad
252 855 400 885 victimas
423 852 620 884 offerendas:
645 862 838 892 quamquam
863 862 927 883 non
952 852 1050 893 longa
1074 853 1159 884 refu-

190 897 309 928 tatione
333 906 412 936 opus
436 895 544 926 habet.
582 894 668 934 Quid
692 895 774 926 enim
800 895 941 935 apertius
961 906 1058 935 quam
1078 896 1161 927 veri-

190 946 297 978 tatem,
333 938 466 978 quaein
499 938 630 969 Christo
660 942 721 976 est,
756 947 827 968 eum
859 938 972 977 figuris
1004 938 1161 969 conferri:

189 991 270 1022 quae
286 986 322 1012 ut
339 988 483 1021 tempore
499 981 630 1011 fuerunt
646 981 778 1020 priores,
804 981 848 1010 ita
864 991 951 1012 nunc
968 980 1161 1012 cessarunt?

189 1031 284 1064 atque
314 1023 345 1055 id
376 1023 491 1054 melius
523 1033 562 1054 ex
592 1027 746 1054 contextu
778 1022 907 1063 patebit.
954 1023 1064 1062 Quare
1088 1023 1160 1063 plus

188 1076 283 1107 quam
315 1066 442 1097 ridiculi
474 1071 549 1097 sunt
580 1066 632 1105 qui
657 1066 773 1097 missae
797 1065 990 1098 sacrificium
1015 1067 1159 1098 stabilire

188 1109 302 1140 volunt
325 1120 366 1140 ex
391 1109 451 1140 hoc
473 1109 553 1140 loco.
592 1108 702 1139 Redeo
726 1109 765 1139 ad
790 1119 905 1140 verum
929 1109 1064 1149 apostoli
1087 1119 1159 1140 sen-

189 1162 271 1183 sum.
319 1151 509 1183 Sacerdotes
540 1163 579 1182 ex
608 1151 792 1182 hominibus
817 1153 894 1183 dicit
917 1153 1051 1183 assumi:
1083 1152 1159 1184 hine

188 1194 331 1235 sequitur
354 1194 521 1226 Christum
553 1194 732 1234 oportuisse
756 1204 868 1226 verum
890 1204 960 1226 esse
983 1195 1158 1226 hominem.

186 1237 268 1268 Nam
293 1237 368 1277 quia
391 1237 485 1278 longe
509 1247 528 1268 a
551 1237 621 1268 Deo
645 1237 813 1275 distamus,
836 1238 867 1268 in
893 1238 962 1268 eius
985 1242 1157 1277 conspectu

185 1279 418 1320 quodammodo
448 1280 595 1311 sistimur
622 1281 654 1310 in
680 1280 864 1311 Sacerdotis
888 1290 1039 1320 persona:
1072 1280 1156 1320 quod

185 1332 250 1353 non
281 1323 372 1354 fieret
400 1322 462 1353 nisi
492 1333 575 1353 unus
605 1327 688 1353 esset
718 1333 757 1353 ex
786 1323 889 1354 nobis.
934 1323 1049 1362 Itaque
1072 1324 1157 1364 quod

184 1375 390 1397 communem
415 1365 581 1397 nobiscum
603 1365 699 1396 habet
716 1369 864 1396 naturam
882 1365 967 1397 filius
983 1365 1055 1404 Dei,
1079 1366 1158 1398 adeo

184 1408 246 1439 hoc
279 1419 344 1440 non
381 1408 498 1439 minuit
531 1408 601 1439 eius
632 1408 834 1448 dignitatem,
868 1412 905 1439 ut
933 1409 1037 1449 magis
1066 1410 1158 1441 nobis

184 1451 396 1483 commendet.
437 1451 520 1482 Nam
542 1450 612 1482 ideo
632 1451 671 1482 ad
688 1451 925 1482 conciliandum
943 1451 1033 1483 nobis
1050 1452 1157 1483 Deum

184 1496 233 1524 est
255 1493 399 1532 idoneus,
422 1495 498 1534 quia
516 1493 613 1525 homo
631 1496 690 1526 est.
729 1494 806 1525 Ideo
825 1495 1018 1525 nominatim
1035 1495 1158 1527 Paulus

185 1542 220 1567 ut
243 1537 348 1576 ipsum
373 1537 583 1569 mediatorem
607 1547 677 1568 esse
700 1536 823 1577 probet,
855 1537 1020 1569 hominem
1046 1542 1156 1570 vocat:

185 1579 444 1620 quandoquidem
475 1580 502 1611 si
533 1590 573 1611 ex
597 1580 722 1621 angelis
746 1580 798 1611 vel
821 1579 950 1611 aliunde
973 1585 1158 1621 assumptus

184 1626 278 1661 esset,
302 1623 377 1662 quia
399 1623 438 1653 ad
462 1633 519 1654 nos
536 1632 638 1663 usque
654 1633 719 1654 non
735 1623 943 1664 pertingeret,
967 1634 1032 1655 non
1052 1634 1159 1664 posse-

184 1675 256 1696 mus
279 1675 337 1705 per
359 1666 464 1705 ipsum
488 1666 558 1697 Deo
581 1666 744 1707 coniungi.

272 1707 338 1739 Pro
372 1708 558 1740 hominibus.
609 1708 797 1740 Secundum
829 1709 1028 1741 membrum:
1061 1709 1157 1749 Quod

184 1760 248 1782 non
278 1751 339 1782 sibi
368 1751 518 1791 privatim
547 1751 710 1783 ministret
732 1751 900 1790 Sacerdos,
928 1752 984 1783 sed
1016 1753 1049 1783 in
1073 1762 1157 1784 com-

183 1803 282 1824 mune
304 1794 413 1834 populi
432 1794 549 1825 bonum
567 1795 609 1825 sit
625 1794 802 1826 institutus.
841 1795 949 1834 Atque
965 1794 1025 1827 hoc
1042 1800 1156 1827 notare

183 1845 299 1876 operae
333 1837 471 1876 pretium
507 1841 565 1874 est,
600 1843 635 1868 ut
667 1838 806 1869 sciamus
836 1841 980 1869 nostram
1011 1838 1155 1869 omnium

182 1879 320 1910 salutem
342 1879 394 1920 agi
417 1889 453 1910 ac
476 1880 559 1911 verti
583 1880 614 1911 in
631 1880 755 1912 Christi
778 1880 967 1912 sacerdotio.
1006 1881 1156 1921 Speciem

182 1922 334 1953 utilitatis
349 1922 536 1963 exprimunt
552 1923 631 1954 haec
647 1923 764 1954 verba:
788 1922 918 1954 Ordin
931 1930 970 1954 at
993 1935 1036 1955 ea
1054 1935 1072 1964 q
1086 1934 1157 1955 uae

182 1964 229 1995 ad
258 1963 382 1996 Deum
411 1966 639 2006 pertinent:
665 1976 861 2006 quamquam
884 1965 935 1997 hic
958 1971 1064 2007 potest
1087 1977 1156 1998 esse

182 2007 301 2047 duplex
318 2007 420 2046 lectio,
443 2009 517 2049 quia
534 2008 667 2040 verbum
683 2008 886 2050 καθίσταται,
910 2013 974 2040 tam
991 2010 1154 2049 passivam

182 2060 277 2090 quam
307 2051 446 2082 activam
478 2051 745 2092 significationem
778 2052 886 2083 habet.
931 2051 998 2091 Qui
1029 2052 1155 2093 passive

181 2093 344 2133 accipiunt
367 2094 411 2124 ita
429 2097 581 2126 vertunt:
606 2094 826 2127 Constituitur
849 2095 880 2126 in
904 2094 972 2126 his:
995 2100 1090 2136 atque
1110 2097 1155 2126 ita

181 2135 381 2167 subaudiunt
403 2137 671 2177 praepositionem
696 2147 777 2178 quae
800 2138 923 2169 serviat
947 2138 1082 2170 articulo
1104 2138 1154 2169 τά.

182 2178 265 2209 Mihi
296 2178 398 2210 altera
425 2180 650 2220 interpretatio
681 2191 744 2212 non
769 2181 876 2211 minus
900 2180 1020 2220 placet:
1052 2181 1154 2213 Curat

181 2221 326 2260 pontifex
350 2222 400 2253 vel
424 2222 553 2253 ordinat
576 2233 660 2263 quae
683 2223 722 2254 ad
742 2223 849 2255 Deum
874 2223 1053 2264 pertinent:
1078 2234 1153 2255 nam

181 2264 377 2296 constructio
411 2265 526 2296 melius
559 2265 640 2305 fluit,
675 2268 708 2297 et
741 2267 902 2298 sententia
936 2271 986 2297 est
1020 2267 1153 2307 plenior.

181 2305 316 2339 Utrovis
351 2313 459 2339 tamen
494 2307 590 2339 modo
623 2309 768 2349 accipere
802 2309 915 2347 libeat,
953 2309 1016 2341 huc
1049 2309 1155 2341 tendit

183 2349 354 2388 apostolus,
378 2350 469 2382 nobis
493 2361 565 2382 cum
582 2351 652 2382 Deo
676 2351 758 2382 nihil
782 2362 852 2383 esse
871 2352 932 2383 nisi
950 2352 1035 2383 adsit
1051 2362 1154 2384 sacer-

184 2390 249 2423 dos.
302 2392 387 2424 Nam
422 2403 522 2433 quum
552 2394 677 2434 profani
707 2395 816 2432 simus,
852 2395 928 2435 quid
959 2395 1052 2427 nobis
1080 2405 1152 2426 cum

183 2434 304 2466 sacris?
340 2435 492 2477 Denique
516 2436 611 2468 alieni
634 2447 746 2468 sumus
770 2448 788 2468 a
808 2437 878 2469 Deo
901 2438 1034 2478 eiusque
1052 2438 1152 2476 cultu,

184 2475 283 2524 donec
305 2487 340 2509 se
363 2478 550 2519 interponat
572 2480 730 2518 sacerdos,
762 2481 912 2521 vicesque
935 2485 1063 2512 nostras
1086 2491 1153 2512 sus-

183 2523 287 2557 cipiat.

275 2561 313 2593 Ut
345 2562 450 2601 offerat
482 2563 572 2595 dona.
624 2565 771 2597 'Pei-tium
806 2565 890 2606 quod
922 2566 955 2597 in
987 2565 1152 2597 sacerdote

183 2603 284 2642 ponit,
314 2609 362 2635 cst
392 2604 550 2636 donorum
573 2607 702 2639 oblatio.
747 2608 840 2640 Duae
864 2614 972 2640 tamen
998 2608 1051 2640 hic
1075 2613 1152 2640 sunt

183 2656 285 2684 voces,
309 2646 392 2678 dona
414 2652 447 2678 et
468 2649 630 2680 victimae:
654 2660 791 2690 quarum
811 2651 898 2691 prior
917 2651 1001 2692 (meo
1021 2651 1151 2690 iudicio)

1215 302 1442 342 complectitur
1477 302 1583 333 varias
1618 302 1846 333 sacrificiorum
1882 301 2018 342 species:
2059 303 2103 333 ita
2138 308 2187 334 est

1215 345 1304 383 quasi
1334 355 1446 385 genus.
1493 344 1645 376 Secunda
1676 347 1782 375 autem
1811 344 2005 385 expiationis
2030 346 2187 377 sacrificia

1216 387 1396 426 specialiter
1420 387 1575 427 designat.
1614 386 1750 418 Summa
1774 390 1881 418 tamen
1906 391 1962 424 est,
1987 387 2185 419 sacerdotem

1217 430 1343 461 nonnisi
1364 430 1582 461 intercedente
1600 430 1738 468 victima,
1762 430 1998 469 pacificatorem
2015 441 2084 461 0880
2101 431 2186 461 inter

1216 471 1323 503 Deum
1348 478 1380 503 et
1402 472 1559 513 homines,
1583 472 1658 512 quia
1674 472 1743 503 sine
1760 473 1914 503 sacrificio
1932 483 1994 503 non
2012 473 2186 513 expiantur

1217 520 1352 551 peccata„
1384 526 1443 546 nec
1473 515 1618 555 placatur
1646 515 1692 546 ira
1716 514 1787 546 Dei.
1833 515 1973 546 Proinde
1997 516 2124 556 quoties
2148 516 2186 547 de

1218 558 1478 588 reconciliatione
1513 557 1573 588 Dei
1615 563 1645 588 et
1690 557 1855 588 hominum
1890 558 2013 597 agitur,
2056 565 2185 598 praeeat

1217 608 1344 639 semper
1368 600 1426 631 hoc
1446 601 1563 640 pignus
1580 610 1711 632 necesse
1728 604 1784 631 est.
1824 600 1875 630 Ita
1892 600 2038 631 videmus
2055 602 2186 642 angelos

1217 641 1418 680 impetrando
1454 643 1513 674 Dei
1555 643 1660 674 favori
1694 643 1826 673 minime
1860 653 1954 683 pares
1989 652 2071 679 esse,
2112 645 2186 684 quia

1216 683 1371 715 sacrificio
1397 685 1486 716 1111110
1510 686 1658 717 instructi
1682 689 1768 716 sunt.
1806 685 1894 716 Idem
1914 688 1947 716 et
1964 685 2002 716 de
2019 686 2186 726 prophetis

1216 730 1311 764 atque
1343 727 1497 766 apostolis
1529 728 1746 759 sentiendum.
1800 727 1897 760 Solus
1927 739 2004 768 ergo
2034 728 2185 760 Christus

1216 770 1265 798 est
1288 769 1341 807 qui
1361 769 1496 801 sublatis
1514 781 1569 810 per
1585 771 1776 802 sacrificium
1794 781 1890 802 suum
1918 771 2056 811 peccatis
2080 771 2185 803 Deum

1215 810 1306 841 nobis
1330 816 1450 842 exorat.

1300 853 1328 884 2.
1363 853 1424 893 Qui
1452 854 1562 893 possit.
1614 855 1773 894 Quartum
1808 856 1867 887 hoc
1896 856 2076 887 membrum
2109 867 2187 888 non-

1215 895 1338 927 nullam
1356 896 1453 927 habet
1469 907 1542 927 cum
1559 898 1663 936 primo
1680 899 1887 929 affinitatem:
1905 899 2060 940 distingui
2077 904 2186 931 tamen

1215 938 1319 969 debet.
1358 938 1441 969 Nam
1459 939 1523 970 11110
1539 939 1673 971 docebat
1689 941 1860 980 apostolus,
1884 942 1915 972 111
1934 942 2029 973 11111118
2046 942 2186 974 hominis

1213 991 1352 1021 persona
1386 982 1539 1022 coniungi
1570 981 1641 1012 Deo
1675 993 1777 1023 genus
1812 984 2008 1015 humanum:
2044 985 2117 1025 quia
2146 996 2185 1017 ex

1214 1024 1325 1055 eadem
1361 1034 1457 1055 earne
1491 1030 1522 1054 et
1554 1027 1670 1055 natura
1703 1035 1814 1056 omnes
1848 1026 1994 1057 homines
2027 1033 2186 1059 constent.

1214 1067 1310 1098 Nunc
1326 1067 1411 1098 aliud
1428 1067 1569 1108 attingit,
1588 1067 1795 1098 Sacerdotem
1812 1070 2031 1108 peccatoribus
2048 1080 2185 1110 aequum

1214 1114 1246 1140 et
1269 1110 1396 1141 facilem
1420 1120 1490 1142 esse
1514 1109 1640 1148 debere,
1664 1111 1736 1150 quia
1761 1112 1864 1142 socius
1888 1112 1929 1142 sit
1948 1112 2186 1153 infirmitatum,

1213 1151 1457 1194 Μετριοπαθεῖν,
1486 1153 1568 1193 quod
1598 1153 1731 1184 verbum
1764 1153 1815 1184 hic
1845 1154 2007 1193 apostolus
2038 1163 2185 1196 usurpat,

1213 1196 1311 1233 varie,
1336 1201 1505 1236 exponunt
1527 1200 1593 1227 tam
1617 1196 1725 1236 graeei
1749 1205 1845 1236 quam
1869 1197 1959 1227 latini
1984 1198 2184 1239 interpretes.

1213 1238 1284 1279 Ego
1325 1244 1432 1269 tamen
1467 1238 1655 1278 simpliciter
1689 1238 1773 1270 idem
1809 1239 1917 1270 valere
1951 1245 2044 1279 puto,
2086 1251 2122 1272 ac
2157 1243 2185 1273 si

1212 1281 1335 1312 dictum
1359 1287 1452 1319 esset,
1477 1281 1718 1313 accommodare
1741 1292 1774 1313 se
1798 1281 1837 1313 ad
1862 1282 2073 1323 συμπάθειαν.
2112 1284 2184 1316 Νο11

1212 1324 1320 1355 omnia
1347 1324 1486 1365 quidem,
1521 1335 1603 1364 quae
1637 1324 1690 1356 hic
1723 1324 1762 1355 de
1796 1324 1933 1357 leviticis
1967 1326 2184 1358 sacerdotibus

1212 1366 1454 1407 praedicantur,
1495 1367 1628 1398 Christo
1671 1367 1878 1399 conveniunt.
1935 1367 2065 1400 Scimus
2099 1370 2183 1400 enim

1213 1409 1380 1440 Christum
1416 1409 1456 1441 ab
1489 1410 1576 1441 omni
1611 1410 1732 1449 peccati
1767 1411 1960 1451 contagione
1994 1411 2092 1442 fuisse
2126 1413 2185 1443 im-

1212 1463 1352 1483 munem.
1398 1452 1508 1492 Quare
1540 1453 1574 1483 in
1605 1453 1665 1484 hoc
1696 1452 1803 1484 differt
1834 1454 1872 1484 ab
1896 1453 1977 1493 aliis,
2008 1454 2092 1494 quod
2120 1465 2183 1486 non

1211 1505 1292 1536 opus
1316 1495 1431 1527 habuit
1453 1495 1647 1527 sacrificium
1671 1505 1729 1536 pro
1748 1506 1782 1527 se
1798 1495 1922 1527 offerre.
1962 1496 2087 1528 Verum
2104 1500 2183 1529 satis

1211 1542 1260 1569 est
1282 1538 1366 1578 quod
1391 1539 1598 1570 infirmitates
1614 1545 1741 1570 nostras
1757 1538 1826 1579 ipse
1842 1548 1968 1579 quoque
1984 1540 2182 1580 sustinuerit,

1212 1581 1341 1613 tametsi
1373 1592 1391 1612 a
1422 1585 1551 1622 peccato
1576 1591 1693 1613 vacuas
1718 1584 1750 1612 et
1772 1591 1881 1621 puras.
1927 1582 2015 1624 Ergo
2036 1583 2119 1623 quod
2143 1584 2183 1615 ad

1211 1628 1338 1655 veteres
1361 1624 1432 1655 illos
1455 1628 1486 1655 et
1511 1624 1657 1656 leviticos
1679 1624 1832 1665 pertinet,
1856 1624 1932 1656 dicit
1951 1625 2114 1665 apostolus
2133 1626 2180 1657 in-

1210 1667 1355 1698 firmitati
1379 1667 1539 1698 humanae
1563 1667 1663 1698 fuisse
1686 1666 1852 1698 obnoxios.
1893 1667 1938 1698 Et
1960 1667 2033 1699 ideo
2051 1669 2182 1709 propria

1210 1720 1337 1750 quoque
1366 1714 1494 1750 peccata
1524 1709 1673 1750 expiasse
1702 1709 1876 1748 sacrificiis,
1905 1715 1941 1741 ut
1971 1710 2106 1742 aliorum
2134 1722 2181 1743 01·-

1210 1753 1288 1784 ratis
1320 1763 1381 1784 non
1406 1756 1533 1784 tantum
1566 1752 1733 1792 aequiores
1761 1757 1878 1791 essent,
1907 1752 1964 1784 sed
1987 1753 2083 1784 etiam
2107 1764 2182 1786 con-

1210 1795 1418 1827 dolescerent.
1456 1795 1546 1827 Haec
1571 1806 1645 1835 pars
1669 1794 1708 1826 ad
1733 1794 1902 1826 Christum
1927 1798 2062 1827 eatenus
2086 1796 2182 1828 debet

1210 1838 1453 1876 accommodari,
1485 1840 1522 1869 ut
1544 1838 1707 1869 inseratur
1729 1837 1785 1869 illa
1808 1838 1955 1878 exceptio
1978 1839 2069 1870 cuius
2092 1840 2182 1879 prius

1209 1881 1373 1912 meminit:
1411 1891 1526 1921 nempe
1564 1880 1649 1921 quod
1684 1881 1754 1911 sine
1788 1885 1917 1921 peccato
1952 1886 2106 1921 expertus
2139 1883 2182 1914 sit

1210 1930 1335 1955 nostras
1349 1924 1564 1955 infirmitates.
1582 1923 1787 1964 Quamquam
1801 1927 1909 1955 autem
1923 1925 2044 1964 peccati
2054 1935 2182 1965 semper

1209 1977 1325 2007 expers
1348 1967 1464 1997 fuerit:
1486 1966 1573 1998 solus
1596 1971 1704 1997 tamen
1729 1966 1783 1997 ille
1806 1967 2031 1998 infirmitatum
2056 1977 2179 2008 sensus,

1209 2009 1247 2040 de
1275 2019 1336 2049 quo
1359 2009 1479 2041 dictum
1503 2013 1562 2047 est,
1592 2008 1720 2040 abunde
1744 2009 1777 2039 in
1801 2019 1838 2040 eo
1861 2009 1958 2048 valet,
1988 2015 2022 2040 ut
2045 2020 2180 2050 propen-

1207 2063 1261 2084 sus
1284 2053 1325 2083 sit
1348 2052 1388 2083 ad
1412 2062 1471 2083 nos
1495 2051 1665 2092 iuvandos,
1688 2051 1830 2083 clemens
1849 2056 1881 2082 et
1899 2052 2003 2084 facilis
2019 2053 2058 2083 ad
2075 2053 2182 2093 ignos-

1207 2095 1353 2132 cendum,
1385 2094 1540 2126 sollicitus
1570 2094 1610 2126 de
1641 2094 1734 2125 malis
1765 2094 1893 2126 nostris.
1939 2095 2076 2126 Summa
2103 2096 2181 2128 haec

1207 2143 1263 2174 est,
1296 2137 1461 2169 Christum
1494 2148 1557 2169 11011
1588 2137 1682 2169 111οά0
1705 2143 1837 2178 propter
1859 2139 1966 2169 carnis
1990 2144 2021 2169 et
2046 2144 2180 2170 naturae

1207 2181 1363 2212 unitatem
1381 2180 1469 2212 nobis
1485 2179 1618 2212 fratrem
1636 2190 1721 2212 esse:
1739 2180 1795 2211 sed
1813 2180 2038 2212 infirmitatum
2055 2187 2179 2212 nostra-

1209 2234 1278 2254 rum
1307 2223 1460 2255 societate
1483 2223 1522 2254 ad
1546 2223 1781 2264 indulgentiam
1806 2228 1837 2253 et
1861 2223 2045 2255 facilitatem
2069 2224 2178 2256 induci

1207 2271 1238 2298 et
1269 2266 1357 2307 quasi
1382 2266 1522 2297 formari.
1567 2266 1777 2306 Participium
1802 2265 1975 2307 δυνάμενος
1999 2267 2070 2306 plus
2095 2266 2180 2298 valet

1206 2319 1300 2350 quam
1333 2309 1365 2339 in
1396 2309 1559 2340 communi
1582 2313 1692 2340 nostro
1716 2318 1876 2340 sermone.
1921 2309 2069 2341 Sumitur
2092 2309 2178 2340 enim

1206 2363 1263 2392 pro
1287 2351 1401 2382 idoneo
1426 2351 1477 2382 vel
1501 2351 1584 2383 adto.
1630 2351 1836 2383 Errantes
1867 2355 1906 2383 et
1930 2352 2179 2393 ignorantes

1206 2404 1264 2435 pro
1288 2394 1495 2435 peccantibus
1517 2394 1648 2434 accepit,
1672 2404 1760 2425 more
1784 2394 1943 2426 hebraico.
1988 2395 2071 2426 Nam
2095 2400 2178 2427 Πλλῐϋ

1205 2448 1262 2478 pro
1286 2437 1399 2478 quovis
1423 2436 1530 2468 delicti
1553 2447 1672 2478 genere
1693 2436 1835 2468 Hebraei
1855 2437 2033 2478 accipiunt:
2057 2438 2096 2469 de
2115 2448 2179 2479 qua

1205 2491 1239 2511 re
1263 2483 1323 2511 erit
1347 2480 1443 2520 paulo
1467 2484 1539 2520 post
1563 2479 1690 2511 dicendi
1713 2479 1812 2511 locus.

1290 2524 1320 2554 4.
1360 2522 1403 2553 Et
1443 2532 1529 2554 nemo
1563 2522 1624 2554 sibi
1656 2522 1808 2553 honorem.
1864 2523 1903 2554 In
1939 2523 1999 2555 hoc
2032 2523 2177 2554 membro

1204 2566 1322 2606 partim
1357 2565 1547 2604 similitudo,
1585 2566 1703 2605 partim
1739 2564 1909 2597 diversitas
1944 2566 2084 2597 notanda
2118 2572 2176 2597 est.

1205 2609 1327 2640 Munus
1358 2608 1539 2649 legitimum
1570 2607 1645 2639 facit
1669 2607 1730 2638 Dei
1753 2608 1897 2638 vocatio:
1930 2614 1965 2639 ut
1993 2619 2087 2640 nemo
2117 2608 2176 2639 rite

1205 2654 1237 2682 et
1270 2651 1380 2682 ordine
1411 2651 1468 2682 illo
1498 2651 1652 2692 fungatur
1681 2650 1742 2682 nisi
1774 2659 1792 2680 a
1822 2649 1892 2682 Deo
1922 2656 2059 2683 creatus.
2104 2650 2176 2681 Hoc
