2513 3126
307 194 371 225 423

310 297 377 322 tum
403 289 596 321 horrendam
622 297 657 319 ao
681 287 784 318 diram
810 286 874 318 fore
898 285 1132 317 maledictionis
1152 285 1279 317 divinae

310 334 503 374 gravitatem
543 332 575 361 iu
610 330 743 367 divites,
782 334 816 360 ut
850 339 1019 368 erumpere
1054 329 1085 359 in
1120 327 1278 359 ululatum

311 382 483 416 coguntur:
507 384 543 405 ao
567 373 592 404 si
617 383 683 404 uno
704 372 804 404 verbo
828 371 964 402 diceret:
989 371 1059 402 Vae
1077 370 1176 402 vobis.
1215 370 1280 402 Sed

312 425 343 450 et
367 417 556 458 prophetica
580 420 630 447 ost
653 415 805 455 loquendi
830 415 942 450 forma,
973 414 1049 445 dum
1075 413 1176 453 impii,
1208 423 1281 453 pro-

312 461 424 501 positis
453 460 484 490 iu
513 459 654 490 medium
686 458 798 499 poenis
829 467 909 497 quae
938 466 991 488 eos
1015 461 1158 493 manent,
1189 456 1282 496 quasi

311 505 345 535 in
380 513 447 534 rem
483 507 685 542 praesentem
721 501 784 531 111111
821 500 1006 531 trahuntur.
1060 498 1170 538 Quum
1206 509 1282 539 ergo

312 556 400 577 nune
421 545 482 576 sibi
506 544 727 582 blandiantur,
756 554 792 575 ac
814 544 985 580 fortunam,
1010 543 1041 573 in
1065 552 1128 582 qua
1151 552 1185 573 se
1209 541 1282 572 bea-

312 595 361 620 tos
383 594 508 628 putant,
532 587 593 619 sibi
618 586 833 628 polliceantur
855 591 1021 617 aeternam
1041 585 1118 622 fore,
1142 594 1283 624 pronun-

311 633 370 663 tiat
393 632 515 662 instare
538 630 602 662 illis
625 630 834 671 gravissimas
857 638 1039 660 aerumnas.

398 691 427 722 2.
452 690 596 722 Divitiae
620 692 745 721 vestrae.
787 690 900 721 Potest
923 698 992 720 esse
1016 687 1136 728 duplex
1160 697 1284 725 sensus,

312 734 362 765 vel
383 738 419 765 ut
443 734 575 765 stultum
593 743 704 765 eorum
729 732 878 764 fiduciam
903 731 1016 769 rideat,
1045 731 1117 771 quia
1141 730 1283 769 divitiae,

312 778 346 808 in
371 777 488 817 quibus
512 777 698 808 felicitatem
722 785 814 807 suam
835 780 1005 814 reponunt,
1029 775 1094 805 sint
1113 773 1283 813 plusquam

313 820 460 858 caducae,
492 820 553 850 imo
584 819 668 859 quod
700 829 764 850 uno
790 818 848 849 Dei
877 818 958 848 flatu
983 818 1015 848 in
1040 816 1176 847 nihilum
1201 815 1284 846 redi·

313 863 437 904 gendae
468 863 550 893 sint:
582 862 632 894 vel
665 867 701 893 ut
725 860 953 901 inexplebilem
977 869 1088 891 eorum
1114 858 1284 889 avaritiam

312 905 541 946 reprehendat,
571 905 647 946 quia
679 906 711 935 in
743 904 803 936 hoc
833 908 961 935 tantum
993 913 1070 942 opes
1096 906 1284 942 congerant,

313 954 351 980 ut
380 954 513 988 pereant
542 949 612 979 sine
642 947 749 987 aliquo
779 958 850 978 usu.
895 946 961 977 Hic
990 945 1147 985 posterior
1173 954 1285 975 sensus

314 991 430 1022 melius
453 992 612 1031 congruit.
658 991 719 1022 Est
742 990 872 1030 quidem
896 989 975 1020 illud
1001 997 1126 1026 verum,
1154 987 1285 1018 insanos

313 1044 382 1065 esse
417 1034 533 1064 divites
567 1034 620 1074 qui
654 1034 687 1065 111
722 1033 818 1064 rebus
851 1038 918 1063 tam
949 1030 1108 1070 evanidis,
1144 1036 1178 1060 ut
1208 1034 1285 1060 sunt

314 1082 430 1114 vestes,
460 1087 587 1117 aurum,
617 1083 649 1108 et
672 1082 854 1117 argentum,
879 1080 911 1105 et
934 1074 1062 1113 similia,
1085 1073 1283 1113 gloriantur:

313 1120 573 1160 quandoquidem
615 1121 676 1151 hoc
716 1118 798 1150 nihil
839 1117 925 1149 aliud
966 1121 1015 1148 est
1054 1126 1151 1155 quam
1193 1125 1283 1146 suam

313 1162 450 1204 gloriam
474 1163 621 1203 aerugini
645 1173 681 1194 ac
705 1162 800 1193 tineis
820 1161 985 1192 subiicere.
1024 1158 1153 1190 Deinde
1169 1164 1283 1190 notum

313 1210 363 1237 est
386 1205 475 1242 illud,
504 1206 588 1236 male
612 1211 713 1245 parta,
737 1204 821 1235 male
843 1204 952 1235 statim
978 1202 1092 1233 dilabi:
1124 1201 1199 1241 quia
1222 1200 1283 1232 Dei

313 1248 496 1280 maledictio
529 1249 637 1279 omnia
672 1247 821 1279 absumit.
877 1246 989 1285 Neque
1023 1245 1109 1275 enim
1145 1254 1282 1284 aequum

313 1298 371 1330 est,
395 1290 559 1331 improbos
582 1291 634 1322 vel
658 1301 768 1322 eorum
793 1288 948 1320 haeredes
971 1287 1084 1327 opibus
1108 1287 1180 1325 frui,
1204 1297 1283 1327 quas

313 1333 473 1365 violenter
501 1334 592 1373 quasi
626 1344 642 1365 e
671 1343 770 1364 manu
795 1332 857 1363 Dei
888 1336 1076 1372 rapuerunt.
1123 1329 1187 1362 Sed
1211 1330 1284 1370 quia

313 1376 452 1408 Iacobus
483 1376 534 1408 hic
557 1377 638 1408 vitia
667 1381 845 1411 enumerat,
877 1375 991 1415 quibus
1016 1373 1131 1404 divites
1154 1372 1283 1404 calami-

313 1424 421 1457 tatem,
454 1420 492 1450 de
525 1430 588 1459 qua
617 1419 773 1456 meminit,
803 1418 863 1449 sibi
894 1419 1078 1449 accersunt:
1113 1421 1283 1448 contextus

314 1462 376 1494 hoc
405 1462 545 1502 postulat
574 1461 659 1503 (meo
688 1461 818 1501 iudicio)
847 1463 883 1491 ut
906 1461 1050 1492 dicamus
1073 1458 1124 1490 hic
1147 1459 1282 1490 immen-

315 1515 382 1537 sam
417 1505 555 1536 divitum
586 1505 790 1545 rapacitatem
822 1504 1015 1544 perstringi:
1050 1501 1125 1533 dum
1157 1501 1282 1542 suppri-

314 1554 408 1579 munt
437 1548 590 1588 quidquid
621 1547 835 1587 undecunque
865 1550 1000 1587 possunt
1026 1545 1066 1576 ad
1089 1555 1123 1576 se
1145 1545 1284 1581 trahere,

314 1597 351 1622 ut
380 1590 540 1622 inutiliter
562 1591 597 1622 in
619 1601 694 1622 arca
717 1594 964 1630 computrescat.
1010 1589 1060 1620 Ita
1083 1589 1168 1620 enim
1192 1588 1228 1619 fit
1250 1591 1285 1618 ut

314 1644 396 1674 quae
418 1633 512 1665 Deus
542 1638 707 1665 creaverat
737 1633 770 1664 in
802 1633 972 1664 hominum
1002 1642 1090 1670 usus,
1120 1630 1182 1671 ipsi
1211 1640 1284 1671 per-

315 1677 408 1714 dant,
443 1676 536 1716 quasi
566 1676 729 1707 humanae
759 1679 897 1707 naturae
927 1675 1046 1706 hostes.
1099 1674 1284 1705 Notandum

314 1725 423 1750 autem
453 1726 517 1750 est:
547 1730 629 1759 quae
652 1719 705 1750 hic
728 1725 877 1750 recenset
900 1719 988 1757 vitia,
1018 1728 1082 1748 non
1106 1723 1285 1757 competere

314 1763 348 1792 in
371 1762 527 1803 singulos.
566 1762 650 1793 Nam
674 1762 728 1793 alii
752 1762 890 1793 divitum
915 1761 1003 1792 laute
1021 1760 1082 1792 sibi
1101 1760 1284 1799 indulgent:

316 1805 370 1836 alii
401 1806 434 1835 in
467 1815 598 1845 pompas
628 1810 660 1835 et
689 1806 940 1836 ostentationem
965 1804 1067 1835 multa
1090 1803 1284 1843 dilapidant:

315 1848 370 1878 alii
393 1848 523 1888 genium
544 1848 742 1886 fraudantes,
765 1849 881 1879 misere
898 1849 931 1878 in
948 1848 1014 1879 suis
1031 1846 1179 1878 sordibus
1196 1845 1285 1876 victi-

316 1896 395 1921 tant.
444 1890 592 1922 Sciamus
619 1901 696 1931 ergo
720 1891 783 1922 alia
807 1891 877 1922 aliis
901 1891 982 1922 vitia
1005 1890 1057 1922 hic
1079 1888 1285 1929 exprobrari:

315 1933 509 1973 generaliter
532 1940 642 1965 tamen
665 1934 862 1965 damnantur
883 1944 994 1965 omnes
1017 1933 1071 1973 qui
1092 1932 1143 1963 vel
1167 1932 1285 1962 iniuste

317 1976 374 2006 sibi
400 1976 527 2007 divitias
550 1977 766 2014 accumulant,
791 1977 842 2008 vel
867 1976 931 2007 illis
955 1985 1125 2016 perperam
1149 1975 1284 2006 abutun-

316 2023 381 2049 tur.
420 2018 593 2050 Caeterum
617 2019 701 2059 quod
724 2030 810 2051 nunc
826 2019 962 2051 Iacobus
985 2019 1070 2056 dicit,
1094 2029 1160 2049 11011
1183 2017 1286 2049 50111111

320 2066 483 2092 extremae
515 2063 697 2093 tenacitatis
726 2062 882 2094 divitibus
912 2063 1065 2094 convenit
1093 2061 1212 2103 (qualis
1239 2063 1288 2091 est

318 2103 491 2134 Plautinus
514 2104 673 2146 Euclio¹)‚
711 2105 767 2136 sed
805 2105 997 2145 quibusdam
1035 2105 1131 2136 etiam
1167 2103 1287 2144 alioqui

318 2146 495 2186 splendidis
525 2153 558 2177 et
586 2147 693 2184 lautis,
724 2148 779 2187 qui
808 2148 934 2179 malunt
957 2147 1044 2188 apud
1067 2158 1101 2179 50
1123 2147 1287 2187 corrumpi

318 2198 416 2228 opum
444 2199 586 2229 acervos,
619 2200 715 2229 quam
745 2201 778 2221 in
809 2191 1007 2222 necessarios
1038 2201 1115 2222 usus
1146 2200 1286 2230 erogare.

319 2231 425 2262 Tanta
460 2237 510 2263 est
548 2234 633 2263 enim
670 2233 873 2272 quorundam
910 2234 1097 2274 malignitas
1131 2238 1168 2264 ut
1201 2243 1287 2264 com-

318 2284 451 2306 munem
475 2275 546 2306 aliis
569 2274 668 2306 solem
692 2280 724 2306 et
747 2286 854 2306 aerem
876 2286 947 2307 esse
969 2286 1064 2316 aegre
1087 2275 1203 2307 ferant.

406 2335 435 2366 3.
460 2334 501 2366 In
516 2336 724 2367 testimonium
741 2335 829 2367 vobis
851 2336 918 2367 erit.
956 2336 1028 2368 Hoc
1044 2336 1290 2377 expositionem,

320 2388 416 2419 quam
449 2378 538 2418 prius
568 2379 675 2417 attuli,
709 2379 887 2410 confirmat.
940 2379 1052 2419 Neque
1082 2380 1167 2410 enim
1199 2378 1289 2410 Deus

321 2432 435 2453 aurum
460 2421 636 2452 destinavit
652 2422 808 2462 aerugini,
834 2432 937 2461 neque
953 2428 1060 2453 vestes
1076 2423 1188 2454 tineis:
1211 2422 1289 2462 quin

320 2465 428 2504 potius
465 2464 545 2496 haee
578 2464 682 2496 voluit
719 2475 789 2496 esse
823 2464 984 2496 humanae
1018 2466 1104 2496 vitae
1137 2464 1291 2496 subsidia.

322 2507 433 2546 Quare
456 2507 526 2547 ipsa
549 2508 619 2539 sine
642 2518 702 2539 usu
725 2508 936 2548 consumptio,
961 2508 1051 2539 testis
1073 2509 1219 2548 ipsorum
1241 2507 1290 2538 in-

323 2549 538 2581 humanitatis
569 2551 638 2582 erit.
690 2549 774 2581 Auri
804 2555 837 2582 et
866 2551 992 2591 argenti
1023 2551 1172 2592 putredo,
1202 2549 1292 2591 quasi

409 2652 430 2684 ¹)
447 2650 478 2677 111
496 2651 634 2679 Aulularia

1147 189 1287 222 EPIS'P.

1312 189 1469 221 IACOBI
2238 191 2302 224 424

1333 286 1468 317 matoria
1499 285 1559 316 crit
1588 284 1839 316 inflammandae
1870 285 1937 316 irae
1960 285 2104 324 Domini,
2136 290 2171 317 ut
2201 287 2302 318 instar

1334 329 1417 369 iguis
1441 339 1494 359 eos
1517 332 1693 359 consumat.

1423 371 1617 402 Tltesaurum
1654 370 1856 410 conyessistis.
1914 370 2025 402 Potest
2064 371 2141 402 haec
2175 380 2302 411 quoque

1335 414 1493 454 particula
1525 413 1669 443 bifariam
1701 413 1833 453 exponi:
1867 413 1916 444 vel
1947 413 2030 453 quod
2055 413 2180 454 divites,
2211 414 2303 454 quasi

1336 467 1463 497 semper
1487 456 1599 488 victuri
1624 460 1740 491 essent,
1765 466 1929 496 nunquam
1954 456 2127 496 satiantur,
2150 456 2205 487 sed
2228 467 2302 488 con-

1336 510 1447 539 gerere
1478 503 1630 539 satagunt
1661 498 1746 538 quod
1775 508 1875 538 usque
1906 499 1944 530 ad
1971 500 2066 531 finem
2091 499 2203 530 mundi
2227 500 2304 531 satis

1335 542 1394 573 sit:
1420 542 1470 573 vel
1495 541 1576 581 quod
1602 542 1680 571 iram
1706 552 1742 572 ac
1761 541 2014 573 maledictionem
2032 542 2094 573 Dei
2111 546 2303 573 coacervant

1337 585 1369 615 in
1407 590 1587 616 extremum
1627 584 1720 615 diem.
1777 583 1849 616 Hoc
1886 584 2061 616 secundum
2101 585 2202 626 magis
2237 595 2303 615 am-

1336 627 1468 668 plector.

1421 670 1449 701 4.
1475 669 1551 701 Ecce
1573 678 1694 701 meroes.
1733 669 1802 700 Iam
1827 670 1859 701 in
1883 670 2107 702 crudelitatem
2128 669 2303 708 invehitur,

1337 723 1418 753 quae
1449 712 1615 744 individua
1642 717 1691 743 est
1714 712 1869 745 avaritiae
1891 722 2008 745 comes.
2055 712 2202 753 Speciem
2226 722 2304 743 vero

1337 767 1434 788 unam
1465 755 1605 795 attingit,
1636 765 1718 795 quae
1749 756 1863 787 merito
1893 766 1970 796 prae
2001 756 2073 788 aliis
2101 756 2210 787 odiosa
2232 765 2303 786 esse

1337 799 1440 830 debet.
1478 798 1559 829 Nam
1584 798 1610 828 si
1628 798 1678 829 vir
1702 798 1861 830 humanus
1884 804 1917 830 et
1939 810 2059 840 aequus
2078 808 2189 831 curam
2206 798 2304 829 habet

1337 842 1471 873 iumenti
1495 841 1543 872 sui
1567 840 1616 882 (ut
1640 841 1745 881 inquit
1764 841 1917 873 Solomon
1938 841 2048 883 (Prov.
2067 842 2116 880 12,
2138 840 2202 882 10),
2225 841 2304 872 haec

1337 884 1519 925 prodigiosa
1545 884 1680 915 saevitia
1702 887 1760 921 est,
1792 894 1889 924 quum
1914 885 2009 916 homo
2033 895 2109 926 erga
2134 884 2305 921 hominem,

1336 927 1427 959 cuius
1449 927 1583 958 sudores
1617 927 1650 957 in
1675 936 1768 958 suum
1801 928 2004 959 commodum
2036 928 2174 968 exsugit,
2212 926 2303 957 nulla

1337 969 1556 1001 misericordia
1579 970 1732 1010 tangitur.
1772 969 1848 1001 Ideo
1865 969 2027 1001 Dominus
2049 981 2160 1002 severe
2183 969 2217 1000 in
2234 969 2305 1010 lege

1336 1018 1425 1044 vetat
1453 1024 1492 1044 ne
1521 1012 1606 1052 apud
1635 1023 1692 1044 nos
1722 1013 1860 1044 dormiat
1884 1023 2006 1044 merces
2029 1013 2166 1053 operarii
2189 1011 2304 1053 (Deut.

1336 1056 1385 1095 24,
1412 1056 1473 1097 15).
1519 1055 1611 1086 Adde
1638 1055 1720 1095 quod
1744 1055 1878 1087 Iacobus
1902 1066 1965 1087 non
1990 1056 2120 1096 quosvis
2143 1054 2306 1096 operarios

1337 1099 1498 1130 nominat:
1529 1097 1584 1129 sed
1607 1098 1825 1138 amplificandi
1848 1108 1955 1139 causa,
1986 1098 2144 1139 agricolas
2167 1102 2199 1129 et
2221 1107 2305 1129 mes-

1337 1152 1436 1173 sores.
1492 1141 1579 1180 Quid
1614 1141 1700 1172 enim
1734 1146 1782 1173 est
1814 1141 1981 1182 indignius
2015 1151 2113 1181 quam
2146 1151 2215 1179 eos,
2249 1139 2305 1180 qui

1337 1195 1454 1225 panem
1483 1195 1523 1215 ex
1554 1193 1612 1215 5110
1641 1184 1748 1216 labore
1778 1184 1871 1216 nobis
1896 1184 2114 1224 suppeditant,
2143 1182 2252 1215 inedia
2273 1185 2306 1214 et

1337 1228 1421 1259 fame
1444 1226 1624 1260 conficere?
1664 1227 1708 1258 Et
1730 1232 1838 1258 tamen
1862 1227 1997 1268 vulgare
2021 1232 2070 1259 est
2093 1227 2153 1258 hoc
2176 1231 2303 1267 porten-

1337 1275 1416 1302 tum.
1462 1270 1548 1302 Sunt
1577 1270 1664 1301 enim
1695 1270 1846 1310 permulti
1876 1270 2007 1311 ingenio
2038 1270 2219 1309 tyrannico,
2250 1268 2305 1309 qui

1337 1313 1397 1344 sibi
1435 1313 1510 1345 solis
1546 1312 1723 1344 humanum
1755 1324 1857 1354 genus
1891 1317 2008 1354 putant
2039 1314 2159 1345 vivere.
2215 1310 2306 1342 Dicit

1337 1362 1445 1387 autem
1484 1356 1739 1387 mercedem
1780 1356 2000 1394 clamare,
2037 1356 2114 1395 quia
2150 1352 2305 1395 quidquid

1337 1399 1486 1436 alienum,
1518 1398 1629 1430 fraude
1654 1399 1702 1430 vel
1736 1409 1793 1440 per
1820 1399 1972 1430 iniuriam
1997 1399 2083 1439 apud
2106 1408 2140 1429 50
2163 1398 2306 1428 retinent

1337 1441 1498 1479 homines,
1537 1441 1712 1474 vindictam
1751 1443 1841 1482 quasi
1878 1441 1943 1473 alto
1979 1441 2118 1474 clamore
2150 1439 2304 1480 exposcit.

1337 1485 1524 1516 Notandum
1557 1488 1606 1516 est
1636 1485 1721 1525 quod
1744 1484 1880 1521 subiicit,
1911 1485 2141 1516 clamores
2171 1483 2304 1523 inopum

1338 1528 1505 1568 pervenire
1528 1527 1568 1559 ad
1592 1538 1685 1559 aures
1710 1527 1788 1559 Dei:
1818 1533 1852 1559 ut
1875 1528 2015 1559 sciamus
2040 1537 2104 1558 non
2127 1525 2306 1566 impunitas

1337 1571 1405 1603 fore
1434 1571 1579 1602 iniurias.
1625 1570 1734 1610 Quare
1765 1580 1867 1611 aequo
1900 1571 2008 1601 animo
2038 1569 2221 1601 sustineant
2251 1567 2307 1608 qui

1337 1614 1377 1646 ab
1399 1614 1519 1654 iniquis
1542 1618 1745 1654 premuntur,
1768 1615 1844 1654 (11110
1861 1613 1968 1645 Deum
1993 1613 2135 1644 habituri
2152 1611 2217 1642 sint
2233 1611 2305 1643 vin-

1338 1657 1449 1689 dicem.
1489 1656 1692 1694 Abstineant,
1717 1657 1835 1696 quibus
1855 1661 1903 1688 est
1926 1659 2071 1696 potestas
2095 1654 2242 1694 nocendi,
2265 1653 2306 1685 ab

1337 1700 1464 1737 iniuria,
1498 1710 1539 1731 ne
1562 1699 1668 1731 Deum
1699 1700 1733 1731 in
1764 1709 1798 1731 se
1829 1704 2018 1740 provocent,
2048 1699 2103 1739 qui
2125 1706 2306 1739 pauperum

1338 1748 1426 1774 tutor
1456 1747 1504 1775 est
1535 1753 1571 1775 ac
1601 1746 1769 1783 patronus.
1814 1743 1888 1783 Qua
1918 1743 2042 1774 ratione
2072 1741 2168 1773 etiam
2194 1739 2308 1771 Domi-

1338 1796 1416 1817 num
1451 1786 1654 1817 sabaoth
1689 1791 1798 1827 vocat,
1832 1787 2010 1826 potentiam
2046 1795 2082 1816 ac
2117 1784 2202 1816 vires
2236 1782 2305 1813 eius

1337 1834 1462 1869 notans,
1487 1839 1548 1868 quo
1571 1829 1674 1869 magis
1696 1829 1899 1861 formidabile
1923 1828 2036 1860 reddat
2055 1828 2123 1858 01115
2138 1826 2305 1858 111(110111111.

1422 1871 1451 1903 5.
1481 1871 1523 1903 In
1545 1871 1670 1903 delitiis.
1708 1871 1886 1904 Descendit
1909 1882 1996 1903 nunc
2019 1870 2059 1902 ad
2078 1869 2164 1902 aliud
2181 1869 2306 1905 vitium,

1337 1925 1454 1955 nempe
1484 1915 1598 1946 luxum
1627 1920 1659 1946 et
1688 1914 1823 1947 delitias.
1875 1914 1961 1946 Nam
1992 1914 2046 1954 qui
2076 1913 2161 1945 ultra
2188 1911 2307 1943 medio-

1337 1958 1485 1989 critatem
1520 1956 1701 1996 abundant,
1736 1967 1808 1989 raro
1838 1958 1899 1989 sibi
1930 1960 2111 1998 temperant
2141 1955 2218 1996 quin
2247 1963 2307 1985 sua

1338 2001 1535 2032 abundantia
1558 2000 1598 2031 ad
1621 2001 1808 2033 immodicas
1831 2001 1975 2032 lautitias
1995 2000 2180 2031 abutantur.
2218 1996 2306 2029 Sunt

1338 2043 1466 2083 quidem
1490 2043 1539 2085 (ut
1563 2042 1643 2085 dixi)
1674 2044 1821 2075 nonnulli
1851 2043 1969 2075 divites
1999 2043 2055 2082 qui
2077 2043 2110 2073 in
2134 2051 2192 2073 5110
2215 2039 2306 2080 copia

1337 2087 1493 2117 esuriunt.
1538 2086 1650 2126 Neque
1677 2087 1763 2118 enim
1793 2087 1863 2118 51110
1885 2096 1982 2118 causa
2003 2084 2179 2116 'Tantalum
2203 2083 2306 2114 finxe-

1339 2133 1414 2161 runt
1460 2133 1573 2170 poetae
1616 2130 1650 2160 in
1695 2140 1809 2162 mensa
1846 2130 1926 2161 bene
1963 2129 2081 2160 referta
2114 2126 2305 2158 famelicum.

1341 2172 1476 2212 Semper
1499 2172 1580 2203 tales
1604 2173 1735 2204 fuerunt
1757 2173 1791 2204 in
1815 2172 1936 2204 mundo
1960 2171 2106 2203 Tantali:
2136 2169 2191 2201 sed
2215 2168 2306 2199 Iaco-

1339 2216 1398 2247 bus
1421 2215 1470 2256 (ut
1494 2215 1615 2246 dictum
1639 2215 1701 2257 est)
1724 2226 1789 2246 non
1813 2215 1851 2246 de
1874 2215 2010 2256 singulis
2026 2213 2178 2253 loquitur.
2217 2210 2307 2243 Satis

1339 2263 1388 2290 est
1417 2259 1499 2299 quod
1525 2258 1639 2290 vitium
1671 2258 1731 2290 hoc
1754 2257 1898 2290 videmus
1925 2256 2141 2290 communiter
2170 2263 2308 2295 regnare

1339 2302 1425 2332 inter
1446 2301 1572 2339 divites,
1596 2301 1680 2342 quod
1697 2301 1762 2332 sint
1777 2302 1810 2333 in
1827 2301 1920 2341 gulae
1936 2310 2013 2332 suae
2029 2298 2155 2330 delitias
2172 2297 2307 2329 nimium

1340 2344 1518 2384 sumptuosi
1542 2354 1578 2376 ae
1601 2344 1767 2383 superflui.
1811 2343 1954 2375 Tametsi
1977 2347 2084 2374 autem
2107 2341 2171 2372 illis
2195 2339 2307 2371 Domi-

1341 2397 1401 2418 nus
1437 2387 1598 2428 permittit
1635 2387 1812 2418 liberaliter
1850 2387 1889 2417 de
1922 2396 1979 2418 suo
2014 2386 2139 2416 vivere:
2179 2392 2307 2423 semper

1341 2435 1450 2461 tamen
1481 2429 1625 2461 cavenda
1653 2435 1702 2462 est
1731 2428 1882 2471 profusio,
1912 2434 1943 2460 et
1970 2427 2104 2460 colenda
2126 2426 2306 2467 frugalitas.

1342 2472 1454 2513 Neque
1483 2473 1569 2504 enim
1593 2473 1714 2504 frustra
1745 2478 1811 2504 tam
1841 2482 1953 2512 aspere
1981 2472 2124 2512 exagitat
2146 2470 2308 2501 Dominus

1344 2526 1399 2556 per
1427 2516 1599 2556 prophetas
1628 2526 1682 2547 005
1705 2516 1757 2556 qui
1781 2515 1946 2546 dormiunt
1977 2515 2010 2546 in
2033 2514 2124 2546 lectis
2148 2512 2308 2552 eburneis,

1343 2559 1398 2599 qui
1428 2559 1567 2598 pretioso
1599 2564 1766 2599 unguento
1796 2563 1871 2590 sunt
1902 2557 2051 2594 delibuti,
2082 2556 2137 2597 qui
2165 2555 2309 2588 suaviter

1345 2601 1485 2642 potando
1515 2612 1550 2633 se
1572 2600 1733 2633 oblectant
1755 2601 1794 2632 ad
1818 2605 1949 2633 cantum
1972 2600 2125 2637 citharae,
2156 2599 2210 2640 qui
2232 2598 2309 2628 sunt

1346 2644 1444 2676 veluti
1476 2654 1590 2677 vaceae
1620 2644 1755 2685 pingues
1784 2644 1817 2675 in
1848 2643 2002 2676 uberibus
2032 2643 2166 2684 pascuis.
2217 2640 2309 2672 Haeo
