2513 3126
288 239 328 267 33
337 239 345 269 l

291 334 351 364 erit
382 343 454 364 eum
487 332 630 362 delicere.
684 329 850 361 b'ciendi
884 329 990 367 verbo,
1026 329 1097 360 fidoi
1129 329 1258 360 certitu-

291 376 397 406 dinem
423 375 577 413 designat,
601 377 635 403 ut
659 382 726 403 eam
751 372 913 403 discernat
937 372 976 403 ab
996 373 1155 412 opinione.
1194 372 1260 404 Nec

289 418 425 457 simplex
460 422 513 446 unt
549 415 743 446 universalis
774 415 909 446 seientia
941 414 992 445 hic
1022 420 1169 446 notatur:
1204 414 1260 446 sed

289 470 383 501 quam
413 459 472 490 sibi
503 458 654 498 privatim
685 458 819 497 quisque
842 462 954 497 aptare
977 457 1081 496 debet,
1116 466 1150 488 ut
1172 463 1261 489 certo

289 508 410 534 stituat
444 512 478 532 so
506 500 636 532 Christo
671 500 843 540 aliquando
872 500 940 531 sore
970 500 1119 531 similem.
1172 500 1261 541 Ergo

289 553 450 584 uteunque
468 543 606 583 pendeat
625 543 746 583 gloriae
770 548 898 574 nostrae
922 543 1080 574 exhibitio
1105 553 1204 592 usque
1228 544 1260 574 in

288 587 410 619 Christi
434 587 622 622 adventum,
658 587 727 617 eius
751 593 859 617 tamen
883 586 1027 626 cognitio
1049 587 1168 626 optime
1192 586 1261 617 fun-

288 630 360 660 data
383 635 441 661 cst.

374 671 510 703 Similes.
568 671 639 702 Non
678 671 832 712 intelligit
868 681 961 713 pares
1003 672 1080 703 fore.
1135 672 1262 712 Capitis

288 716 374 747 enim
391 721 423 746 et
439 714 657 746 membrorum
682 714 853 746 discrimen
875 725 945 746 esse
969 714 1096 755 aliquod
1119 719 1261 755 oportet:

289 758 344 790 sed
367 758 487 789 similes
511 759 538 789 ei
563 758 692 794 erimus,
728 758 803 797 quia
826 768 942 799 corpus
966 764 1114 789 nostrum
1140 758 1262 788 humile

289 801 454 833 conforme
489 799 600 831 reddet
634 800 760 839 corpori
795 811 852 831 suo
888 801 1041 842 glorioso:
1077 807 1111 831 ut
1142 800 1263 832 Paulus

288 854 415 884 quoquo
446 843 546 881 docet,
581 842 620 873 ad
646 842 873 884 Philippenses
896 844 1000 884 eapite
1022 844 1051 881 3,
1083 843 1133 874 21.
1180 843 1262 874 Nam

288 886 432 918 brevitor
461 884 632 917 ostendere
664 885 828 925 apostolus
856 887 968 923 voluit,
1004 886 1090 918 hunc
1113 886 1263 917 ultimum

289 940 359 960 esse
393 928 572 969 adoptionis
607 933 734 960 nostrae
764 929 874 966 finem,
910 938 945 961 ut
974 929 1057 968 quod
1087 929 1200 960 ordine
1230 928 1262 958 in

291 972 415 1003 Christi
453 972 642 1011 praecessit,
685 971 814 1002 tandem
852 973 884 1003 in
924 972 1016 1003 nobis
1054 971 1263 1011 compleatur.

290 1014 430 1045 Videtur
464 1019 573 1045 tamen
607 1014 736 1045 infirma
766 1025 838 1046 esse
867 1026 951 1055 quae
980 1015 1150 1046 subiicitur
1173 1013 1263 1050 ratio,

291 1067 367 1088 nam
390 1057 416 1089 si
441 1056 563 1089 Christi
588 1056 759 1097 adspectus
782 1067 841 1090 nos
862 1057 992 1090 Christo
1015 1057 1136 1088 similes
1160 1056 1264 1094 faciet,

290 1100 473 1132 communis
507 1099 673 1131 nobiscum
708 1101 771 1131 erit
805 1101 912 1141 impiis
946 1100 1064 1141 gloria,
1102 1099 1155 1139 qui
1189 1108 1263 1129 eum

291 1142 440 1174 similiter
471 1143 571 1174 visuri
603 1148 690 1174 sunt.
736 1143 940 1192 Respondeo,
975 1142 1060 1174 hunc
1084 1152 1153 1173 esse
1176 1141 1265 1172 fami-

291 1185 404 1217 liarem
428 1185 626 1233 adspectum,
661 1196 754 1226 quem
779 1187 869 1227 impii
894 1187 976 1217 ferre
1000 1189 1165 1224 nequeunt
1188 1184 1265 1224 quin

291 1234 522 1268 expavescant:
563 1228 628 1260 imo
664 1235 887 1277 praeterquam
923 1228 1007 1268 quod
1042 1227 1098 1268 fug
1101 1228 1168 1258 ient
1202 1226 1265 1257 Dei

293 1278 501 1311 conspectum
518 1277 550 1302 ot
567 1271 755 1310 horrebunt,
778 1273 846 1303 eius
862 1272 963 1312 gloria
982 1270 1045 1302 illis
1065 1239 1173 1301 ogculos
1197 1280 1266 1310 per-

293 1315 440 1355 stringet,
465 1314 510 1345 ita
534 1320 569 1346 ut
591 1315 714 1346 confusi
737 1320 896 1354 stupeant.
940 1313 1097 1344 Videmus
1120 1313 1204 1344 enim
1230 1318 1266 1343 ut

294 1357 398 1388 Adam
433 1356 493 1388 sibi
523 1357 607 1388 male
644 1357 790 1389 conscius
824 1357 885 1387 Dei
923 1356 1138 1396 praesentiam
1166 1356 1263 1386 refor-

293 1399 404 1430 midet.
460 1399 506 1430 Et
539 1399 619 1430 illud
654 1400 849 1440 generaliter
885 1400 973 1431 Deus
1008 1399 1046 1430 de
1081 1398 1266 1430 hominibus

294 1443 485 1482 pronuntiat
515 1442 600 1482 apud
623 1443 747 1474 Mosem
779 1442 897 1483 (Exod.
913 1442 965 1482 33,
988 1441 1054 1483 20),
1089 1441 1192 1473 Nemo
1215 1451 1266 1472 me

294 1484 426 1523 videbit,
453 1489 485 1516 et
509 1486 607 1517 vivet.
653 1485 738 1524 Quia
761 1486 829 1516 fieri
855 1486 948 1516 aliter
972 1496 1035 1516 non
1060 1488 1164 1525 potest
1187 1484 1266 1524 quin

294 1527 356 1558 Dei
387 1529 541 1559 maiestas
566 1535 718 1567 tanquam
744 1528 827 1568 ignis
851 1538 1052 1568 consumens,
1089 1538 1152 1558 non
1176 1537 1267 1558 secus

294 1580 331 1601 ac
361 1571 513 1610 stipulam
546 1581 602 1602 nos
625 1578 806 1602 consumat:
842 1582 922 1611 quae
945 1571 1068 1603 scilieet
1090 1576 1138 1602 est
1161 1570 1267 1600 carnis

294 1620 424 1644 nostrae
447 1614 658 1646 imbecillitas.
705 1613 874 1652 Quatenus
904 1620 1013 1645 autem
1037 1618 1211 1645 renovatur
1234 1613 1267 1643 in

294 1657 387 1688 nobis
415 1656 475 1688 Dei
493 1658 608 1697 imago,
633 1656 743 1688 oeulos
762 1657 919 1688 habemus
938 1657 978 1688 ad
995 1657 1056 1688 Dei
1081 1656 1268 1696 adspectum

294 1705 506 1739 comparatos.
543 1701 586 1731 Et
608 1710 695 1731 nunc
718 1699 846 1739 quidem
863 1699 956 1731 Deus
979 1700 1156 1741 imaginem
1176 1708 1267 1730 suam

295 1743 479 1773 instaurare
503 1743 533 1773 in
560 1743 650 1774 nobis
673 1743 801 1782 incipit:
835 1743 891 1775 sed
915 1743 1071 1783 quantula
1094 1753 1134 1773 ex
1158 1742 1269 1782 parte?

296 1785 397 1825 Ergo,
432 1786 493 1816 nisi
523 1786 612 1817 omni
643 1787 750 1817 carnis
782 1792 912 1817 nostrae
943 1786 1147 1826 corruptione
1179 1785 1269 1815 exuti

297 1827 406 1859 Deum
444 1829 522 1859 facie
560 1830 599 1860 ad
636 1828 749 1859 faciem
784 1829 948 1877 adspicere
984 1840 1047 1859 non
1084 1828 1269 1868 poterimus.

299 1870 393 1909 Quod
417 1871 513 1902 etiam
537 1871 733 1919 exprimitur
757 1872 916 1912 particula
939 1873 1010 1911 ista,
1045 1872 1176 1903 sicuti
1205 1880 1269 1900 no-

298 1913 361 1944 bis
384 1919 451 1945 est.
488 1914 601 1954 Neque
624 1914 710 1945 enim
734 1925 862 1945 omnem
888 1914 950 1946 Dei
973 1915 1160 1955 adspectum
1184 1923 1270 1944 nunc

300 1956 425 1987 adimit:
461 1957 517 1987 sed
552 1957 826 1997 quemadmodum
859 1958 935 1989 dicit
969 1957 1092 1989 Paulus
1126 1956 1169 1998 (1.
1197 1956 1270 1988 Cor.

302 1998 352 2038 13,
377 1998 440 2040 12),
475 1999 569 2031 Nune
603 2006 729 2031 tantum
763 2010 822 2040 per
852 2000 1017 2041 speculum
1046 2001 1209 2032 cernimus
1237 1998 1271 2029 in

301 2041 492 2081 aenigmate.
538 2042 635 2074 Hune
666 2048 775 2074 autem
808 2043 941 2074 vivendi
973 2043 1102 2074 modum
1132 2042 1171 2073 ab
1198 2052 1272 2073 ocu-

302 2083 362 2114 lari
384 2085 501 2114 intuitu
526 2085 601 2116 alibi
625 2085 785 2117 discernit.
832 2085 871 2116 In
899 2096 1034 2126 summa,
1070 2085 1158 2117 Deus
1188 2094 1273 2115 nunc

303 2136 337 2157 se
361 2127 453 2158 nobis
476 2128 740 2167 conspiciendum
764 2129 868 2168 offert,
903 2139 966 2159 non
997 2128 1101 2168 qualis
1123 2132 1181 2168 est,
1216 2127 1272 2159 sed

303 2168 432 2208 qualem
465 2169 614 2201 modulus
647 2175 757 2202 noster
790 2182 863 2202 eum
894 2172 987 2212 capit.
1039 2171 1091 2202 Ita
1121 2170 1273 2211 impletur

303 2211 383 2242 illud
414 2212 497 2251 quod
526 2212 664 2244 habetur
687 2213 772 2252 apud
797 2214 932 2263 Mosem,
966 2225 1023 2245 nos
1047 2224 1119 2245 eum
1144 2213 1233 2245 velut
1255 2222 1274 2243 a

305 2260 395 2294 tergo
412 2255 573 2286 duntaxat
590 2256 713 2287 videre:
738 2257 812 2295 quia
834 2257 868 2287 in
892 2258 958 2288 eius
981 2257 1060 2288 facie
1084 2257 1204 2288 nimius
1226 2260 1274 2287 est

305 2297 410 2336 fulgor
445 2297 562 2337 (Exod.
594 2298 651 2336 33,
684 2298 749 2339 23).
806 2299 990 2330 Notandum
1026 2307 1193 2340 praeterea
1226 2303 1274 2329 est

304 2341 463 2371 rationem
487 2339 582 2381 hane,
616 2351 713 2380 quam
738 2341 868 2373 adducit
890 2342 1061 2382 apostolus,
1096 2343 1135 2374 ab
1158 2342 1275 2373 effectu

304 2388 469 2422 sumptam
504 2394 583 2423 esse,
617 2394 683 2415 non
714 2394 731 2415 a
763 2394 866 2416 eausa.
919 2385 1031 2425 Neque
1060 2385 1146 2417 enim
1175 2385 1275 2423 docet,

305 2425 427 2457 similes
456 2426 527 2457 ideo
559 2437 617 2458 nos
640 2426 715 2465 fore,
751 2427 826 2467 quia
848 2428 994 2459 fruemur
1016 2428 1185 2468 adspectu:
1219 2407 1275 2458 sed

307 2468 382 2499 inde
398 2469 513 2509 probat
533 2479 591 2500 nos
614 2469 742 2501 divinae
765 2470 885 2510 gloriae
909 2471 974 2501 fore
998 2471 1179 2511 participeS,
1202 2470 1276 2510 quia

307 2512 367 2542 nisi
402 2512 590 2552 spiritualis,
625 2518 656 2543 et
689 2512 818 2544 coelesti
849 2513 1003 2552 beataque
1033 2513 1276 2545 immortalitate

306 2554 453 2593 praedita
490 2561 575 2586 esset
612 2560 745 2594 natura,
783 2554 823 2586 ad
860 2555 966 2586 Deum
1006 2567 1171 2596 nunquam
1210 2561 1275 2586 tam

307 2606 406 2636 prope
428 2597 601 2629 accederet.
642 2598 709 2630 Nec
733 2603 841 2629 tamen
865 2604 953 2629 tanta
976 2599 1096 2639 gloriae
1120 2599 1181 2630 erit
1203 2608 1275 2639 per-

308 2639 404 2670 fectio
434 2639 467 2670 in
496 2640 597 2679 nobis,
630 2646 666 2671 ut
697 2646 799 2672 totum
831 2641 936 2672 Deum
970 2641 1137 2681 adspectus
1168 2648 1277 2673 noster

309 2682 571 2722 comprehendat.
612 2683 727 2724 Longa
749 2684 835 2715 enim
859 2690 934 2715 tunc
958 2693 1086 2724 quoque
1110 2685 1171 2715 erit
1193 2685 1277 2715 inter

1097 234 1239 266 ffllS'r.
1262 233 1487 267 IOHANMs

2221 238 2283 269 332

1314 340 1372 361 nos
1406 333 1435 360 et
1471 329 1575 369 ipsum
1612 329 1828 368 proportionis
1862 329 2023 361 distantia.
2081 330 2145 362 Sed
2182 342 2281 371 quum

1314 372 1391 403 dicit
1414 371 1576 410 apostolus
1600 382 1656 403 nos
1680 382 1764 408 eum,
1788 372 1891 411 qualis
1915 378 1971 411 est,
2002 373 2138 410 visuros,
2163 385 2282 406 novum

1313 422 1344 447 et
1368 414 1561 445 ineffabilem
1587 414 1715 445 videndi
1740 414 1868 446 modum
1893 414 2050 455 designat,
2080 417 2172 447 cuius
2196 427 2283 449 nuno

1314 468 1424 489 sumus
1455 462 1614 496 expertes.
1660 457 1824 495 Quamdiu
1855 457 1942 488 enim
1974 469 2029 498 per
2056 458 2150 490 fidem
2175 460 2283 491 ambu-

1315 501 1426 536 lamus,
1455 499 1577 530 Paulus
1601 510 1659 531 nos
1682 499 1720 530 ab
1744 510 1780 531 eo
1804 500 2004 540 peregrinari
2029 501 2120 533 docet
2142 501 2185 541 (2.
2209 502 2282 533 Cor.

1314 544 1343 580 5,
1368 543 1408 583 6).
1456 542 1497 573 Et
1528 543 1652 582 quoties
1683 553 1718 573 se
1751 542 1918 574 visendum
1951 545 2095 583 patribus
2127 545 2284 585 praebuit,

1316 596 1378 617 non
1403 586 1434 615 in
1458 595 1518 616 sua
1539 585 1688 623 essentia,
1710 585 1765 616 sed
1789 586 1849 616 sub
1873 586 2025 626 symbolis
2049 597 2175 626 semper
2195 588 2285 619 visus

1316 633 1372 659 est.
1418 628 1506 668 Ergo
1537 633 1613 659 tune
1637 610 1766 659 deinum
1791 628 1824 658 in
1849 639 1882 659 se
1908 629 2068 660 videbitur
2091 639 2173 669 quae
2197 641 2284 662 nunc

1317 671 1396 702 latet
1430 670 1491 702 Dei
1534 671 1700 710 maiestas,
1740 670 1792 702 ubi
1831 670 1973 702 ablatum
2010 672 2106 703 suerit
2140 672 2285 704 mortalis

1317 714 1412 745 huius
1442 719 1474 744 et
1505 713 1722 753 corruptibilis
1746 717 1879 745 naturae
1904 714 2021 745 velum.
2066 715 2118 746 Ab
2142 715 2212 746 aliis
2236 725 2284 746 ar-

1316 756 1403 797 gutis
1438 756 1709 795 disputationibus
1747 756 1949 796 supersedeo.
2006 757 2163 789 Videmus
2199 758 2285 789 enim

1317 805 1514 839 quantopere
1551 809 1585 830 se
1623 799 1656 830 in
1691 798 1754 830 illis
1788 799 1993 839 Augustinus
2029 805 2192 840 torqueat:
2229 811 2287 832 nec

1318 849 1426 873 tamen
1451 851 1484 872 se
1508 842 1648 882 expedit,
1671 852 1743 873 cum
1768 842 1801 873 in
1825 842 1970 882 epistolis
1993 843 2032 874 ad
2057 843 2231 874 Paulinam
2254 848 2288 874 et

1317 884 1600 921 Fortunatianum,
1637 893 1704 916 tum
1736 884 1816 916 libro
1840 885 1878 915 de
1902 885 2043 917 Civitate
2066 886 2140 925 Dei,
2172 886 2222 924 22,
2256 891 2288 917 et

1317 928 1389 958 aliis
1406 927 1493 958 loeis.
1525 926 1619 966 Quod
1637 931 1743 958 tamen
1760 927 1825 959 illic
1845 927 1931 966 dicit,
1955 928 2128 960 observatu
2151 928 2286 970 dignum

1318 977 1377 1009 est,
1411 969 1484 1011 plus
1514 970 1622 1001 valere
1645 970 1679 1001 in
1703 970 1764 1001 hae
1787 971 2002 1011 inquisitione,
2038 971 2167 1004 vivendi
2190 982 2286 1012 quam

1318 996 1469 1061 loqhendi
1483 1012 1627 1043 modum:
1640 1018 1671 1044 et
1683 1013 1860 1044 cavendum
1874 1024 1951 1052 esse,
1966 1024 2006 1045 ne
2016 1014 2092 1046 dum
2102 1014 2288 1047 altercando

1318 1057 1502 1096 quaerimus
1543 1055 1699 1095 quomodo
1740 1057 1840 1096 possit
1881 1056 1971 1088 Deus
2016 1057 2135 1095 videri,
2179 1067 2287 1098 pacem

1318 1104 1349 1130 et
1380 1098 1666 1130 sanctificationem
1697 1099 1881 1139 perdamus,
1915 1100 1984 1131 sine
2014 1110 2076 1140 qua
2098 1110 2193 1131 nemo
2218 1110 2289 1131 eum

1319 1141 1449 1173 videbit.

1403 1184 1433 1215 3.
1461 1183 1569 1216 Omnis
1598 1184 1654 1225 qui
1683 1184 1771 1216 habet
1800 1184 1880 1216 hanc
1902 1195 1996 1225 spem.
2042 1185 2138 1217 Nunc
2160 1185 2290 1217 conclu-

1318 1227 1375 1266 dit,
1410 1238 1472 1258 non
1504 1227 1575 1258 ideo
1604 1226 1719 1258 debere
1741 1229 1923 1259 sanctitatis
1947 1227 2090 1260 studium
2115 1228 2233 1269 frigere
2257 1229 2289 1259 in

1319 1271 1420 1310 nobis,
1444 1270 1517 1310 quia
1534 1269 1679 1301 nondum
1703 1276 1856 1310 appareat
1884 1276 1995 1302 nostra
2023 1271 2174 1303 felicitas:
2199 1280 2290 1311 spem

1319 1313 1404 1344 enim
1439 1313 1595 1344 sufficere.
1653 1313 1754 1344 Porro
1787 1314 1907 1344 scimus
1938 1314 2062 1354 sperari
2097 1324 2179 1354 quae
2213 1318 2290 1345 sunt

1319 1356 1515 1388 abscondita.
1567 1355 1691 1387 Sensus
1724 1366 1801 1396 ergo
1834 1362 1891 1395 est,
1926 1363 2089 1396 uteunque
2122 1355 2292 1388 Christum

1319 1399 1464 1430 nondum
1497 1398 1673 1430 habeamus
1701 1399 1801 1430 oculis
1825 1406 2038 1439 praesentem,
2074 1400 2100 1430 si
2125 1406 2234 1430 tamen
2258 1400 2292 1430 in

1320 1442 1389 1482 ipso
1420 1451 1597 1480 speramus,
1633 1442 1708 1473 fiere
1738 1452 1803 1472 non
1834 1452 1928 1482 posse
1954 1442 2031 1482 quin
2055 1452 2127 1482 spes
2151 1442 2212 1473 ista
2235 1453 2292 1473 nos

1320 1485 1359 1515 ad
1393 1484 1578 1516 sectandam
1614 1484 1789 1524 puritatem
1820 1485 1998 1516 excitatae
2021 1485 2184 1516 stimulet:
2218 1485 2293 1524 quia

1320 1527 1360 1558 ad
1385 1527 1554 1559 Christum
1579 1531 1667 1559 recta
1690 1538 1748 1558 nos
1772 1528 1892 1568 dirigit,
1926 1538 2020 1568 quem
2051 1527 2170 1559 scimus
2203 1528 2292 1559 abso-

1320 1570 1424 1601 lutum
1449 1580 1519 1601 esse
1542 1570 1695 1610 puritatis
1717 1570 1894 1610 exemplar.

1406 1657 1435 1687 4.
1474 1656 1653 1696 Quicunque
1684 1656 1761 1696 facit
1776 1658 1950 1696 peccatum,
1985 1655 2078 1687 etiam
2099 1656 2294 1695 iniquitatem

1319 1699 1412 1740 facit:
1435 1701 1461 1730 et
1478 1701 1637 1738 peccatum
1651 1701 1696 1731 est
1716 1699 1878 1739 iniquitas.
1916 1698 1948 1730 5.
1964 1698 2067 1730 Porro
2092 1699 2191 1731 nostis
2212 1698 2293 1738 quod

1321 1742 1373 1774 ille
1402 1742 1553 1782 apparuit
1582 1744 1616 1772 ut
1640 1744 1768 1782 peccata
1796 1744 1904 1773 nostra
1925 1741 2056 1774 tolleret:
2089 1743 2116 1773 et
2133 1743 2295 1782 peccatum

1321 1786 1356 1816 in
1379 1795 1410 1817 eo
1433 1795 1494 1817 uon
1515 1787 1568 1817 est.
1613 1784 1642 1816 6.
1670 1785 1820 1824 Quisquis
1843 1785 1877 1815 z'n
1899 1794 1932 1816 eo
1952 1787 2064 1824 manet,
2097 1794 2157 1816 uon
2175 1786 2295 1824 peccat:

1322 1829 1466 1868 quisquis
1483 1830 1598 1867 peccat,
1621 1837 1682 1859 non
1703 1827 1782 1859 vidit
1805 1838 1885 1859 eum.

1407 1915 1437 1945 4.
1465 1913 1645 1953 Quicunque
1665 1913 1749 1952 facit.
1791 1913 1861 1944 Iam
1885 1923 1985 1953 supra
2007 1912 2147 1944 ostendit
2170 1919 2294 1952 aposto-

1324 1957 1374 1988 lus
1398 1967 1494 1997 quam
1518 1956 1637 1997 ingrati
1660 1956 1760 1987 simus
1786 1956 1865 1995 Deo,
1899 1956 1926 1987 si
1951 1956 2177 1996 parvifacimus
2200 1954 2295 1995 adop-

1324 2000 1421 2031 tionis
1453 2000 1616 2037 honorem,
1650 2009 1712 2039 quo
1743 2010 1800 2030 nos
1831 1999 1916 2029 ultro
1939 1998 2122 2038 praevenit:
2158 2008 2194 2029 ae
2230 2008 2296 2029 non

1324 2042 1437 2074 saltem
1478 2047 1627 2073 mutuum
1660 2041 1707 2072 illi
1742 2051 1882 2072 amorem
1917 2041 2132 2081 rependimus.
2189 2040 2295 2073 Simul

1324 2085 1574 2116 admonitionem
1591 2084 1680 2115 illam
1698 2084 1901 2124 interposuit,
1924 2094 1988 2115 non
2004 2084 2119 2115 debere
2143 2083 2294 2115 affectum

1326 2132 1471 2159 nostrum
1495 2127 1641 2164 diminui,
1673 2128 1748 2167 quia
1771 2127 1920 2158 differtur
1941 2127 2096 2167 promissa
2120 2125 2294 2157 beatitudo.

1326 2171 1419 2202 Nunc
1442 2173 1548 2201 autem
1572 2170 1646 2210 quia.
1668 2169 1816 2201 homines
1838 2170 1872 2200 in
1896 2169 1990 2200 malis
2012 2169 2084 2209 plus
2108 2179 2207 2209 aequo
2234 2169 2296 2199 sibi

1326 2213 1465 2245 blandiri
1494 2213 1606 2251 solent,
1641 2213 1725 2244 hanc
1757 2222 1940 2253 perversam
1965 2211 2202 2252 indulgentiam
2225 2221 2296 2242 cor-

1327 2257 1401 2297 rigit
1432 2256 1646 2297 pronuntians
1677 2256 1803 2295 iniquos
1834 2265 1912 2292 esse,
1947 2265 1983 2286 ac
2008 2255 2089 2295 legis
2112 2257 2295 2294 transgres-

1326 2310 1414 2331 sores
1442 2299 1625 2339 quicunque
1656 2304 1798 2338 peccant.
1845 2296 2006 2329 Credibile
2035 2296 2123 2327 enim
2146 2301 2194 2328 est
2218 2303 2296 2327 tunc

1327 2342 1423 2373 fuisse
1446 2343 1499 2382 qui
1523 2341 1686 2372 blanditiis
1710 2341 1778 2373 istis
1801 2345 2015 2371 extenuarant
2038 2350 2097 2370 sua
2120 2339 2208 2379 vitia,
2232 2349 2298 2370 non

1327 2386 1444 2416 mirum
1467 2385 1494 2416 si
1517 2394 1693 2424 peccemus,
1723 2384 1797 2431 quia
1820 2393 1932 2414 sumus
1955 2382 2118 2413 homines:
2152 2382 2208 2413 sed
2231 2392 2298 2413 ma-

1327 2438 1427 2468 gnum
1456 2432 1504 2458 est
1533 2427 1655 2466 peceati
1684 2431 1716 2457 et
1743 2425 1922 2465 iniquitatis
1953 2425 2135 2456 discrimen.
2180 2424 2296 2456 Frivo-

1327 2470 1391 2501 lam
1408 2470 1490 2501 hanc
1507 2469 1749 2501 exeusationem
1771 2468 1836 2499 illis
1858 2468 1981 2499 excutit
2004 2467 2176 2508 apostolus,
2199 2477 2297 2508 quum

1327 2518 1494 2553 peccatum
1511 2512 1623 2543 definit
1645 2521 1714 2542 esse
1737 2510 1867 2541 divinae
1891 2511 1971 2558 legis
1995 2510 2296 2551 transgressionem.

1328 2555 1410 2586 Nam
1434 2555 1482 2586 illi
1506 2555 1703 2595 propositum
1728 2559 1776 2584 est
1800 2554 1919 2593 peceati
1943 2553 2051 2584 odium
2075 2560 2107 2584 et
2131 2553 2297 2584 horrorem

1328 2598 1490 2630 inducere.
1548 2597 1673 2628 Nomen
1707 2597 1811 2636 ipsum
1847 2597 1969 2636 peccati
2003 2596 2073 2627 leve
2107 2595 2297 2635 quibusdam

1330 2641 1468 2672 videtur:
1499 2640 1651 2680 iniquitas
1682 2645 1789 2670 autem
1818 2639 1868 2670 vel
1892 2638 1972 2679 legis
1996 2639 2209 2679 transgressio
2231 2647 2298 2669 non

1329 2688 1393 2714 tam
1417 2683 1508 2715 facile
1532 2683 1654 2724 ignosci
1678 2687 1791 2722 potest.
1826 2681 1999 2713 Caeterum
2024 2692 2086 2713 non
2110 2681 2184 2712 facit
2207 2690 2297 2720 apos-
