2513 3126
146 253 207 284 497
983 245 1116 278 EPIST

147 359 244 390 quum
262 348 302 380 ad
323 345 530 378 iudicandum
554 344 662 376 orbem
683 343 864 375 descendet.
903 343 1008 374 Millia
1027 342 1114 380 dicit,

147 390 414 433 quemadmodum
449 393 480 418 et
503 387 622 419 Daniel
653 386 696 428 (7,
734 385 787 428 10)
821 385 1013 427 angulorum
1045 395 1114 425 my-

147 433 254 466 riadas
292 431 472 473 praedicat:
511 441 552 461 ne
586 430 758 470 impiorum
793 428 987 466 multitudo,
1025 427 1116 467 quasi

148 477 326 509 violentum
350 484 449 513 mare,
477 473 559 504 filios
584 473 644 504 Dei
668 472 816 512 abripiat,
841 471 917 502 dum
942 471 1008 501 fore
1031 469 1116 509 cogi-

149 524 220 551 tant
248 522 282 550 ut
312 526 388 548 suos
418 515 591 555 aliquando
614 515 746 556 colligat
768 513 947 545 Dominus:
980 522 1117 552 quorum

150 572 223 604 pars
252 560 286 592 in
316 558 404 591 coelo
433 558 583 590 habitans
614 568 700 589 nunc
730 556 839 588 oculos
869 559 996 586 nostros
1026 555 1118 595 fugit,

150 614 224 646 pars
239 602 299 634 sub
318 601 444 642 ingenti
469 601 577 642 paleae
600 599 729 632 cumulo
752 599 867 630 obruta
890 597 980 628 latet.
1026 597 1119 636 Quae

149 652 257 678 autem
286 645 433 685 reprobis
461 644 625 684 impendet
651 641 802 681 vindicta,
835 640 953 671 electos
975 640 1007 671 in
1031 646 1119 671 metu

149 693 180 721 et
201 688 417 721 sollicitudine
441 687 606 718 continere
629 685 734 716 debet.
778 683 940 723 Loquitur
963 683 1002 714 de
1027 683 1120 714 factis

150 735 182 764 et
213 731 315 770 dietis,
346 731 420 770 quia
450 730 502 761 isti
533 733 734 767 corruptores
764 737 828 757 non
859 729 988 756 tantum
1019 725 1119 757 scele-

150 778 221 806 rata
251 774 328 810 vita,
362 772 418 804 sed
448 772 574 811 impuro
604 775 635 801 et
665 779 818 810 perverso
848 778 997 800 sermone
1020 767 1120 808 pluri-

150 827 239 849 mum
274 816 440 847 nocebant.
492 814 642 844 Duros
676 816 784 844 autem
820 815 915 843 vocat
947 821 1121 848 sermones,

152 860 191 891 ob
222 859 431 900 praefractam
461 856 637 893 audaciam,
672 865 736 895 qua
760 854 836 886 elati
870 864 904 885 se
938 854 1123 894 petulanter

151 904 311 944 ingerunt.

238 944 286 976 16.
310 942 358 974 Hi
386 944 459 973 sunt
489 942 745 972 murmuratores.
789 940 875 980 Quia
906 939 966 972 sibi
993 940 1026 970 in
1050 949 1123 979 pra-

154 988 201 1021 vis
232 985 461 1026 cupiditatibus
492 983 672 1024 indulgent,
704 983 790 1015 simil
817 983 964 1014 difficiles
987 988 1064 1014 sunt
1087 992 1124 1014 ac

153 1029 280 1067 morosi,
311 1033 346 1059 ut
369 1027 433 1058 illis
456 1037 624 1067 nunquam
647 1026 795 1058 satisfiat:
825 1025 901 1057 hinc
926 1026 961 1056 fit
985 1032 1021 1056 ut
1044 1036 1124 1056 sem-

153 1083 210 1113 per
244 1072 492 1103 obmurmurent
525 1079 561 1101 ac
595 1074 811 1109 quaerantur,
847 1067 1057 1109 quantumvis
1091 1078 1125 1099 se

153 1115 218 1147 illis
241 1114 379 1154 benigne
410 1113 502 1154 probi
526 1112 674 1143 homines
698 1111 898 1152 impendant.
944 1111 1058 1150 Magni
1081 1111 1126 1142 lo-

155 1158 320 1199 quentiam
358 1159 463 1196 taxat,
502 1155 584 1196 quod
623 1165 658 1186 se
693 1155 778 1195 ipsos
812 1155 954 1185 fastuose
988 1154 1126 1185 iactent:

155 1201 211 1233 sed
244 1200 370 1231 interea
402 1198 542 1230 ostendit
575 1197 726 1229 illiberali
759 1208 830 1229 esse
864 1197 1012 1238 ingenio,
1053 1197 1128 1236 quia

156 1243 317 1276 serviliter
353 1252 387 1273 se
424 1241 613 1279 demittant,
652 1240 731 1272 lucri
769 1240 885 1281 gratia.
946 1241 993 1271 Ac
1029 1239 1128 1280 vulgo

155 1287 235 1318 haec
258 1284 467 1325 inaequalitas
489 1283 686 1325 perspicitur
720 1284 754 1314 in
777 1282 935 1315 eiusmodi
959 1282 1128 1313 nebuloni-

157 1330 231 1361 bus:
266 1327 321 1359 ubi
356 1337 450 1358 nemo
485 1331 532 1358 est
566 1327 619 1366 qui
649 1336 760 1357 eorum
790 1326 995 1357 insolentiam
1027 1326 1128 1365 repri-

158 1377 234 1410 mat,
262 1370 315 1402 vel
346 1370 455 1401 nullus
488 1374 537 1401 est
568 1374 735 1409 respectus
762 1370 818 1409 qui
842 1369 957 1406 obstet,
980 1367 1129 1399 intolera-

157 1414 231 1446 bilis
260 1423 371 1444 eorum
404 1417 453 1444 est
485 1411 650 1452 superbia:
685 1411 764 1443 adeo
798 1411 969 1451 imperiose
1001 1410 1130 1451 quidvis

158 1457 217 1489 sibi
250 1459 414 1497 arrogant.
459 1455 552 1494 Quos
575 1460 682 1486 autem
707 1459 866 1492 metuunt,
897 1453 948 1486 vel
972 1464 990 1485 a
1015 1452 1130 1493 quibus

159 1504 290 1540 sperant
321 1497 445 1539 aliquid
473 1497 645 1536 commodi,
679 1497 719 1529 iis
750 1497 878 1529 sordide
910 1496 1130 1528 blandiuntur.

160 1543 188 1575 P
197 1553 214 1574 e
224 1553 240 1574 r
248 1553 264 1573 s
274 1551 292 1573 o
301 1553 322 1573 n
331 1552 349 1573 a
358 1552 372 1573 s
407 1541 522 1581 accipit
561 1551 618 1581 pro
651 1545 787 1572 externa
819 1539 1046 1581 magnitudine
1080 1539 1131 1571 vel

160 1585 311 1627 potentia.

247 1669 296 1702 17.
329 1669 389 1701 Vos
418 1671 521 1701 autem
550 1669 661 1709 dilecti,
691 1678 839 1700 memores
868 1668 941 1700 estis
970 1668 1133 1700 verborum

161 1722 239 1754 quae
260 1712 422 1753 praedicta
450 1715 523 1744 sunt
551 1712 589 1744 ab
611 1710 757 1751 apostolis
782 1710 913 1743 Domini
935 1711 1035 1743 nostri
1058 1711 1133 1743 Iesu

165 1755 300 1789 Christi:
322 1765 429 1795 nempe
471 1755 520 1786 18.
544 1755 625 1795 quod
647 1754 731 1786 vobis
752 1754 910 1791 dixerunt,
933 1754 1041 1785 ultimo
1062 1757 1134 1786 tem-

157 1808 236 1838 pore
264 1798 389 1838 futuros
415 1798 580 1837 derisores,
610 1798 665 1837 qui
687 1797 852 1829 secundum
874 1798 1135 1837 concupiscentias

162 1851 294 1873 suarum
323 1841 518 1881 impietatum
547 1840 750 1872 ambularent.
804 1840 853 1871 19.
886 1839 950 1872 Hic
978 1842 1050 1872 sunt
1080 1840 1135 1880 qui

162 1894 193 1916 se
215 1884 297 1924 ipsos
318 1886 485 1925 seyreqant,
508 1883 670 1923 animales,
692 1883 841 1923 spiritum
865 1893 924 1915 non
945 1883 1094 1915 habentes.

250 1969 300 2000 17.
323 1969 383 2001 Vos
400 1971 512 2001 autem.
552 1969 803 2000 Vetustissimae
826 1969 1025 2009 prophetiae,
1050 1979 1136 2000 nunc

165 2012 381 2053 apostolorum
405 2012 611 2051 monitiones,
635 2021 771 2051 quarum
796 2022 908 2043 recens
931 2017 999 2043 erat
1016 2022 1136 2043 memo-

165 2056 221 2092 ria,
255 2055 392 2086 subiicit.
438 2055 543 2086 Veum
568 2053 744 2096 μνήσθητε,
779 2065 842 2085 non
866 2054 1003 2086 multum
1027 2053 1136 2092 refert,

165 2097 347 2130 Indicativo
381 2107 420 2128 an
456 2098 605 2128 hortandi
639 2099 734 2128 modo
769 2098 873 2138 legas:
908 2103 1016 2129 manet
1050 2098 1136 2129 enim

166 2141 250 2172 idem
274 2151 399 2179 sensus,
423 2140 640 2180 praedictione
664 2151 758 2180 quam
781 2141 860 2171 citat
883 2141 1036 2179 munitos,
1071 2151 1137 2171 non

167 2182 282 2215 debere
322 2183 461 2223 percelli.
523 2183 695 2223 Tempus
742 2183 933 2214 ultimum
974 2183 1137 2224 intelligit,

167 2236 229 2267 quo
263 2231 419 2257 renovata
442 2225 594 2257 ecclesiae
617 2225 756 2258 conditio
780 2226 881 2257 fixum
908 2230 1028 2257 statum
1052 2236 1137 2258 acce-

167 2269 214 2309 pit
244 2279 346 2309 usque
377 2269 408 2299 in
433 2269 530 2299 finem
555 2269 676 2300 mundi.
722 2268 835 2309 Coepit
859 2274 965 2300 autem
990 2279 1008 2299 a
1031 2269 1138 2310 priore

168 2311 292 2343 Christi
323 2311 475 2342 adventu.
526 2311 752 2343 Derisores
784 2316 884 2349 vocat,
920 2322 1008 2343 more
1038 2312 1138 2352 scrip·

169 2358 271 2392 turae,
295 2355 349 2394 qui
368 2354 467 2394 impio
486 2357 518 2385 et
536 2354 667 2393 profano
687 2354 749 2385 Dei
773 2359 957 2395 contemptu
981 2354 1139 2393 inebriati,

170 2396 204 2427 in
226 2396 392 2428 beluinum
417 2396 562 2428 numinis
585 2402 804 2437 contemptum
829 2398 1011 2437 prosiliunt:
1036 2398 1082 2428 ita
1106 2403 1140 2428 ut

170 2448 224 2470 eos
247 2439 359 2480 religio
384 2440 548 2471 contineat
571 2439 708 2479 amplius
730 2440 763 2470 in
787 2439 906 2472 officio:
934 2441 1008 2480 quia
1030 2439 1140 2471 nullus

171 2481 283 2513 haeret
313 2483 413 2514 futuri
441 2482 550 2513 iudicii
573 2488 678 2513 metus
700 2483 734 2513 in
757 2493 868 2514 eorum
893 2483 1022 2523 animis,
1052 2483 1141 2514 nulla

171 2534 244 2564 spes
273 2529 422 2556 aeternae
453 2525 547 2556 vitae.
593 2525 872 2564 Quemadmodum
903 2526 997 2557 hodie
1019 2526 1142 2566 passim

172 2566 343 2607 Epicureis
374 2568 434 2598 Dei
464 2567 740 2607 contemptoribus
769 2568 907 2600 mundus
936 2573 1052 2606 scatet,
1087 2568 1143 2609 qui

172 2619 311 2641 excussa
334 2620 464 2650 prorsus
485 2611 572 2642 omni
597 2610 789 2647 reverentia,
812 2610 931 2643 furiose
955 2617 1057 2643 totam
1078 2613 1141 2652 pie-

174 2653 249 2684 tatis
273 2652 461 2688 doctrinam,
485 2653 576 2693 quasi
601 2653 777 2684 fabulosam
803 2654 1013 2685 subsannant.

260 2694 308 2726 19.
344 2695 406 2734 Qui
434 2705 466 2726 se
495 2696 580 2734 ipsos
611 2698 778 2736 seyreyant.

276 2754 386 2780 (Jalvini
403 2761 494 2786 opera.
521 2754 578 2780 Voc.
597 2754 660 2781 LV.

828 2696 986 2728 Nonnulli
1019 2696 1143 2729 codices

1119 270 1126 277 .
1151 245 1297 279 IUDAE

2082 245 2145 276 498

1168 342 1276 381 graeci
1309 341 1514 381 participium
1546 342 1727 374 absolutum
1752 343 1881 375 habent.
1928 343 1994 375 Alii
2019 342 2151 374 addunt*

1169 384 1320 420 ἑαυτοὺςε
1344 383 1399 414 sed
1423 383 1532 415 eodem
1556 384 1623 415 fere
1646 396 1754 418 sensu.
1796 386 1956 427 Intelligit
1979 385 2064 417 enim
2088 396 2144 417 eos

1170 426 1400 458 discessionem
1424 427 1528 458 facere
1551 427 1590 458 ab
1613 428 1755 465 ecclesia,
1780 429 1931 468 quoniam
1956 428 2146 469 disciplinae

1169 469 1283 509 iugum
1308 469 1391 500 ferre
1415 473 1586 509 nequeant,
1610 475 1645 500 ut
1668 471 1721 510 qui
1744 472 1832 502 carni
1857 471 1986 511 addicti,
2010 482 2028 502 a
2050 471 2144 512 spiri-

1171 512 1251 543 tuali
1287 512 1355 543 vita
1388 512 1594 543 abhorreant.
1652 513 1796 543 Anima
1830 514 1882 545 hic
1913 514 2050 554 spiritui,
2084 514 2144 546 hoc

1172 559 1231 593 est,
1248 555 1468 586 renovationis
1488 555 1612 595 gratiae
1628 555 1815 595 opponitur:
1839 556 1973 596 ideoque
1994 557 2146 588 vitiosum

1172 597 1336 637 ingenium
1371 597 1541 637 significat,
1577 597 1671 638 quale
1704 602 1753 629 est
1787 598 1819 628 in
1850 598 2036 630 hominibus
2067 609 2146 630 non-

1173 639 1247 670 dum
1272 640 1437 680 regenitis.
1472 640 1555 671 Nam
1581 641 1613 671 in
1637 640 1697 672 hac
1721 640 1880 681 degenere
1905 647 2029 682 natura,
2049 651 2146 682 quam

1173 682 1212 713 ab
1237 683 1403 714 Abraham
1438 682 1607 723 trahimus,
1641 683 1726 714 nihil
1760 683 1823 715 nisi
1858 693 2002 715 erassum
2034 690 2082 716 est
2109 695 2146 716 ac

1175 729 1356 756 terrenum:
1392 730 1427 756 ut
1458 726 1545 756 nulla
1577 736 1651 766 pars
1673 726 1776 757 nostri
1800 725 1840 757 ad
1864 726 1971 758 Deum
1995 727 2147 767 adspiret,

1176 768 1277 800 donec
1301 768 1451 799 renovati
1473 768 1575 800 simus
1598 769 1667 801 eius
1690 769 1818 809 spiritu.

1261 853 1313 884 20.
1344 852 1405 885 Vos
1426 856 1528 885 autem
1550 853 1661 892 dilecti,
1690 854 1905 886 sanctissimae
1931 856 2049 886 vestrae
2077 854 2151 893 fidei

1176 898 1287 928 vosmet
1324 899 1578 935 superstruentes,
1616 897 1650 928 in
1686 897 1804 936 spiritu
1841 899 1946 929 saneto
1975 900 2152 937 precantes,

1176 940 1226 971 21.
1249 941 1363 971 vosmet
1384 939 1417 970 in
1439 940 1566 971 caritate
1585 943 1713 978 servate,
1742 942 1948 979 eoespeetantes
1977 940 2152 971 misericor-

1176 983 1264 1014 diam
1287 981 1417 1014 Domini
1445 983 1542 1013 nostri
1564 983 1638 1014 Iesu
1664 982 1782 1014 Christi
1809 983 1843 1014 in
1865 983 1962 1014 vitam
1985 985 2152 1014 aeternam.

1177 1025 1228 1056 22.
1246 1024 1289 1056 Et
1304 1025 1357 1055 hos
1374 1024 1496 1064 quidem
1513 1025 1718 1065 miseramini,
1741 1025 1965 1057 diiudicantes:
1998 1025 2050 1056 23.
2074 1025 2154 1056 Illos

1178 1078 1247 1100 vero
1264 1078 1324 1107 per
1347 1068 1485 1098 timorem
1506 1070 1638 1108 servate,
1670 1078 1708 1099 ex
1729 1068 1870 1100 incendio
1890 1068 2055 1107 rapientes,
2089 1067 2160 1099 odio

1174 1112 1391 1152 prosequentes
1406 1111 1500 1142 etiam
1515 1110 1702 1142 maculatam
1717 1121 1737 1142 a
1753 1120 1845 1142 earne
1860 1111 2006 1142 tunicam.
2044 1110 2096 1143 24.
2114 1109 2159 1142 Et

1180 1156 1281 1185 autem
1311 1153 1367 1193 qui
1395 1163 1520 1184 servare
1544 1156 1644 1192 potest
1673 1163 1724 1185 vos
1751 1164 1771 1185 a
1788 1155 1911 1193 peccato
1934 1154 2098 1190 immunes,
2132 1155 2161 1184 et

1180 1199 1313 1228 statuere
1349 1196 1382 1227 in
1419 1198 1576 1236 conspeetu
1609 1196 1728 1236 ylariae
1763 1206 1840 1228 suae
1872 1195 2159 1236 irreprehensibiles

1181 1249 1250 1271 cum
1273 1238 1492 1276 exsultatione,
1546 1238 1597 1270 25.
1631 1239 1690 1270 soli
1721 1239 1857 1278 sapienti
1891 1238 1974 1279 Deo,
2007 1238 2159 1270 servatori

1182 1285 1292 1321 nostro,
1319 1281 1422 1322 yloria
1444 1283 1470 1312 et
1492 1282 1728 1322 magnificentia,
1758 1284 1784 1313 et
1807 1281 1982 1321 imperium,
2010 1284 2037 1313 et
2054 1284 2158 1321 potes-

1183 1328 1240 1363 tas,
1263 1334 1352 1362 nune,
1375 1327 1402 1356 et
1423 1325 1457 1356 in
1478 1324 1583 1356 omnia
1604 1324 1737 1356 saecula.
1781 1324 1893 1356 Amen.

1270 1410 1322 1442 20.
1346 1410 1407 1442 Vos
1429 1412 1539 1448 autem,
1564 1411 1615 1441 etc.
1653 1409 1788 1441 Modum
1804 1409 2023 1450 ostenditque
2046 1419 2159 1441 omnes

1185 1453 1328 1486 Satanae
1352 1453 1518 1484 machinas
1543 1452 1690 1483 disiicere
1712 1458 1844 1492 queant:
1870 1462 1985 1492 nempe
2008 1452 2054 1484 sic
2076 1452 2159 1483 cari—

1185 1502 1284 1528 tatem
1320 1496 1476 1527 habentes
1510 1495 1586 1527 fidei
1620 1505 1791 1532 annexam,
1825 1495 1916 1535 quasi
1950 1496 1984 1526 in
2014 1494 2160 1527 custodia

1185 1539 1345 1571 excubent
1378 1549 1478 1579 usque
1509 1538 1548 1570 ad
1573 1538 1695 1570 Christi
1722 1538 1908 1569 adventum.
1954 1537 2088 1574 Verum,
2124 1541 2161 1568 ut

1185 1582 1297 1614 creber
1326 1592 1362 1613 ac
1394 1582 1514 1613 densus
1544 1582 1575 1612 in
1606 1581 1812 1621 metaphoris,
1847 1591 1923 1612 suas
1953 1580 2005 1612 hic
2035 1590 2160 1620 quoque

1186 1625 1339 1665 loquendi
1357 1626 1474 1656 formas
1491 1624 1599 1663 habet,
1623 1634 1704 1664 quae
1724 1624 1865 1655 breviter
1888 1623 2048 1654 notandae
2071 1627 2158 1654 sunt.

1186 1668 1281 1699 Iubet
1322 1668 1426 1708 primo
1464 1667 1533 1699 loco
1572 1674 1607 1698 ut
1645 1676 1679 1698 se
1714 1666 1813 1698 fidei
1852 1670 2160 1706 superstruant.

1188 1711 1262 1751 Quo
1279 1711 1454 1751 significat,
1477 1710 1684 1742 retinendum
1701 1720 1771 1741 esse
1793 1709 1869 1740 fidei
1893 1709 2160 1740 fundamentum:

1187 1754 1243 1786 sed
1268 1755 1406 1794 primam
1422 1754 1660 1785 institutionem
1685 1762 1749 1784 non
1772 1752 1927 1788 sufficere,
1952 1752 2015 1782 nisi
2034 1751 2162 1783 assidue

1189 1797 1229 1828 ad
1263 1797 1443 1838 profectum
1477 1796 1684 1833 contendant,
1719 1796 1774 1836 qui
1807 1795 1842 1826 in
1876 1801 1962 1826 recta
1992 1794 2054 1826 fide
2084 1799 2163 1826 sunt

1188 1840 1253 1871 iam
1298 1839 1433 1870 fundati.
1499 1838 1821 1871 Sanctissimam
1862 1837 2003 1878 appellat
2051 1847 2163 1869 eorum

1189 1882 1329 1921 fidem,
1352 1886 1387 1913 ut
1410 1882 1513 1914 solide
1535 1882 1570 1913 in
1593 1892 1663 1913 eam
1687 1880 1886 1918 recumbant,
1910 1881 2041 1920 eiusque
2064 1881 2166 1911 firmi-

1190 1925 1296 1957 tudini
1330 1925 1445 1965 innixi,
1479 1935 1643 1965 nuuquam
1676 1924 1838 1957 vacillent.
1884 1921 1950 1954 Sed
1974 1933 2074 1963 quum
2100 1928 2166 1954 tota

1190 1968 1330 2000 hominis
1358 1968 1512 2008 perfectio
1543 1968 1578 1999 in
1608 1967 1671 1999 fide
1699 1967 1860 2003 consistat,
1895 1965 2071 1997 absurdum
2096 1975 2166 1997 esse

1190 2011 1320 2043 videtur
1359 2010 1443 2051 quod
1477 2016 1701 2051 superstruere
1729 2009 1817 2041 aliud
1848 2008 2029 2040 aedificium
2063 2009 2165 2049 iubet,

1190 2054 1281 2094 quasi
1305 2053 1384 2085 fides
1410 2058 1540 2085 tantum
1564 2053 1694 2084 inchoet
1717 2053 1890 2083 hominem.
1935 2051 2031 2083 Hane
2054 2062 2165 2091 quaes-

1191 2098 1311 2128 tionem
1343 2096 1439 2128 solvit
1468 2096 1631 2136 apostolus
1661 2106 1758 2136 quum
1783 2095 1891 2125 statim
1916 2094 2015 2134 addit,
2051 2094 2163 2126 aedifi·

1191 2140 1258 2172 cari
1292 2139 1438 2172 homines
1471 2150 1570 2179 super
1603 2139 1715 2179 fidem,
1748 2137 1857 2168 addita
1890 2137 2034 2169 caritate.
2092 2137 2163 2168 Nisi

1192 2184 1298 2214 forsan
1332 2183 1379 2214 ita
1411 2183 1554 2223 accipere
1584 2182 1743 2222 quispiam
1773 2180 1875 2220 malit,
1909 2179 2056 2212 homines
2088 2180 2164 2211 fidei

1192 2225 1383 2265 superstrui,
1415 2225 1501 2266 quod
1529 2225 1563 2256 in
1593 2236 1629 2256 ea
1653 2223 1833 2264 proficiunt.
1879 2222 1923 2253 Et
1946 2229 2032 2254 certe
2056 2223 2163 2263 quoti-

1193 2269 1279 2300 diani
1310 2268 1384 2300 fidei
1415 2278 1604 2309 progressus
1635 2267 1789 2302 efficiunt,
1824 2269 1859 2296 ut
1889 2266 1958 2305 ipsa
1984 2266 2019 2296 in
2041 2266 2163 2296 iustum

1193 2311 1328 2343 aedificii
1362 2311 1494 2343 modum
1529 2315 1687 2350 assurgat.
1739 2308 1811 2340 Hoc
1845 2308 1938 2339 modo
1967 2309 2165 2348 praeciperet

1193 2354 1364 2394 apostolus,
1396 2354 1429 2385 in
1459 2354 1521 2385 fide
1544 2352 1750 2385 crescendum
1774 2361 1855 2391 esse,
1883 2351 2071 2382 instandum
2095 2361 2165 2391 pre-

1192 2398 1291 2437 cibus,
1319 2402 1349 2428 et
1373 2397 1509 2428 caritate
1532 2395 1733 2427 retinendam
1756 2404 1825 2425 esse
1848 2393 2056 2425 vocationem.

1280 2439 1322 2471 In
1344 2440 1461 2480 spiritu
1482 2441 1587 2471 saneto
1607 2439 1775 2478 precantes.
1822 2436 1912 2467 Haec
1935 2436 2165 2475 perseverandi

1194 2482 1285 2518 ratio.
1319 2483 1345 2514 si
1370 2482 1432 2513 Dei
1456 2483 1575 2514 virtute
1598 2481 1748 2512 instructi
1771 2479 1881 2511 simus.
1927 2479 2016 2519 Ergo
2038 2480 2163 2519 quoties

1195 2526 1234 2557 de
1257 2525 1331 2556 fidei
1355 2526 1538 2557 constantia
1561 2524 1677 2564 agitur,
1709 2522 1748 2553 ad
1780 2531 1890 2561 preces
1913 2522 2166 2562 confugiendum

1196 2573 1253 2600 est.
1295 2568 1381 2607 Quia
1404 2574 1511 2599 autem
1535 2566 1754 2608 perfunctorie
1777 2564 1875 2604 vulgo
1897 2574 2037 2605 oramus,
2068 2565 2166 2603 addit,

1196 2611 1236 2642 In
1270 2611 1403 2652 spiritu:
1438 2621 1474 2642 ac
1505 2610 1532 2640 si
1561 2609 1690 2649 diceret,
1724 2608 1865 2639 Tantam
1896 2617 1966 2638 esse
1989 2607 2166 2648 pigritiam,

1196 2658 1387 2693 tantumque
1404 2654 1506 2693 frigus
1525 2652 1630 2683 carnis
1650 2655 1790 2690 nostrae,
1814 2656 1849 2681 ut.
1872 2650 1933 2681 rite
1956 2660 2049 2681 orare
2073 2660 2167 2681 nemo

1196 2701 1292 2737 queat
1315 2697 1377 2727 nisi
1401 2696 1514 2736 spiritu
1539 2694 1600 2726 Dei
1625 2694 1797 2726 excitatus:
1822 2693 1866 2724 sic
1890 2692 1929 2723 ad
1954 2692 2168 2724 diffidentiam

1913 2752 1947 2777 32
