2513 3126
135 179 198 211 369

136 288 234 319 quum
265 277 372 319 aliquo
405 276 638 310 misericordiae
666 275 728 306 Dei
757 284 855 306 sensu
886 274 982 306 fuerit
1008 285 1097 315 prae·

136 321 232 359 ditus,
255 330 328 352 eum
351 320 448 352 simul
471 320 509 351 de
531 318 703 350 mediatore
726 316 848 357 aliquid
872 321 982 349 tenere
1008 327 1099 357 opor-

137 363 209 395 tuit.
267 362 392 394 Verum
437 363 511 403 quia
546 359 686 393 occultas
724 364 756 390 et
793 360 944 392 mirificas
981 358 1097 402 agendi

137 406 279 438 rationes
313 404 410 437 habet
444 405 542 443 Deus,
574 401 699 434 omissis
732 412 814 442 quae
851 402 932 434 nihil
962 407 1099 444 prosunt

136 447 418 489 speculationibus,
442 450 567 478 tantum
590 444 719 485 planam
744 445 830 477 viam
853 445 976 484 salutis,
1001 455 1097 486 quam

137 491 230 523 nobis
252 490 399 527 ostendit,
424 493 599 520 teneamus.

223 575 272 607 13.
301 574 387 606 Haec
407 572 520 612 scripsi
541 572 625 604 vobis
645 572 834 605 credentibus
856 573 890 605 in
912 582 1019 605 nomen
1039 573 1102 613 filii

136 619 210 659 Dei,
238 620 272 650 ut
298 616 404 649 sciatis
432 615 512 655 quod
541 616 639 647 vitam
668 615 783 647 habetis
812 618 987 648 aeternam:
1020 618 1046 647 et
1068 618 1102 647 ut

134 661 267 694 credatis
297 659 331 690 in
366 667 476 689 nomen
508 658 570 698 filii
603 657 673 690 Dei.
731 658 781 689 14.
815 658 917 698 Atque
953 659 1027 691 haec
1058 659 1102 690 est

134 703 249 745 fiducia
269 711 361 741 quam
382 700 528 732 habemus
551 711 624 741 ergya
642 711 721 741 eum,
743 702 825 742 quod
840 702 869 732 si
885 702 961 741 quid
970 701 1099 741 petieri-

136 756 206 778 mus
233 743 398 776 seeundum
427 743 609 775 voluntatem
637 744 720 782 eius,
754 744 844 776 audit
871 754 934 776 nos.
988 744 1038 776 15.
1065 742 1102 775 Si

136 791 238 821 autem
265 786 406 818 novimus
435 786 515 826 quod
543 786 632 818 audit
657 796 726 827 nos,
761 797 856 826 quum
877 787 954 827 quid
973 787 1100 827 petieri-

135 840 220 863 mus.-
246 829 388 902 nogimus
416 829 495 869 quod
516 828 663 860 habemus
679 829 844 869 petitiones
866 839 945 870 quas
962 829 1101 870 postula-

137 882 238 905 vimus
259 882 278 903 a
319 881 360 903 eo.

221 957 270 988 13.
301 956 387 989 Haec
415 957 528 998 scripsi
558 956 651 989 vobis.

134 999 297 1041 profectus
319 1009 389 1031 esse
412 1005 552 1039 oportet:
578 1000 648 1031 ideo
671 1010 705 1031 se
728 1001 777 1040 iis,
801 1001 853 1040 qui
877 1000 940 1031 iam
964 1000 1103 1031 credide-

134 1046 220 1082 runt,
250 1041 389 1074 scribere
419 1042 505 1083 dicit,
537 1047 572 1074 ut
599 1042 725 1074 firmius
749 1053 785 1074 ac
809 1043 930 1075 certius
952 1042 1100 1074 credant:

134 1090 231 1125 atque
268 1086 313 1116 ita
352 1084 447 1125 plena
480 1085 566 1117 vitae
603 1090 754 1117 aeternae
790 1086 908 1117 fiducia
941 1084 1101 1117 fruantur.

134 1127 199 1160 Hic
222 1138 299 1169 ergo
327 1127 490 1159 doctrinae
520 1139 597 1159 usus
620 1133 677 1165 est,
709 1138 774 1159 non
799 1132 924 1159 tantum
948 1132 984 1159 ut
1006 1128 1103 1159 rudes

134 1171 239 1202 initiet
261 1171 296 1202 in
313 1170 452 1208 Christo,
476 1171 531 1202 sed
551 1176 586 1202 ut
602 1171 655 1211 qui
674 1171 737 1202 iam
757 1171 873 1202 eruditi
890 1175 976 1208 sunt,
999 1171 1102 1211 magis

134 1223 171 1245 ac
203 1214 305 1255 magis
336 1213 514 1245 confirmet.
564 1214 642 1245 Ideo
671 1224 729 1244 nos
759 1213 886 1245 assidue
916 1213 1102 1245 incumbere

134 1260 262 1297 oportet
289 1257 323 1287 in
353 1256 494 1287 studium
525 1256 682 1294 discendi,
718 1260 754 1288 ut
783 1257 862 1288 fides
894 1262 1004 1288 nostra.
1035 1261 1101 1287 toto

133 1300 220 1331 vitae
253 1308 350 1330 cursu
380 1303 541 1339 augescat.
593 1299 677 1331 Nam
707 1303 738 1330 et
768 1299 889 1330 multae
918 1298 1023 1330 adhuc
1052 1299 1101 1330 in-

133 1341 299 1373 fidelitatis
322 1341 478 1382 reliquiae
501 1342 533 1373 in
557 1342 649 1374 nobis
673 1348 858 1383 supersunt,
887 1346 919 1373 et
941 1341 1020 1373 adeo
1043 1342 1101 1372 im-

133 1384 248 1416 becilla
269 1388 318 1416 est
341 1389 450 1416 nostra
466 1385 554 1423 fides,
578 1388 614 1416 ut
629 1384 689 1417 hoc
708 1386 813 1425 ipsum
832 1384 916 1425 quod
932 1384 1101 1422 credimus,

134 1427 279 1459 nondum
302 1427 344 1458 sit
367 1427 468 1459 solide
490 1427 630 1467 credere,
656 1428 718 1459 nisi
741 1427 878 1468 amplior
900 1428 1103 1459 confirmatio

134 1470 273 1502 accedat.
312 1470 413 1501 Porro
435 1480 550 1511 operae
575 1471 714 1510 pretium
738 1475 786 1501 est
810 1475 922 1502 notare
941 1480 1102 1510 quaenam

134 1523 212 1545 vera
234 1513 275 1544 sit
296 1513 537 1545 confirmandae
560 1514 634 1545 fidei
665 1513 760 1545 ratio:
793 1523 909 1553 nempe
933 1513 1010 1544 dum
1032 1513 1102 1544 offi-

134 1555 218 1588 cium
242 1558 274 1587 et
299 1556 402 1587 virtus
422 1555 545 1587 Christi
569 1556 757 1597 explicatur.
795 1556 885 1587 Dicit
907 1556 992 1587 enim
1015 1565 1103 1596 apos-

135 1598 221 1630 tolus
254 1608 291 1629 se
324 1598 404 1630 haec
437 1599 617 1639 scripsisse:
661 1609 776 1639 nempe
809 1598 894 1639 quod
927 1609 993 1630 nou
1026 1598 1103 1629 alibi

135 1651 229 1681 quam
253 1641 287 1671 in
303 1641 436 1673 Christo
459 1641 642 1682 quaerenda
665 1642 706 1673 sit
724 1643 792 1673 vita
815 1647 965 1672 aeterna:
990 1643 1024 1673 ut
1048 1640 1102 1682 qui

134 1683 198 1715 iam
229 1683 340 1715 fideles
369 1688 456 1723 sunt,
486 1684 628 1722 credant,
660 1684 721 1716 hoc
751 1689 809 1724 est,
840 1685 1011 1724 proficiant
1034 1694 1101 1715 cre·

135 1726 251 1757 dendo.
296 1726 406 1765 Quare
438 1727 481 1767 pii
512 1727 649 1759 doctoris
672 1727 812 1758 officium
836 1732 894 1766 est,
925 1733 961 1758 ut
983 1727 1017 1758 in
1041 1726 1102 1758 fide

136 1768 309 1809 discipulos
325 1770 503 1807 confirmet,
519 1770 674 1802 extollere
687 1775 842 1810 quantum
859 1774 965 1811 potest
978 1769 1102 1801 Christi

135 1812 290 1851 gratiam:
320 1818 355 1843 ut
386 1823 423 1844 ea
453 1813 595 1844 contenti
626 1812 709 1844 nihil
739 1813 877 1853 amplius
902 1817 1101 1853 appetamus.

134 1854 231 1886 Hanc
249 1864 347 1895 quum
372 1855 545 1887 obscurent
568 1856 670 1887 modis
693 1855 841 1887 omnibus
865 1865 901 1887 ac
924 1859 1103 1887 extenuent

135 1897 297 1937 papistae:
330 1898 409 1929 satis
444 1898 504 1930 hoc
539 1909 603 1930 uno
637 1898 777 1938 produnt
811 1909 844 1930 se
878 1898 960 1929 nihil
995 1898 1102 1929 minus

135 1949 249 1971 curare
272 1950 368 1980 quam
391 1946 509 1972 rectam
529 1941 603 1972 fidei
623 1941 811 1973 doctrinam.
845 1940 915 1971 Imo
932 1941 991 1973 hac
1007 1951 1103 1973 causa

134 1982 238 2023 magis
269 1983 438 2024 fugiendae
467 1988 546 2015 sunt
579 1994 690 2016 eorum
713 1983 842 2015 scholae
871 1994 966 2023 quam
989 1993 1103 2014 omnes

135 2024 267 2066 Scyllae
289 2026 340 2057 vel
363 2026 568 2068 Charybdes:
600 2028 676 2067 quia
699 2027 755 2057 vix
786 2026 912 2067 ingredi
943 2027 1102 2067 quispiam

133 2077 188 2099 eas
218 2069 318 2108 possit
345 2069 414 2100 sine
444 2074 531 2101 certo
562 2069 635 2101 fidei
663 2069 839 2109 naufragio.
886 2069 988 2101 Docet
1011 2079 1101 2110 prae-

134 2115 222 2142 terea
252 2110 311 2143 hoc
341 2111 408 2143 loco
437 2113 611 2153 apostolus,
641 2112 810 2144 Christum
837 2122 907 2144 esse
936 2112 1101 2152 proprium

134 2153 207 2185 fidei
226 2163 374 2195 scopum:
398 2158 430 2186 et
444 2154 529 2194 fidei,
549 2165 645 2196 quam
662 2155 819 2186 habemus
837 2155 870 2186 in
886 2155 955 2186 eius
972 2166 1100 2193 nomen,

134 2206 293 2228 annexam
317 2207 387 2229 esse
409 2197 523 2229 salutis
550 2198 707 2230 fiduciam.
752 2197 817 2229 Hic
839 2197 924 2229 enim
948 2198 1101 2230 credendi

133 2239 217 2278 finis,
240 2245 276 2270 ut
298 2239 359 2271 Dei
384 2239 441 2271 filii
464 2241 564 2272 simus
587 2251 622 2272 ac
646 2240 810 2272 haeredes.

219 2282 269 2314 14.
299 2282 385 2314 Haec
407 2285 449 2314 est
469 2283 598 2322 fiducia.
639 2284 764 2320 Fidem,
788 2283 878 2315 cuius
902 2283 1058 2321 meminit,
1082 2293 1101 2314 a

134 2324 240 2356 fructu
269 2325 488 2357 commendat:
522 2326 575 2358 vol
602 2326 742 2358 ostendit
772 2326 806 2356 in
838 2335 900 2366 quo
930 2326 1100 2366 praecipue

134 2367 196 2398 sita
225 2368 267 2400 sit
296 2368 430 2400 fiducia:
465 2379 580 2409 nempe
610 2369 693 2409 quod
724 2369 768 2410 pii
797 2368 958 2409 intrepido
992 2369 1101 2400 animo

135 2408 241 2441 Deum
273 2411 423 2443 invocare
452 2411 588 2443 audent:
622 2412 717 2443 sicuti
748 2415 779 2442 et
810 2411 931 2442 Paulus
961 2411 1101 2452 loquitur

134 2451 174 2482 ad
204 2453 363 2493 Ephesios
392 2464 460 2494 cap.
485 2454 514 2492 3,
540 2454 590 2496 12,
623 2454 710 2495 quod
740 2454 802 2486 fide
832 2464 978 2485 accessus
1007 2454 1100 2485 nobis

134 2494 174 2525 ad
199 2494 303 2526 Deum
327 2500 415 2536 patet
437 2506 509 2528 cum
533 2497 659 2530 fiducia.
694 2497 737 2529 Et
760 2496 800 2528 ad
818 2497 983 2528 Romanos
1000 2497 1028 2536 8,
1049 2497 1099 2537 15,

134 2537 217 2577 quod
240 2538 373 2578 spiritus
395 2550 429 2571 os
456 2539 547 2571 nobis
570 2544 703 2581 reserat,
734 2546 768 2571 ut
791 2540 930 2572 clamare
953 2550 1017 2571 non
1041 2540 1099 2571 du·

134 2579 282 2619 bitemus‚
313 2581 414 2620 Abba,
445 2587 544 2622 pater.
590 2583 634 2614 Et
664 2593 740 2614 sane
767 2583 793 2615 si
825 2592 972 2615 arcemur
994 2593 1013 2614 a
1036 2581 1098 2613 Dei

134 2632 274 2662 accessu,
304 2623 385 2654 nihil
415 2625 505 2656 nobis
533 2625 689 2658 miserius.
736 2625 888 2665 Rursum,
919 2624 1015 2657 modo
1037 2624 1098 2657 hoc

236 2682 346 2709 Cabvimi
361 2689 454 2716 opera.
493 2683 551 2710 Vol.
568 2684 629 2711 LV.

697 957 782 997 Quia
805 957 1006 998 quotidianos
1027 956 1102 988 fidei

1029 178 1174 210 CAPUT
1199 178 1239 210 V.

2062 179 2127 211 370

1151 275 1242 306 nobis
1266 275 1391 316 asylum
1416 279 1532 316 pateat,
1558 275 1591 306 in
1615 275 1709 307 malis
1733 275 1883 307 omnibus
1907 275 2120 309 nihilominus

1150 318 1272 350 erimus
1294 318 1386 349 beati.
1432 318 1502 350 Imo
1527 318 1587 350 hoc
1609 328 1710 349 unum
1734 318 1840 350 felices
1865 318 1969 350 reddit
1993 323 2120 351 nostras

1151 370 1332 401 aerumnas,
1362 361 1447 400 quod
1478 366 1564 393 certo
1586 360 1760 392 statuimus
1785 361 1890 392 Deum
1915 361 1980 393 fore
2003 361 2120 393 libera·

1151 407 1267 441 torem,
1303 407 1334 434 et
1363 408 1496 442 paterno
1526 404 1594 435 eius
1622 413 1699 444 erga
1729 414 1787 434 nos
1819 413 1928 435 amore
1959 404 2046 440 freti,
2080 404 2121 436 ad

1151 445 1254 485 ipsum
1289 444 1500 485 confugimus.
1550 446 1732 478 Teneamus
1761 457 1837 487 ergo
1872 446 1956 478 hanc
1987 447 2121 487 apostoli

1153 487 1355 526 sententiam,
1375 488 1608 520 invocationem
1627 488 1697 528 Dei,
1716 499 1880 520 summum
1898 489 1970 521 fidei
1988 494 2119 520 nostrae

1153 539 1296 578 examen.
1312 540 1396 561 esse:
1423 530 1527 562 Deum
1551 536 1662 562 autem
1685 541 1751 562 nou
1775 532 1845 570 rite,
1870 542 1974 572 neque
1996 542 2037 563 ex
2057 531 2120 563 fide

1153 582 1308 613 invocari,
1332 572 1393 603 nisi
1418 583 1516 613 quum
1533 579 1618 605 certo
1642 574 1785 614 persuasi
1803 584 1916 605 sumus
1933 585 1997 606 non
2014 575 2122 606 irritas

1154 615 1221 646 fore
1255 616 1382 646 nostras
1411 626 1529 655 preces.
1576 616 1659 647 Nam
1690 616 1743 657 qui
1774 616 1921 656 suspensi
1951 617 2122 656 haesitant,

1154 667 1209 688 eos
1239 657 1357 689 fiducia
1391 658 1552 697 praeditos
1585 669 1654 690 esse
1684 663 1780 699 negat
1810 659 1981 699 apostolus.
2027 659 2123 691 Unde

1153 704 1287 740 apparet
1320 700 1480 740 sepultam
1514 712 1549 733 ac
1580 711 1677 741 prope
1711 701 1908 733 exstinctam
1942 711 2012 732 esse
2046 702 2121 733 fidei

1155 742 1334 774 doctrinam
1366 742 1398 773 in
1429 748 1557 782 papatu,
1594 744 1647 774 ubi
1679 744 1838 776 certitudo
1862 744 1966 775 omnis
1990 743 2121 775 tollitur.

1155 785 1277 816 Multas
1307 784 1437 825 quidem
1469 785 1533 817 illic
1564 796 1671 826 preces
1705 790 1924 826 murmurant,
1958 791 1990 818 et
2013 787 2052 818 de
2075 787 2124 817 in—

1156 827 1298 859 vocando
1321 827 1391 859 Deo
1415 827 1552 859 multum
1583 829 1749 869 garriunt:
1781 829 1837 861 sed
1861 828 1966 861 dubiis
1988 839 2025 861 ac
2047 830 2122 860 fluc-

1155 869 1321 902 tuantibus
1345 871 1462 902 animis
1484 875 1588 909 orant,
1613 882 1648 903 ac
1672 882 1763 903 orare
1786 872 1914 903 iubent:
1946 873 2011 903 imo
2035 872 2122 903 dam-

1156 917 1235 944 nant
1272 913 1356 944 hanc
1394 913 1560 952 fiduciam,
1601 923 1697 954 quam
1739 914 1903 955 apostolus
1943 915 2123 947 necessario

1155 955 1266 996 exigit.

1241 997 1415 1030 Secundum
1438 999 1631 1030 voluntatem.
1667 998 1737 1030 Hac
1761 999 1917 1039 particula
1938 999 2041 1031 obiter
2057 1010 2123 1031 mo-

1155 1051 1232 1072 nere
1270 1042 1373 1072 voluit
1413 1051 1571 1081 quaenam
1609 1051 1687 1072 vera
1724 1042 1766 1072 sit
1806 1042 1955 1081 precandi
1994 1042 2122 1083 regula:

1156 1094 1271 1125 nempe
1295 1083 1347 1115 ubi
1364 1086 1440 1116 vota
1463 1094 1522 1115 sua
1538 1084 1608 1116 Deo
1627 1083 1773 1115 homines
1789 1084 1975 1116 subiiciunt.
2009 1085 2124 1126 Neque

1155 1127 1242 1158 enim
1276 1137 1376 1167 quum
1412 1126 1574 1167 pollicitus
1612 1132 1660 1157 est
1694 1126 1853 1158 Dominus
1892 1128 2051 1159 facturum
2090 1137 2125 1159 se

1156 1169 1313 1210 quidquid
1336 1170 1385 1201 sui
1410 1170 1572 1210 petierint,
1597 1169 1769 1201 effraenem
1787 1170 1849 1201 illis
1872 1170 2035 1202 licentiam
2053 1181 2124 1212 per-

1156 1213 1242 1244 misit
1278 1212 1407 1253 petendi
1445 1212 1599 1253 quidquid
1634 1213 1665 1243 in
1700 1217 1841 1243 mentem
1879 1212 2028 1245 subierit:
2067 1213 2124 1244 sed

1155 1255 1253 1286 simul
1282 1255 1386 1296 legem
1417 1255 1479 1286 illis
1504 1255 1709 1296 praescripsit
1733 1255 1792 1286 rite
1815 1255 1936 1287 orandi.
1982 1256 2025 1286 Et
2048 1266 2125 1287 sane

1156 1298 1216 1329 hoc
1250 1297 1361 1329 fraeno
1393 1297 1474 1329 nihil
1505 1297 1596 1329 nobis
1627 1298 1754 1329 utilius:
1789 1298 1863 1338 quia
1893 1298 1920 1329 si
1950 1299 2125 1338 unicuique

1157 1345 1303 1372 nostrum
1328 1345 1437 1381 petere
1457 1341 1551 1372 liceat
1575 1340 1727 1381 quidquid
1752 1340 1838 1379 libet,
1871 1345 1903 1372 et
1927 1341 2016 1372 Deus
2041 1342 2124 1372 votis

1156 1383 1278 1415 nostris
1318 1383 1500 1424 indulgeat,
1538 1383 1674 1424 pessime
1709 1383 1801 1414 nobis
1837 1383 2020 1414 consultum
2055 1384 2125 1415 erit.

1157 1426 1240 1457 Nam
1260 1426 1338 1466 quid
1354 1426 1514 1467 expediat,
1538 1427 1711 1457 nescimus:
1734 1427 1798 1457 imo
1815 1430 1998 1457 aestuamus
2016 1426 2125 1465 pravis

1156 1479 1193 1501 ac
1224 1470 1330 1500 noxiis
1358 1469 1534 1501 desideriis.
1580 1469 1711 1509 Duplex
1735 1474 1842 1500 autem
1866 1468 2044 1500 remedium
2070 1469 2125 1500 ad-

1156 1512 1246 1543 hibet
1269 1511 1372 1549 Deus,
1408 1522 1448 1543 ne
1481 1512 1573 1543 aliter
1603 1522 1729 1543 oremus
1759 1522 1856 1552 quam
1886 1511 1926 1542 ad
1951 1511 2126 1543 voluntatis

1155 1565 1232 1587 suae
1256 1555 1511 1595 praescriptum:
1535 1554 1610 1595 quia
1633 1559 1663 1585 et
1686 1565 1725 1585 ex
1742 1554 1841 1585 verbo
1863 1564 1920 1585 suo
1943 1564 2002 1585 nos
2022 1554 2125 1592 docet,

1156 1597 1309 1638 quidnam
1333 1603 1442 1638 petere
1466 1608 1524 1629 nos
1547 1598 1638 1629 velit:
1666 1601 1697 1628 et
1719 1597 1869 1638 spiritum
1893 1607 1988 1628 suum
2012 1597 2126 1628 ducem

1157 1651 1193 1673 ac
1217 1641 1452 1672 moderatorem
1470 1640 1560 1672 nobis
1579 1640 1732 1681 praeficit,
1756 1640 1811 1680 qui
1829 1639 1975 1671 cohibeat
1992 1639 2127 1671 affectus

1157 1689 1294 1722 nostros,
1318 1694 1358 1714 ne
1382 1683 1494 1724 vagari
1517 1687 1610 1715 extra
1631 1688 1731 1714 metas
1755 1683 1848 1713 sinat.
1887 1682 1972 1713 Nam
1996 1682 2072 1722 quid
2096 1687 2128 1713 et

1156 1727 1296 1767 qualiter
1329 1730 1477 1766 oporteat
1509 1736 1615 1767 orare,
1653 1725 1813 1757 nescimus
1848 1724 1968 1766 (inquit
2002 1725 2128 1756 Paulus

1156 1769 1263 1811 [Rom.
1288 1769 1320 1807 8,
1352 1769 1431 1811 26]),
1469 1769 1524 1801 sed
1561 1769 1692 1809 spiritus
1729 1768 1969 1799 infirmitatibus
2006 1767 2126 1799 nostris

1155 1823 1247 1852 opem
1271 1813 1376 1844 ferens
1399 1812 1521 1843 excitat
1543 1812 1577 1843 in
1601 1812 1691 1843 nobis
1718 1811 1855 1852 gemitus
1878 1810 2124 1842 inenarrabiles.

1156 1855 1287 1886 Interea
1316 1865 1351 1886 os
1382 1865 1508 1895 quoque
1540 1854 1673 1886 Domini
1702 1853 1969 1894 interrogandum
1999 1855 2058 1892 est,
2089 1857 2126 1884 ut

1156 1908 1267 1939 preces
1302 1902 1430 1929 nostras
1465 1897 1594 1938 dirigat.
1646 1896 1729 1928 Nam
1761 1896 1851 1928 Deus
1884 1896 1918 1926 in
1952 1896 2018 1927 suis
2053 1905 2126 1936 pro-

1157 1940 1364 1972 missionibus
1396 1940 1574 1982 legitimam
1598 1939 1711 1971 orandi
1741 1939 1897 1970 rationem
1926 1938 1977 1979 (ut
2002 1938 2126 1970 dictum

1156 1983 1217 2025 est)
1241 1983 1332 2014 nobis
1356 1984 1478 2015 statuit.

1244 2026 1291 2057 15.
1312 2025 1349 2057 Si
1372 2028 1474 2058 autem
1496 2026 1646 2058 novimus.
1687 2024 1759 2056 Non
1782 2026 1831 2056 est
1854 2023 1905 2066 (ut
1926 2024 1962 2055 in
1985 2024 2124 2065 speciem

1156 2068 1296 2111 videtur)
1324 2070 1487 2110 superflua
1517 2069 1674 2109 repetitio.
1719 2067 1802 2098 Nam
1834 2067 1918 2108 quod
1948 2067 1981 2098 in
2005 2077 2125 2108 genere

1156 2112 1194 2143 de
1218 2112 1401 2143 orationum
1425 2121 1575 2143 successu
1599 2110 1820 2152 pronuntiavit
1841 2109 2015 2151 apostolus,
2039 2120 2125 2141 nunc

1154 2155 1337 2194 specialiter
1360 2154 1510 2193 affirmat,
1545 2154 1626 2185 nihil
1650 2154 1718 2193 pios
1743 2157 1854 2193 optare
1877 2152 1930 2184 vel
1954 2163 2083 2193 poscere
2106 2162 2126 2183 a.

1155 2197 1243 2237 Deo,
1280 2196 1365 2238 quod
1399 2207 1463 2228 non
1497 2198 1679 2238 impetrent.
1731 2195 1840 2234 Quum
1873 2200 1981 2227 autem
2016 2195 2125 2225 omnia

1155 2241 1300 2272 fidelium
1324 2244 1401 2272 vota
1430 2240 1578 2271 exaudiri
1610 2240 1693 2276 dicit,
1726 2238 1765 2269 de
1793 2238 1881 2269 sanis
1905 2237 2124 2277 modestisque

1155 2284 1239 2315 votis
1262 2283 1414 2323 loquitur,
1437 2287 1469 2314 et
1491 2293 1572 2323 quae
1595 2282 1634 2313 ad
1658 2280 1858 2312 obedientiae
1879 2280 2027 2321 regulam
2046 2281 2123 2311 sunt

1153 2326 1338 2366 composita.
1372 2325 1484 2366 Neque
1508 2327 1595 2356 enim
1618 2324 1698 2355 laxis
1721 2323 1857 2354 habenis
1880 2327 1978 2354 ruunt
2001 2322 2120 2361 fideles,

1154 2373 1210 2400 aut
1232 2368 1361 2409 quidvis
1384 2367 1444 2399 sibi
1466 2368 1654 2408 indulgent:
1689 2365 1744 2397 sed
1767 2366 1842 2406 quid
1867 2365 1998 2397 mandet
2021 2365 2122 2403 Deus,

1153 2421 1281 2452 semper
1303 2411 1336 2442 in
1361 2411 1427 2442 suis
1450 2412 1598 2452 precibus
1620 2409 1805 2450 respiciunt.
1842 2408 1901 2440 Est
1923 2408 2022 2448 igitur
2042 2407 2122 2439 haec

1153 2454 1314 2495 generalis
1345 2453 1510 2485 doctrinae
1541 2452 1710 2494 applicatio
1742 2451 1781 2482 ad
1805 2450 1976 2491 specialem
1999 2453 2032 2481 et
2056 2451 2122 2491 pri-

1154 2502 1266 2528 vatum
1296 2497 1450 2536 cuiusque
1480 2507 1590 2533 usum,
1626 2505 1665 2526 ne
1695 2494 1841 2525 dubitent
1871 2493 1982 2525 fideles
2014 2493 2122 2525 Deum

1152 2551 1186 2572 se
1210 2539 1242 2570 in
1267 2539 1415 2571 omnibus
1448 2549 1485 2572 ac
1515 2538 1650 2579 singulis
1675 2537 1756 2569 votis
1785 2536 1960 2577 propitium
1989 2536 2119 2576 habere,

1152 2587 1189 2613 ut
1212 2581 1331 2614 sedatis
1353 2582 1470 2614 animis
1493 2583 1679 2622 exspectent
1703 2579 1779 2610 dum
1799 2583 1940 2619 praestet
1959 2579 2121 2611 Dominus

1151 2635 1233 2666 quae
1270 2625 1391 2666 precati
1430 2629 1522 2657 sunt:
1562 2627 1657 2664 atque
1694 2623 1741 2653 ita
1778 2622 1866 2653 omui
1903 2622 2051 2654 molestia
2087 2625 2120 2653 et

1861 2680 1895 2707 24
