2513 3126
267 227 324 257 167

268 323 476 356 statuendum
509 327 556 352 est
586 329 651 350 non
689 318 783 350 aliter
813 328 909 358 quam
944 317 1009 349 fide
1043 317 1147 348 locum
1181 317 1243 348 Dei

269 366 406 399 bonitati
438 365 521 399 dari.
555 367 590 393 ut
621 372 656 393 se
683 371 760 402 erga
789 371 846 392 nos
875 367 1011 391 exserat.
1065 359 1243 399 Praecipue

268 408 449 442 notandum
488 412 534 436 est
573 405 755 436 membrum
795 403 894 444 illud,
933 403 986 434 ubi
1025 402 1143 434 dicitur
1182 402 1243 434 fide

269 453 403 492 adeptos
441 459 510 479 csse
545 448 783 487 promissiones.
839 446 983 477 Tametsi
1021 446 1105 476 enim
1143 456 1243 476 verax

269 499 379 527 manet
401 492 502 527 Deus,
526 491 652 522 etiamsi
677 500 789 521 omnes
808 490 911 520 simus
931 488 1104 520 increduli:
1128 488 1242 519 infide-

270 538 342 568 litas
375 541 482 565 tamen
515 540 626 565 nostra
654 534 727 564 facit
751 538 788 562 ut
810 532 1040 572 promissiones
1064 531 1155 562 nobis
1178 531 1244 562 sint

270 581 389 615 irritae,
415 577 475 607 hoc
498 584 556 612 est,
580 576 695 607 effectu
720 579 861 606 careant.

353 620 404 651 34.
430 619 561 651 Robusti
581 619 659 658 facti
674 621 748 649 sant
766 628 804 649 ωι-
821 617 1013 657 infirmitate.
1049 616 1242 657 Chrysosto-

268 675 340 696 mus
372 663 434 694 alio
468 666 583 693 relert:
619 672 733 700 nempe
765 660 849 700 quod
880 660 1002 691 reducti
1034 660 1100 691 sint
1131 658 1242 690 Iudaei

268 707 308 738 ab
339 706 463 741 exsilio,
495 705 527 735 in
562 715 624 744 quo
647 710 739 735 erant
764 704 857 743 quasi
881 702 1050 742 desperati.
1097 702 1181 734 Mihi
1205 702 1244 733 de

268 749 408 781 Ezecbia
440 748 500 779 hoc
525 748 624 787 accipi
650 757 714 778 non
739 746 897 786 displicet.
942 745 1147 786 Quamquam
1173 754 1243 785 pos-

267 802 375 824 semus
410 791 506 821 latius
540 789 730 821 extendere:
767 789 850 829 quod
882 787 1040 820 Dominus
1075 789 1107 819 in
1141 787 1242 818 altum

267 845 366 867 manu
391 844 448 865 sua
473 833 625 864 extulerit
650 836 791 872 sanctos,
814 831 942 872 quoties
966 831 1120 871 prostrati
1141 836 1242 867 erant,

267 887 426 918 opemque
451 876 563 907 tulerit
587 885 697 906 eorum
722 874 914 911 infirmitati,
946 880 980 905 ut
1011 874 1106 914 pleno
1129 873 1243 904 robore

265 922 424 961 vigerent.

355 1005 404 1036 35.
446 1003 636 1043 Receperunt
671 1003 818 1034 mulieres
855 1002 1076 1034 resurrectione
1108 1002 1244 1032 mortuos

268 1058 355 1080 suos:
387 1047 445 1079 alii
467 1057 537 1078 vero
560 1046 685 1077 distenti
706 1046 843 1086 fuerunt,
866 1055 926 1076 nort
949 1044 1087 1084 amplexi
1108 1043 1244 1082 redemp-

271 1093 390 1128 tionem,
407 1093 441 1121 ut
455 1089 612 1121 meliorem
626 1089 883 1120 resurrectionem
899 1088 1071 1120 obtinerent.
1107 1086 1156 1117 36.
1174 1085 1244 1116 Alii

270 1137 371 1166 autem
393 1132 531 1164 ludibria
556 1135 581 1163 et
601 1132 726 1172 flayella
749 1131 867 1171 experti
889 1133 976 1162 sunt.-
993 1132 1157 1170 praeterea
1180 1128 1245 1159 vin-

270 1177 338 1208 cula
373 1179 400 1207 et
434 1185 581 1207 carceres.
631 1175 682 1206 37.
713 1174 865 1214 Lapidali
894 1176 980 1212 sunt,
1013 1172 1137 1204 dissecti
1164 1173 1244 1207 sunt,

269 1220 377 1251 tentati
406 1221 488 1258 sunt,
519 1219 665 1250 occisione
692 1217 792 1258 yladii
820 1217 935 1247 mortui
957 1218 1037 1255 sunt,
1065 1214 1246 1245 oberrarunt

270 1263 304 1293 in
333 1261 470 1301 pellibus
500 1261 616 1300 wiltis,
650 1261 684 1291 in
713 1260 881 1301 tergoribus
910 1258 1065 1297 caprinis,
1099 1256 1245 1296 destituti,

270 1305 390 1345 afflicti,
421 1304 516 1335 malis
547 1303 662 1342 affecti:
707 1303 758 1333 38.
782 1302 895 1342 quibus
923 1301 1059 1332 mundus
1089 1309 1151 1331 non
1181 1301 1246 1330 erat

271 1348 398 1388 diynus:
420 1347 454 1377 in
477 1347 606 1378 desertis
628 1348 777 1383 errantes,
800 1346 833 1375 irz
852 1344 1012 1383 montibus,
1037 1346 1064 1374 et
1081 1342 1245 1383 speluncis,

271 1393 298 1422 et
321 1390 462 1422 cavernis
484 1392 600 1420 terrae:
634 1389 683 1420 39.
709 1388 752 1419 Et
774 1388 807 1418 Izi
831 1397 934 1418 onmes
955 1387 1162 1418 testimonium
1178 1394 1245 1415 corz-

271 1433 391 1472 sequuti
409 1442 468 1472 per
488 1432 588 1471 fidem,
618 1441 677 1462 non
700 1430 874 1470 consequuti
896 1433 968 1460 sunt
990 1428 1246 1468 promissionem.-

271 1476 323 1508 40.
347 1475 416 1506 Deo
439 1474 589 1514 quiddam
606 1485 667 1514 pro
691 1474 776 1505 »tobis
792 1473 983 1513 providente,
1013 1482 1049 1503 ne
1071 1472 1138 1503 sirie
1160 1470 1247 1502 nobis

267 1518 497 1558 perficerentur.

360 1603 410 1634 35.
437 1602 638 1642 Receperimt,
663 1604 714 1633 etc.
754 1601 867 1642 Nuper
890 1611 1058 1641 prosperos
1081 1610 1247 1632 successus

274 1647 436 1678 recensuit
461 1647 576 1685 quibus
599 1651 789 1676 muneratus
812 1650 860 1676 est
877 1644 967 1676 Deus
984 1654 1117 1675 suorum
1134 1642 1246 1674 fidem:

275 1700 362 1720 nunc
380 1689 542 1721 diversum
560 1693 789 1728 argumentum
808 1692 942 1719 tractat:
966 1697 1091 1726 nempe,
1110 1691 1246 1724 sanctos,

275 1742 373 1772 quum
397 1732 436 1762 ad
461 1739 623 1762 extremas
647 1740 789 1771 quasque
819 1731 963 1762 miserias
986 1729 1107 1761 redacti
1130 1735 1247 1768 essent,

275 1774 337 1805 fide
375 1779 484 1806 tamen
519 1774 676 1805 eluctatos
709 1784 796 1811 esse,
835 1777 871 1804 ut
905 1774 1001 1804 etiam
1036 1772 1076 1803 ad
1110 1778 1246 1802 mortem

276 1827 377 1857 usque
400 1817 511 1848 invicti
536 1817 747 1856 perstiterint.
792 1816 883 1847 Haec
906 1816 1035 1856 quidem
1067 1815 1170 1855 primo
1194 1813 1248 1845 ad·

278 1867 388 1900 spectu
423 1859 563 1891 multum
603 1860 689 1890 inter
723 1870 756 1890 se
789 1859 961 1890 differunt:
1000 1858 1083 1899 quod
1121 1857 1175 1888 alii
1210 1856 1249 1887 de

279 1904 373 1934 victis
404 1902 552 1934 hostibus
582 1902 755 1943 magnifice
785 1902 997 1942 triumphant,
1030 1901 1129 1932 variis
1152 1900 1248 1931 mira·

279 1946 358 1977 culis
391 1952 628 1977 conservantur
659 1955 678 1976 a
708 1944 866 1983 Domino,
900 1949 1060 1975 eruuntur
1093 1944 1185 1975 novis
1218 1946 1250 1973 et

280 1988 418 2018 insolitis
442 1988 544 2018 modis
567 1998 607 2018 ex
631 1987 737 2019 media
755 1994 875 2018 morte:
896 1987 949 2018 alii
966 1992 1073 2018 autem
1098 1986 1250 2027 probrose

280 2035 476 2068 tractantur,
510 2034 543 2061 et
576 2041 674 2070 prope
708 2035 932 2070 conspuuntur
966 2040 985 2061 a
1018 2034 1085 2060 toto
1121 2029 1251 2066 mundo,

281 2072 496 2103 conficiuntur
514 2073 630 2111 inopia,
655 2073 743 2103 exosi
766 2078 843 2104 sunt
861 2073 1019 2110 omnibus,
1043 2077 1079 2103 ut
1094 2077 1251 2112 cogantur

281 2116 314 2145 in
346 2114 486 2145 latebras
514 2116 655 2145 ferarum
687 2125 721 2145 se
752 2115 878 2154 abdere,
908 2116 1083 2146 trahuntur
1113 2114 1251 2153 denique

282 2157 321 2188 ad
346 2167 441 2188 saeva
460 2164 492 2188 et
508 2157 689 2188 truculenta
706 2158 872 2197 supplicia.
906 2158 989 2188 Nam
1008 2157 1041 2188 hi
1058 2157 1252 2197 posteriores

283 2200 428 2231 destituti
463 2210 594 2240 prorsus
626 2200 776 2230 videntur
807 2200 869 2231 Dei
903 2200 1039 2238 auxilio,
1075 2210 1173 2240 quum
1207 2199 1253 2229 ita

284 2253 336 2274 eos
359 2243 490 2282 exponit
513 2243 682 2282 superbiae
704 2248 735 2273 et
754 2242 936 2273 crudelitati
952 2243 1133 2282 impiorum.
1168 2241 1254 2273 Mul-

284 2291 350 2316 tum
375 2295 452 2326 ergo
470 2285 620 2316 videntur
643 2295 661 2316 a
684 2285 846 2325 prioribus
865 2285 995 2316 distare.
1030 2285 1129 2317 Fides
1146 2290 1252 2315 tamen

283 2328 314 2359 in
340 2329 485 2368 utrisque
515 2333 639 2368 regnat,
669 2334 701 2358 et
732 2328 764 2358 in
789 2328 934 2368 utrisque
957 2328 1091 2367 perinde
1114 2333 1163 2359 est
1186 2327 1253 2358 effi·

284 2381 358 2402 cax:
382 2371 445 2401 imo
464 2371 497 2401 in
521 2371 672 2401 secundis
695 2370 812 2401 melius
836 2372 884 2401 vis
907 2371 974 2401 eius
997 2371 1127 2402 relucet.
1170 2370 1253 2401 Nam

285 2414 317 2444 in
348 2414 462 2444 mortis
493 2419 679 2453 contemptu
711 2412 910 2453 splendidior
939 2419 988 2444 est
1011 2413 1084 2444 fidei
1108 2412 1254 2450 victoria,

286 2466 382 2495 quam
420 2457 445 2486 si
479 2458 548 2487 vita
588 2457 621 2486 in
660 2456 810 2496 quintum
845 2455 1008 2487 saeculum
1047 2460 1253 2496 propagetur.

285 2498 350 2529 Hic
373 2499 584 2538 praestantior
607 2504 657 2530 est
680 2498 754 2530 fidei
775 2498 918 2538 effectus,
942 2498 1121 2539 dignusque
1140 2498 1254 2528 maiori

287 2541 391 2578 laude,
415 2542 540 2580 probra,
572 2542 722 2581 inopiam,
753 2547 783 2572 et
807 2548 968 2572 extremas
991 2551 1163 2572 aerumnas
1185 2551 1256 2581 per-

288 2584 371 2614 ferre
394 2594 496 2624 aequo
519 2590 550 2614 et
572 2585 732 2615 constanti
756 2584 875 2620 animo,
905 2594 1001 2624 quam
1025 2584 1181 2615 miraculo
1204 2594 1255 2615 re-

287 2636 442 2666 cuperare
472 2627 659 2665 sanitatem,
690 2627 741 2658 vel
773 2626 901 2667 aliquod
932 2627 1036 2658 simile
1066 2625 1130 2657 Dei
1161 2626 1255 2657 bene-

286 2670 395 2700 ficium
409 2671 569 2710 consequi.
594 2669 731 2701 Summa
747 2674 805 2708 est,
821 2669 1043 2701 fortitudinem
1060 2674 1254 2707 sanctorum,

1153 220 1302 251 CAPUT
1332 219 1391 250 Xl.

2202 217 2262 249 168

1297 327 1378 357 quae
1400 317 1536 349 succulis
1558 316 1708 348 omnibus
1731 316 1858 355 enituit,
1883 315 1956 346 fidei
1975 324 2045 346 esse
2060 323 2155 354 opus:
2178 314 2263 354 quod

1296 361 1398 391 maior
1421 361 1464 391 sit
1488 366 1599 391 nostra
1629 359 1829 391 imbecillitas
1853 367 1951 398 quam
1975 363 2012 388 ut
2034 356 2129 388 malis
2151 366 2263 396 super-

1297 403 1389 434 andis
1411 404 1511 434 simus
1535 403 1648 439 idonei,
1677 402 1737 433 uisi
1761 411 1818 432 nos
1842 401 1919 432 fides
1942 400 2110 431 sustineat.
2155 399 2264 439 Atque

1298 445 1372 477 hino
1390 446 1584 486 colligimus,
1609 446 1790 486 quicunque
1815 454 1889 475 vere
1905 442 1976 473 Deo
1992 443 2108 479 fidunt,
2132 443 2264 480 virtute,

1297 498 1361 528 qua
1383 494 1518 529 oportet,
1542 489 1718 519 instructos
1741 497 1812 518 esse
1832 486 1869 518 ud
1888 485 2114 521 resistendum,
2138 484 2267 524 quibus-

1297 541 1423 571 cunque
1453 532 1537 571 ipsos
1568 531 1670 562 modis
1701 531 1836 571 impetat
1859 528 1978 560 Satan:
2011 538 2048 558 ae
2076 527 2265 568 praesertim

1298 574 1439 605 ferendis
1461 574 1555 605 malis
1579 583 1742 612 nunquam
1767 572 1858 604 nobis
1883 571 2070 611 patientiam
2095 570 2212 608 defore,
2239 570 2265 601 si

1298 617 1382 648 adsit
1412 616 1500 648 fides.
1546 616 1687 647 Proinde
1718 615 1918 646 infidelitatis
1948 623 2006 644 nos
2033 613 2181 644 convinci
2212 612 2266 644 ubi

1298 660 1328 690 in
1367 658 1672 700 persequutionibus
1709 664 1740 690 et
1777 668 1870 690 cruce
1908 656 2083 688 deficimus.
2142 655 2266 686 Eadem

1297 702 1384 733 enim
1417 702 1511 733 hodie
1542 706 1590 732 est
1613 701 1687 732 fidei
1710 705 1830 732 natura.
1852 710 1934 740 quae
1957 698 2033 730 olim
2059 699 2210 738 apparuit
2232 698 2266 728 in

1297 745 1416 776 sanctis
1451 744 1612 784 patribus,
1646 754 1725 783 quos
1756 744 1808 775 hic
1837 742 1998 783 apostolus
2028 744 2266 773 commemorat.

1297 787 1408 826 Quare
1442 787 1469 818 si
1503 796 1613 818 corum
1649 786 1851 817 imitaremur
1882 785 1990 823 fidem,
2025 794 2192 824 nunquam
2223 783 2268 814 ita

1297 831 1436 869 turpiter
1459 829 1498 860 ob
1522 829 1688 869 ignaviam
1711 829 1960 861 conoideremus.
1995 827 2033 858 In
2055 827 2152 858 verbo
2174 826 2268 867 ἐτυμ-

1296 872 1500 914 πανίσθησαν
1534 877 1688 911 sequutus
1722 882 1790 903 sum
1826 872 2016 902 Erasmum:
2050 871 2178 900 tametsi
2212 869 2267 899 alii

1298 917 1557 955 interpretantur
1583 920 1762 946 carceratos
1786 914 1892 945 fuisso.
1940 912 2004 945 Sed
2027 913 2088 944 hoc
2111 911 2196 953 (meo
2219 912 2266 942 iu—

1298 958 1393 997 dicio)
1424 957 1618 997 simplicius,
1654 957 1738 996 quod
1770 956 1915 988 distracti
1948 956 2083 993 fuerint,
2117 955 2267 995 quemad—

1298 1001 1429 1032 modum
1453 1003 1575 1032 corium
1600 1001 1630 1030 in
1655 1005 1811 1040 tympano
1828 998 2032 1029 distenditur.
2071 997 2166 1036 Quod
2191 998 2268 1028 dicit

1298 1044 1399 1075 fuisse
1423 1049 1577 1082 tentatos,
1601 1042 1728 1074 videtur
1751 1052 1819 1074 esse
1836 1041 2052 1081 superfluum:
2078 1050 2136 1071 nec
2157 1040 2269 1071 dubito

1298 1087 1374 1126 quin
1405 1085 1585 1118 similitudo
1613 1085 1749 1116 duarum
1774 1094 1887 1116 vocum
1910 1083 2109 1125 ἐπρίσθησαν
2133 1088 2164 1114 et
2186 1083 2268 1114 ἐπει-

1298 1128 1478 1171 ράσθησαν,
1510 1129 1541 1159 in
1572 1138 1668 1160 causa
1695 1129 1791 1159 fuerit
1813 1132 1849 1159 ut
1872 1128 2014 1158 secunda
2038 1126 2122 1157 male
2145 1125 2186 1156 ab
2208 1127 2268 1156 im-

1298 1173 1403 1213 perito
1434 1171 1582 1212 quopiam
1614 1170 1733 1202 lectore
1756 1170 1875 1207 addita,
1909 1169 2066 1210 paulatim
2090 1168 2270 1209 obrepserit

1299 1216 1331 1246 iu
1367 1220 1514 1247 textum:
1551 1214 1646 1245 sicuti
1684 1214 1780 1244 etiam
1819 1213 1977 1244 Erasmus
2015 1211 2148 1243 divinat.
2204 1211 2270 1242 Per

1299 1258 1415 1289 ovillas
1446 1264 1477 1289 et
1507 1258 1655 1297 caprinas
1684 1256 1794 1296 pelles,
1825 1266 1889 1286 non
1914 1261 1980 1286 tam
2005 1260 2083 1294 puto
2107 1253 2271 1295 designari

1299 1301 1439 1333 tentoria
1462 1311 1544 1341 quae
1567 1310 1607 1331 ex
1630 1298 1768 1339 pellibus
1789 1299 2050 1336 conficiebantur,
2074 1307 2168 1337 quam
2190 1296 2270 1328 viles

1298 1349 1330 1376 et
1370 1353 1503 1384 asperos
1542 1343 1670 1382 piorum
1704 1342 1855 1378 amictus,
1902 1341 2017 1381 quibus
2050 1339 2271 1370 induebantur

1298 1397 1397 1427 quum
1427 1387 1462 1417 in
1492 1385 1619 1417 deserta
1647 1385 1807 1426 fugerent.
1852 1383 1996 1415 Tametsi
2020 1387 2127 1414 autem
2151 1381 2272 1422 lapida—

1299 1433 1369 1461 tum
1399 1429 1497 1460 fuisse
1520 1428 1690 1459 Ieremiam
1722 1427 1864 1464 tradunt,
1893 1427 2024 1458 Esaiam
2053 1436 2132 1456 vero
2154 1424 2269 1456 dissec-

1299 1478 1379 1511 tum,
1403 1477 1434 1503 et
1453 1481 1544 1503 sacra
1562 1471 1696 1502 historia
1712 1475 1832 1508 narrat,
1852 1469 1967 1506 Eliam,
1993 1468 2158 1500 Elisaeum
2175 1474 2271 1507 atque

1298 1515 1378 1547 alios
1408 1514 1580 1555 prophetas
1605 1513 1638 1544 in
1662 1513 1825 1544 montibus
1848 1517 1880 1544 et
1902 1511 2066 1552 speluncis
2088 1510 2270 1541 oberrasse:

1299 1568 1364 1590 non
1393 1562 1501 1588 tamen
1534 1557 1644 1588 dubito
1672 1557 1750 1596 quin
1774 1565 1887 1587 saevas
1910 1554 1982 1585 illas
2005 1553 2272 1593 persequutiones

1300 1601 1455 1641 designet,
1479 1599 1595 1639 quibus
1618 1604 1784 1639 grassatus
1800 1602 1849 1629 est
1865 1596 2047 1629 Antiochus
2067 1596 2100 1627 in
2117 1595 2270 1637 populum

1299 1644 1373 1683 Dei,
1397 1649 1430 1675 et
1453 1653 1535 1683 quae
1558 1648 1669 1682 postea
1692 1646 1847 1681 sequutae
1869 1646 1955 1672 sunt.

1386 1686 1458 1717 Non
1481 1685 1618 1724 ampleoei
1635 1684 1883 1723 redemptionem.
1918 1681 2095 1723 Aptissima
2114 1681 2270 1721 loquitur:

1301 1730 1432 1761 brevem
1470 1728 1556 1759 enim
1595 1727 1693 1758 huius
1728 1727 1814 1758 vitae
1852 1735 1984 1757 usuram
2022 1735 2075 1756 eos
2111 1724 2272 1755 redimere

1300 1772 1503 1813 oportuisset,
1535 1770 1643 1801 Deum
1676 1769 1874 1810 abnegando.
1919 1768 2052 1799 Fuisset
2078 1772 2187 1799 autem
2211 1767 2272 1798 hoc

1302 1815 1398 1846 nimis
1421 1814 1590 1854 indignum
1610 1813 1761 1853 pretium.
1797 1812 1886 1853 Ergo
1902 1817 1938 1842 ut
1953 1816 2110 1852 perpetuo
2126 1811 2158 1841 in
2175 1809 2273 1842 coelis

1302 1859 1466 1893 viverent,
1505 1857 1606 1887 vitam
1640 1856 1674 1886 in
1708 1859 1795 1886 terra
1833 1854 2046 1895 repudiarunt
2078 1864 2159 1894 quae
2191 1853 2274 1884 tanti

1303 1901 1366 1932 illis
1397 1900 1609 1931 constitisset:
1644 1909 1760 1938 nempe
1791 1897 2003 1938 abnegatione
2026 1896 2100 1936 Dei,
2129 1901 2167 1927 ut
2190 1896 2272 1927 dixi-

1303 1954 1384 1980 mus,
1408 1953 1549 1983 suaeque
1565 1942 1743 1973 vocationis
1763 1940 1951 1973 desertione.
1986 1940 2149 1971 Audimus
2165 1945 2274 1970 autem

1304 1987 1379 2027 quid
1417 1986 1567 2017 Christus
1605 1984 1707 2016 dicat:
1748 1984 1776 2015 si
1813 1984 1939 2014 animas
1976 1988 2106 2014 nostras
2143 1991 2275 2013 servare

1304 2029 1452 2069 cupimus
1475 2029 1510 2060 in
1533 2028 1592 2059 hoc
1616 2026 1748 2066 mundo,
1772 2037 1830 2058 nos
1853 2027 1887 2057 in
1910 2030 2102 2066 perpetuum
2126 2035 2180 2056 eas
2205 2034 2275 2064 per-

1305 2072 1390 2103 dere.
1430 2070 1573 2102 Proinde
1595 2071 1622 2101 si
1645 2080 1743 2101 verus
1765 2068 1894 2101 futurae
1916 2068 2162 2099 resurrectionis
2185 2077 2275 2098 amor

1305 2115 1412 2146 sedem
1443 2115 1476 2145 in
1507 2112 1656 2145 cordibus
1685 2113 1804 2144 nostris
1833 2117 1982 2152 occupat:
2016 2111 2111 2142 facile
2144 2120 2204 2142 nos
2234 2109 2274 2141 ad

1306 2157 1418 2188 mortis
1452 2161 1674 2196 contemptum
1708 2155 1853 2187 adducet.
1906 2154 1951 2185 Et
1979 2164 2058 2185 sane
2087 2164 2152 2184 non
2181 2153 2276 2184 aliter

1308 2199 1482 2231 vivendum
1514 2201 1563 2231 est
1592 2208 1687 2238 quam
1712 2203 1747 2228 ut
1771 2198 1841 2228 Deo
1864 2197 2029 2229 vivamus:
2061 2196 2156 2227 simul
2180 2202 2276 2235 atque

1307 2242 1377 2273 Deo
1400 2243 1513 2273 vivere
1536 2252 1600 2273 non
1629 2240 1714 2279 licet,
1744 2240 1882 2271 libenter
1905 2245 1960 2271 aut
1983 2250 2047 2271 non
2071 2249 2167 2279 aegre
2188 2248 2275 2269 mors

1307 2286 1398 2316 nobis
1420 2284 1602 2326 oppetenda
1624 2288 1683 2315 est.
1717 2283 1820 2314 Porro
1843 2282 1904 2314 hac
1926 2282 2089 2313 sententia
2104 2281 2276 2312 confirmat

1307 2328 1470 2368 apostolus
1501 2327 1586 2368 quod
1617 2325 1708 2365 dixit,
1741 2330 1868 2357 sanctos
1891 2324 1954 2356 fide
1977 2334 2148 2364 superasse
2167 2323 2276 2354 omnia

1308 2376 1483 2402 tormenta:
1517 2370 1580 2401 nisi
1609 2370 1694 2400 enim
1725 2378 1782 2408 spe
1811 2368 1923 2399 beatae
1954 2366 2201 2398 resurrectionis
2224 2376 2274 2397 re-

1309 2414 1388 2444 tenti
1413 2414 1550 2445 fuissent
1572 2422 1685 2443 eorum
1709 2411 1818 2448 animi,
1843 2410 1952 2442 statim
1976 2409 2110 2449 collapsi
2128 2409 2276 2440 fuissent.

1308 2456 1395 2488 Hinc
1418 2462 1585 2496 praeterea
1606 2454 1786 2494 colligenda
1808 2456 1857 2485 est
1880 2452 1970 2484 utilis
1992 2453 2186 2490 exhortatio,
2213 2462 2277 2492 qua

1308 2509 1366 2530 nos
1389 2500 1424 2530 in
1456 2499 1553 2530 rebus
1575 2497 1720 2529 adversis
1742 2497 1937 2527 muniamus.
1982 2495 2095 2535 Neque
2118 2495 2204 2526 enim
2228 2504 2276 2525 re-

1309 2541 1486 2573 cusandum
1521 2545 1569 2572 est
1602 2544 1638 2571 ut
1668 2539 1829 2570 Dominus
1863 2543 1910 2569 tot
1941 2539 2061 2569 sanctis
2091 2537 2276 2568 hominibus

1309 2595 1367 2615 nos
1390 2588 1555 2625 aggreget,
1584 2592 1663 2623 quos
1692 2583 1811 2614 scimus
1834 2586 1881 2612 tot
1904 2581 2043 2612 miseriis
2064 2581 2164 2612 fuisse
2188 2590 2277 2611 exer-

1309 2627 1422 2658 citatos
1445 2632 1477 2658 et
1501 2632 1644 2659 vexatos·
1678 2625 1790 2665 Neque
1809 2634 1886 2656 vero
1909 2624 1961 2655 hic
1984 2623 2077 2655 nobis
2099 2632 2276 2663 paucorum

1309 2669 1477 2701 hominum
1512 2670 1659 2700 miseriae
1694 2672 1882 2705 narrantur,
1920 2666 1974 2698 sed
2009 2676 2196 2698 communes
2228 2674 2277 2696 eo-
