2513 3126
266 190 322 220 107

263 286 344 317 nihil
365 286 444 317 satis
463 294 509 316 cst
534 285 668 315 curiosis
694 283 885 319 hominibus,
907 282 1044 322 argutiis
1069 284 1229 322 praesenti

263 329 407 359 instituto
438 339 498 359 non
533 325 785 365 congruentibus
815 335 923 356 ausam
954 326 1118 364 apostolus
1142 336 1231 365 prac-

261 371 346 407 cidit,
372 382 410 401 no.
429 370 550 409 longior
567 368 680 399 hurum
706 378 813 399 rorum
839 368 987 398 tractatio
1009 367 1099 398 filum
1122 367 1229 408 dispu-

263 413 392 444 tationis
429 413 608 450 abrumpat.
666 410 777 449 Quare
813 410 1040 450 intempestive
1075 410 1170 441 faciet
1203 411 1229 443 si

262 457 331 495 quis
367 456 416 485 liic
446 457 630 493 contemptu
660 453 796 493 apostoli
828 452 1062 488 admonitione.
1098 463 1230 493 scrupu-

264 499 359 529 losius
392 498 591 527 immoretur.
638 497 732 527 Esset
762 496 908 526 fortassis
938 495 1013 526 alibi
1044 495 1140 533 locus,
1173 496 1228 528 sed

263 552 346 570 nunc
380 539 482 570 satius
516 546 563 570 est
598 540 762 570 intendero
797 538 837 568 ad
867 548 997 569 causam
1028 548 1121 577 quam
1151 539 1227 578 agit.

262 582 402 613 Tametsi
439 581 523 613 ultra
559 582 678 612 iustum
716 580 845 611 niodum
876 581 1096 621 philosophari
1130 580 1227 622 (quod

261 624 407 655 nonnulli
432 624 565 664 faciunt)
590 635 651 654 non
678 623 791 655 inutile
814 624 915 660 modo,
944 623 998 654 sod
1023 623 1120 654 ctiam
1145 624 1228 664 peri-

261 667 406 698 culosum
439 673 497 698 cst.
543 666 710 706 Quaedam
739 673 816 697 sunt
837 677 900 697 non
924 667 1068 701 obscura,
1100 671 1131 696 ct
1154 672 1229 706 apta

259 710 297 740 ad
332 709 406 741 fidoi
440 710 713 741 aedificationem:
754 709 808 739 sed
849 709 992 740 delectus
1028 708 1228 740 adhibendus

259 757 307 783 est
338 762 375 784 ac
404 753 570 787 sobrietas,
607 762 645 782 no
676 751 746 791 plus
779 761 891 792 sapere
921 756 1109 791 appetamus
1133 762 1227 791 quam

261 795 404 826 revelare
431 796 566 826 Domino
590 795 719 834 placuit.

345 881 373 911 6.
398 880 461 911 IIis
476 889 542 909 vcro
558 879 602 910 sic
620 880 807 919 compositis,
830 880 864 911 in
883 880 976 920 prius
998 879 1228 911 tabernaculum

258 933 377 963 semper
413 922 629 962 inyrediuntur
662 923 830 954 sacerdotes
863 923 917 962 qui
945 933 1037 954 sacra
1062 925 1227 963 perayunt.

260 966 288 996 7.
313 967 356 996 At
386 966 418 996 in
450 965 617 995 secundum
647 966 739 997 semel
773 966 938 1006 quotannis
967 965 1051 996 solus
1076 965 1227 1006 pontifex,

258 1018 320 1039 non
335 1009 401 1039 sinc
415 1008 567 1048 sanquine
582 1017 669 1047 quem
687 1010 773 1048 offert
789 1018 850 1048 pro
872 1009 939 1039 suis
962 1011 989 1039 et
1006 1008 1119 1047 populi
1140 1009 1226 1048 iyno-

258 1051 391 1082 rantiis:
443 1050 472 1081 8.
506 1049 558 1081 hoc
591 1050 767 1082 declarante
800 1051 916 1090 spiritu
943 1053 1061 1088 sancto,
1093 1051 1228 1083 nondum

258 1094 488 1133 manifestatam
502 1102 566 1124 csse
581 1096 754 1125 sanctorum
770 1095 862 1129 viam,
886 1096 984 1125 stante
1005 1093 1105 1126 adhuc
1122 1094 1228 1133 priore

258 1136 461 1167 tabernaculo.
517 1136 546 1167 9.
585 1136 668 1175 Quae
704 1137 873 1168 similitudo
909 1139 976 1168 erat
1012 1137 1046 1167 in
1078 1146 1229 1176 praesens

257 1181 387 1219 tempus,
412 1188 472 1218 quo
495 1179 578 1210 dona
600 1181 626 1210 et
649 1179 764 1211 hostiae
787 1180 957 1219 offeruntur
979 1189 1056 1219 quae
1079 1189 1141 1211 non
1154 1189 1227 1219 pos-

259 1224 329 1252 sunt
377 1221 544 1254 secundum
583 1223 794 1253 conscientiam
834 1221 1027 1261 sanctificare
1067 1222 1228 1254 cultorem:

260 1264 305 1296 10.
331 1265 432 1296 solnm
455 1265 489 1295 in
510 1264 587 1296 cibis
610 1267 637 1295 ct
652 1265 787 1304 potibus,
812 1267 839 1295 et
860 1265 994 1296 diversis
1011 1264 1227 1305 ablutionibus,

258 1310 283 1338 ct
316 1307 612 1347 sanctificationibus
644 1308 750 1338 carnis
778 1318 874 1347 usquc
901 1308 942 1339 ad
971 1310 1090 1347 tempus
1117 1317 1226 1339 correc-

258 1350 350 1381 tionis
389 1350 542 1390 imposita.
601 1350 649 1381 11.
687 1350 829 1382 Christus
869 1353 971 1382 autem
1010 1351 1229 1390 superveniens

253 1393 395 1432 pontifex
420 1393 598 1432 futurorum
627 1393 780 1430 bonorum,
807 1403 868 1433 per
894 1394 996 1425 maius
1019 1396 1045 1424 ct
1060 1393 1229 1433 perfectius

258 1435 491 1467 tabernaculum
523 1445 584 1467 non
615 1436 845 1476 manufactum,
885 1436 938 1468 hoc
971 1439 1015 1468 est
1044 1446 1105 1468 non
1137 1435 1230 1467 huius

258 1479 430 1517 creationis,
465 1478 515 1510 12.
539 1489 634 1518 neque
650 1488 709 1518 per
726 1480 909 1519 sanquinem
927 1479 1082 1511 hircorum
1104 1481 1131 1510 et
1153 1478 1228 1509 vitu·

258 1520 368 1561 lorum,
391 1521 445 1553 sed
461 1531 520 1560 per
537 1522 705 1561 proprium
726 1523 909 1563 sanquinem
931 1522 1062 1553 intravit
1083 1521 1176 1553 semel
1197 1522 1229 1553 in

259 1566 377 1604 sancta,
401 1566 523 1595 aeterna
545 1565 750 1604 redemptione
770 1565 905 1596 inventa.

345 1650 373 1680 6.
405 1649 468 1681 His
497 1660 567 1681 vero
597 1650 642 1682 sic
670 1651 855 1690 compositis.
901 1650 984 1682 Aliis
1014 1651 1140 1682 omissis
1168 1650 1228 1681 sibi

260 1693 465 1723 tractandum
482 1692 581 1723 sumit
598 1692 636 1723 de
654 1703 716 1733 quo
740 1694 883 1724 maxima
905 1693 1127 1725 controversia
1149 1698 1227 1724 erat.

260 1735 350 1766 Dicit
373 1734 565 1772 sacerdotes,
590 1735 643 1775 qui
667 1736 823 1767 sacrificia
840 1741 1008 1777 peragunt,
1031 1735 1172 1776 quotidie
1195 1736 1228 1766 in

259 1779 348 1818 prius
382 1777 628 1809 tabernaculum
663 1778 787 1818 ingredi
822 1779 944 1810 solitos:
983 1784 1016 1810 at
1049 1779 1082 1809 in
1117 1782 1229 1810 sancta

258 1822 442 1852 sanctorum
472 1821 645 1861 quotannis
676 1831 838 1852 summum
869 1822 1056 1862 pontificem
1084 1831 1155 1853 cum
1179 1831 1228 1852 so-

259 1863 346 1894 lenni
377 1863 533 1895 sacrificio
564 1863 701 1904 ingredi.
756 1864 843 1895 Hinc
873 1865 1004 1905 colligit,
1039 1867 1146 1895 stante
1176 1864 1230 1894 illo

260 1906 529 1938 tabernaculo
553 1906 648 1947 legali
664 1907 883 1938 sanctuarium
903 1907 1009 1939 adhuc
1027 1907 1125 1938 fuisse
1146 1906 1230 1938 clau-

259 1959 347 1979 sum:
381 1959 440 1980 nec
473 1949 568 1980 aliter
598 1959 693 1989 quam
724 1949 779 1980 illo
810 1960 921 1981 everso
955 1950 1043 1981 viam
1073 1949 1163 1981 nobis
1197 1950 1231 1980 in

259 2001 395 2031 reguum
412 1992 473 2022 Dei
493 1997 637 2031 apertam
662 1992 769 2024 fuisse.
805 1992 962 2024 Videmus
978 1998 1013 2023 ut
1036 1993 1104 2033 ipsa
1128 1993 1230 2023 taber-

260 2033 366 2063 naculi
391 2033 507 2065 veteris
524 2034 626 2064 forma
642 2034 778 2066 Iudaeos
801 2036 963 2066 monuerit
986 2036 1049 2067 alio
1066 2035 1231 2075 adspiran-

261 2075 337 2106 dum
373 2086 451 2107 esse.
504 2075 612 2107 Stulte
647 2087 723 2117 ergo
754 2078 875 2109 faciunt
905 2078 959 2118 qui
989 2079 1120 2109 umbras
1152 2077 1230 2117 legis

260 2117 430 2149 retinendo
469 2123 583 2159 sponte
615 2118 676 2150 sibi
706 2119 832 2151 obviam
860 2120 1042 2152 obstruunt.
1098 2119 1231 2161 Πρώτην

261 2161 383 2202 σκηνὴν
415 2161 477 2192 alio
509 2171 606 2192 sensu
639 2160 690 2192 hic
719 2163 827 2202 posuit
857 2173 953 2203 quam
984 2174 1099 2204 nuper.
1147 2163 1231 2194 Nam

262 2204 350 2243 prius
374 2203 577 2244 significabat
600 2205 820 2236 sanctuarium
844 2215 1022 2244 commune,
1046 2217 1133 2238 nunc
1158 2216 1232 2236 vero

262 2251 362 2277 totum
381 2246 579 2278 tabernaculi
600 2257 724 2286 corpus.
756 2246 939 2287 Opponitur
963 2249 1049 2279 enim
1073 2248 1232 2289 spirituali

262 2290 448 2320 sanctuario
475 2289 610 2326 Christi,
642 2289 731 2320 cuius
763 2291 871 2321 statim
901 2292 1096 2323 mentionem
1128 2291 1231 2322 faciet.

263 2331 438 2362 Contendit
454 2332 535 2363 illud
553 2332 732 2363 concidisse
756 2337 865 2363 nostro
889 2343 1013 2364 summo
1038 2334 1132 2365 bono:
1157 2334 1232 2373 quia

261 2385 318 2414 per
341 2375 409 2406 eius
432 2375 561 2406 ruinam
587 2380 707 2406 stratus
738 2375 829 2406 nobis
852 2375 913 2406 fuit
936 2376 974 2406 ad
999 2376 1105 2408 Deum
1129 2377 1232 2417 magis

261 2417 429 2448 familiaris
453 2427 608 2449 accessus.

348 2460 375 2490 7.
406 2460 470 2491 Pro
501 2461 570 2492 suis
599 2462 626 2491 et
653 2460 763 2500 populi
793 2461 988 2502 ignorantiis.
1034 2461 1143 2500 Quum
1174 2467 1231 2493 :law

263 2501 422 2534 Hebraeis
446 2513 554 2534 errare
584 2503 753 2544 significet,
782 2503 856 2534 inde
886 2514 1005 2535 nomen
1028 2505 1109 2537 mm?
1137 2504 1234 2535 dedu-

263 2548 357 2584 cunt,
390 2545 473 2585 quod
507 2546 637 2587 proprie
671 2556 811 2578 errorem
846 2547 993 2578 denotat:
1033 2546 1088 2578 sed
1123 2551 1232 2577 tamen

264 2587 458 2628 generaliter
489 2598 547 2628 pro
577 2589 690 2629 quovis
719 2593 849 2629 peccato
878 2590 1026 2620 sumitur.
1073 2589 1117 2621 Et
1147 2594 1233 2621 certe

264 2640 431 2670 nunquam
462 2641 630 2670 peccamus
660 2632 721 2663 nisi
745 2632 887 2664 Satanae
916 2631 1074 2664 illecebris
1098 2632 1231 2673 decepti.

1002 187 1140 218 EPIST.
1166 187 1228 218 AD
1254 186 1500 218 111⁴:l3ltA1tOs'

2195 186 2254 219 108

1284 283 1469 323 &implicem
1494 283 1622 322 quidem
1646 282 1697 324 (ut
1721 284 1849 324 vocant)
1874 283 2088 324 ignorantiam
2115 294 2179 315 non
2203 286 2252 317 in-

1284 326 1399 366 telligit
1423 325 1599 365 apostolus,
1623 327 1698 366 quin
1723 327 1828 366 potius
1853 326 2036 357 voluntaria
2059 327 2156 358 etiam
2181 337 2250 367 pcc-

1283 374 1355 400 cata
1385 368 1632 408 comprehendit
1663 368 1723 400 hoc
1753 369 1900 400 nomine:
1932 369 1986 400 sed
2011 368 2062 410 (ut
2084 370 2146 400 iam
2171 370 2251 412 dixi)

1284 411 1407 442 nullum
1444 420 1585 450 unquam
1620 417 1782 451 peccatum
1816 422 1923 442 errore
1955 417 2056 443 vacat.
2103 412 2183 444 Nam
2216 419 2251 444 ut

1283 454 1423 485 maxime
1453 454 1558 485 sciens
1587 464 1624 485 ae
1654 454 1765 486 volens
1796 455 1868 494 quis
1893 460 2010 494 peccet,
2045 462 2251 487 excaecatum

1283 500 1388 527 tamen
1418 506 1474 526 sua
1504 496 1679 535 cupiditate
1708 507 1776 528 esse
1799 503 1924 536 oportet
1948 507 1988 527 ne
2012 503 2097 529 recte
2121 498 2250 536 iudicet,

1283 540 1346 570 imo
1379 544 1413 569 ut
1444 549 1478 569 se
1508 548 1544 569 ac
1571 539 1673 570 Deum
1704 539 1920 571 obliviscatur.
1966 539 2139 580 Nunquam
2164 542 2249 572 enim

1281 582 1425 612 consulto
1459 582 1490 612 in
1526 591 1622 612 suum
1656 582 1790 613 exitium
1826 587 1956 613 ruerent
1990 582 2153 619 homines,
2189 584 2250 615 nisi

1281 625 1425 655 satanae
1459 623 1593 656 fallaciis
1622 624 1768 665 impliciti
1802 635 1820 656 a
1850 628 1937 657 recto
1971 625 2088 657 iudicio
2122 626 2251 658 aberra-

1283 672 1364 698 rent.

1367 710 1395 740 9.
1424 710 1508 749 Quae
1530 709 1704 741 similitudo
1726 713 1800 749 erat,
1829 713 1880 742 etc.
1926 710 2051 742 Graece
2079 716 2127 742 est
2150 721 2252 752 παρα-

1281 752 1375 794 βολὴ;
1409 751 1493 791 quod
1524 762 1641 783 nomen
1668 753 1726 790 hic,
1760 753 1979 790 meoiudicio,
2015 759 2140 784 tantum
2166 755 2252 785 valet

1282 807 1318 827 ac
1342 797 1367 826 si
1392 795 1526 826 dixisset
1548 794 1727 827 ἀντίτυπον.
1769 795 1930 836 Intelligit
1953 797 2037 827 onim
2063 797 2252 829 tabernacu-

1283 838 1349 869 lum
1367 838 1455 874 illud,
1479 837 1705 869 secundarium
1730 839 1827 870 fuisse
1850 839 2014 878 exemplar
2037 839 2121 879 quod
2146 840 2251 879 primo

1282 881 1484 920 respondeat.
1523 880 1576 912 Sic
1592 881 1678 912 enim
1702 881 1841 913 conferri
1864 881 1959 912 debet
1982 882 2122 913 hominis
2144 883 2251 923 imago

1282 934 1354 954 cum
1378 924 1446 964 ipso
1472 923 1609 963 homine,
1645 928 1680 954 ut
1703 923 1758 954 illa
1780 930 1952 963 conspecta
1975 928 2099 956 mentes
2123 931 2252 956 nostrae

1282 966 1427 1006 protinus
1446 966 1484 996 ad
1510 966 1597 997 huuc
1621 976 1654 997 se
1677 966 1828 997 referant.
1866 966 2039 998 Praeterea
2062 967 2139 998 dicit
2161 967 2251 999 illam

1281 1008 1523 1041 similitudinem
1566 1009 1662 1040 fuisse
1696 1009 1729 1039 in
1765 1015 1894 1048 tempus
1928 1019 2094 1048 praesens,
2136 1021 2251 1051 nempe

1281 1052 1433 1092 quamdiu
1463 1052 1591 1092 vigebat
1622 1056 1757 1082 externa
1784 1051 1976 1087 observatio,
2006 1057 2042 1082 ut
2065 1053 2133 1083 cius
2158 1063 2250 1084 usum

1281 1105 1318 1125 ac
1353 1094 1556 1126 durationem
1595 1094 1773 1134 restringat
1801 1094 1841 1124 ad
1871 1099 2008 1125 aetatem
2032 1094 2120 1134 legis.
2167 1095 2251 1126 Nam

1281 1137 1365 1169 idem
1384 1138 1468 1168 valet
1484 1143 1580 1177 atque
1596 1136 1679 1177 quod
1700 1137 1788 1168 addit
1811 1136 1907 1177 paulo
1931 1142 2009 1176 post,
2034 1138 2252 1169 caeremonias

1280 1190 1392 1212 omnes
1409 1180 1576 1220 impositas
1591 1180 1689 1211 fuisse
1708 1190 1810 1220 usque
1826 1179 1865 1210 ad
1882 1183 2010 1220 tempus
2033 1181 2251 1212 correctionis.

1282 1224 1348 1254 Nec
1380 1223 1485 1254 obstat
1515 1222 1599 1263 quod
1631 1228 1765 1262 usurpat
1796 1231 1949 1262 praesens
1978 1229 2115 1262 tempus,
2151 1233 2252 1263 quum

1282 1266 1358 1297 dicit
1381 1266 1525 1296 offerri
1550 1265 1727 1296 hostias:
1752 1275 1827 1296 nam
1851 1265 1926 1305 quia
1949 1264 1995 1296 illi
2018 1266 2183 1306 negotium
2202 1271 2252 1298 est

1281 1319 1352 1341 cum
1375 1308 1513 1346 Iudaeis,
1538 1318 1594 1348 per
1617 1308 1856 1340 concessionem
1880 1307 2031 1348 loquitur,
2054 1309 2144 1348 quasi
2168 1319 2253 1340 unus

1282 1357 1367 1383 esset
1397 1362 1435 1382 ex
1467 1361 1576 1382 eorum
1610 1361 1744 1381 numero
1767 1351 1823 1391 qui
1846 1351 2036 1382 sacrificant.
2083 1350 2193 1382 Dona
2221 1356 2253 1382 et

1282 1394 1443 1426 hostiae
1467 1394 1551 1424 inter
1574 1404 1608 1424 se
1632 1393 1786 1424 differunt
1808 1398 1844 1425 ut
1867 1404 1970 1434 genus
1992 1396 2023 1424 et
2047 1394 2179 1434 species.

1370 1436 1542 1468 Secundum
1578 1436 1794 1468 conscientiam
1830 1435 2034 1475 sanctificare.
2090 1436 2161 1468 Hoc
2192 1440 2251 1474 est,

1283 1490 1364 1520 quae
1395 1490 1456 1510 non
1489 1484 1662 1520 penetrant
1684 1479 1718 1510 in
1742 1479 1866 1510 animas
1890 1485 1925 1509 ut
1948 1489 2060 1510 veram
2084 1479 2253 1510 conferant

1282 1523 1498 1554 sanctitatem.
1545 1521 1609 1553 Alii
1640 1521 1753 1562 legunt
1783 1522 1949 1561 perficere:
1981 1521 2065 1562 quod
2096 1532 2154 1562 ego
2185 1532 2252 1553 non

1283 1565 1405 1596 reiicio:
1439 1564 1670 1597 sanctificandi
1701 1569 1810 1595 tamen
1841 1564 1976 1595 verbum
2007 1565 2172 1596 contextui
2196 1574 2251 1605 ap-

1283 1609 1347 1639 tius
1381 1607 1459 1639 mihi
1495 1608 1599 1639 visum
1634 1612 1691 1639 est.
1745 1607 1845 1638 Porro
1877 1612 1913 1638 ut
1944 1607 2080 1647 apostoli
2110 1612 2252 1638 mentem

1283 1651 1398 1682 melius
1414 1654 1546 1681 teneant
1568 1650 1716 1688 lectores,
1738 1650 1881 1681 notanda
1902 1655 1950 1680 est
1974 1650 2144 1681 antithesis
2167 1651 2253 1681 inter

1282 1704 1412 1726 carnem
1436 1697 1468 1724 et
1492 1693 1731 1725 conscientiam.
1778 1692 1951 1724 Sacrificiis
1974 1692 2130 1733 legalibus
2154 1696 2253 1734 negat

1283 1736 1495 1777 spiritualiter
1537 1736 1586 1767 vel
1626 1736 1714 1767 intus
1746 1735 1897 1766 mundari
1931 1736 2072 1776 potuisse
2103 1735 2251 1767 cultores

1283 1780 1430 1811 Rationis
1460 1779 1529 1811 vice
1552 1778 1691 1816 additur,
1722 1778 1795 1819 quia
1817 1778 1864 1808 illi
1888 1788 2001 1809 omnes
2034 1779 2117 1810 ritus
2146 1778 2253 1810 carnis

1284 1823 1411 1860 fuerint,
1450 1822 1500 1852 vel
1538 1822 1693 1853 carnales.
1749 1820 1836 1860 Quid
1873 1831 1950 1862 ergo
1987 1820 2152 1852 residuum
2189 1821 2253 1852 illis

1285 1865 1380 1897 facit?
1437 1864 1545 1904 Vulgo
1578 1864 1783 1905 intelligunt,
1825 1863 1935 1894 utilem
1971 1863 2133 1895 duntaxat
2166 1864 2253 1895 inter

1285 1908 1430 1939 homines
1472 1908 1570 1939 fuisse
1611 1907 1838 1948 paedagogiam
1877 1917 1958 1947 quae
2003 1907 2172 1938 honestate
2216 1916 2252 1937 ac

1285 1950 1398 1982 decoro
1423 1951 1567 1982 serviret.
1614 1949 1680 1981 Sed
1703 1950 1756 1989 qui
1786 1949 1831 1980 ita
1861 1950 2015 1987 sentiunt,
2046 1960 2109 1981 nou
2134 1960 2253 1990 expen-

1286 1994 1366 2024 dunt
1389 1993 1466 2024 satis
1490 2003 1547 2033 pro
1569 1993 1685 2024 merito
1709 1991 1834 2023 additas
1857 1992 2096 2032 promissiones.
2142 1992 2253 2031 Quare

1286 2036 1346 2068 hoc
1369 2041 1588 2067 commentum
1613 2045 1743 2075 prorsus
1767 2034 1999 2075 repudiandum
2023 2040 2080 2066 est.
2121 2035 2165 2066 Et
2183 2045 2253 2075 per-

1285 2089 1394 2119 peram
1429 2089 1465 2110 ac
1500 2078 1649 2119 imperite
1682 2078 1924 2109 iustificationes
1957 2078 2064 2109 carnis
2095 2078 2252 2117 interpre-

1286 2127 1403 2160 tantur,
1427 2131 1509 2161 quae
1526 2131 1639 2161 corpus
1655 2122 1781 2151 tantum
1799 2125 1940 2161 purgant
1958 2120 2009 2151 vel
2033 2120 2250 2152 sanctificant:

1285 2175 1382 2204 quum
1421 2164 1584 2205 apostolus
1620 2163 1680 2194 hac
1719 2173 1796 2194 voce
1832 2168 1962 2194 terrena
1999 2173 2068 2194 esse
2106 2162 2253 2203 symbola

1285 2207 1444 2248 intelligat
1475 2217 1555 2247 quae
1585 2206 1624 2238 ad
1654 2205 1796 2237 animam
1826 2216 1926 2246 usque
1955 2216 2020 2237 non
2047 2205 2250 2245 perveniunt.

1286 2249 1368 2280 Nam
1408 2254 1571 2290 utcunque
1607 2258 1686 2280 vera
1723 2247 1845 2279 fuerint
1878 2248 2037 2288 perfectae
2071 2248 2273 2282 sanctitatis,

1286 2293 1477 2330 testimonia,
1511 2302 1583 2324 eam
1616 2293 1724 2322 tamen
1756 2291 1889 2322 minime
1916 2291 1950 2321 in
1981 2300 2016 2321 se
2044 2291 2252 2322 continebant

1286 2335 1337 2365 vel
1371 2335 1515 2367 conferre
1549 2338 1697 2376 poterant
1732 2333 1926 2364 hominibus.
1978 2332 2132 2372 Oportuit
2164 2334 2252 2364 enim

1287 2378 1404 2410 talibus
1427 2377 1633 2409 adminiculis
1656 2375 1767 2407 fideles
1790 2375 1829 2406 ad
1854 2375 2021 2407 Christum
2044 2386 2142 2407 mauu
2166 2376 2250 2413 duci,

1287 2426 1321 2451 ut
1337 2420 1376 2452 ab
1400 2431 1437 2452 eo
1462 2425 1609 2460 peterent
1625 2418 1707 2460 quod
1726 2418 1880 2459 symbolis
1899 2418 2018 2449 deerat.
2056 2418 2092 2450 Si
2117 2424 2252 2459 quaerat

1286 2464 1454 2504 quispiam,
1485 2474 1543 2495 cur
1573 2468 1640 2494 tam
1672 2471 1784 2502 parum
1812 2461 1988 2493 honorifice
2011 2466 2043 2493 et
2065 2461 2157 2502 quasi
2177 2472 2251 2493 con-

1287 2507 1431 2546 temptim
1450 2506 1489 2537 de
1510 2504 1720 2538 sacramentis
1744 2503 1899 2534 divinitus
1922 2503 2081 2535 institutis
2104 2504 2253 2544 loquatur

1286 2549 1457 2590 apostolus,
1488 2549 1617 2589 vimque
1646 2556 1755 2579 eorum
1786 2549 1955 2578 extenuet:
1988 2547 2018 2577 id
2043 2547 2079 2578 fit
2102 2547 2251 2587 quoniam

1287 2602 1324 2623 ea
1346 2603 1364 2623 a
1387 2591 1518 2623 Christo
1546 2595 1684 2632 separat.
1731 2588 1857 2621 Scimus
1884 2594 1992 2621 autem
2017 2600 2114 2630 quum
2139 2600 2195 2630 per
2218 2600 2252 2621 se

1258 2635 1508 2673 ‘aestimantun
1550 2643 1652 2674 egena
1692 2642 1761 2665 esse
1794 2631 1905 2663 mundi
1940 2632 2113 2670 elementa,
2156 2632 2253 2664 sicuti
