<?xml version="1.0" encoding="UTF-8"?>
<!DOCTYPE html PUBLIC "-//W3C//DTD XHTML 1.0 Transitional//EN"
    "http://www.w3.org/TR/xhtml1/DTD/xhtml1-transitional.dtd">
<html xmlns="http://www.w3.org/1999/xhtml" xml:lang="en" lang="en">
 <head>
  <title>
</title>
<meta http-equiv="Content-Type" content="text/html;charset=utf-8" />
  <meta name='ocr-system' content='tesseract 3.04.00' />
  <meta name='ocr-capabilities' content='ocr_page ocr_carea ocr_par ocr_line ocrx_word'/>
</head>
<body>
  <div class='ocr_page' id='page_1' title='image "./ioanniscalviniop55calv_0149.png"; bbox 0 0 2513 3126; ppageno 0'>
   <div class='ocr_carea' id='block_1_1' title="bbox 207 156 268 189">
    <p class='ocr_par' dir='ltr' id='par_1_1' title="bbox 207 156 268 189">
     <span class='ocr_line' id='line_1_1' title="bbox 207 156 268 189; baseline 0 -1"><span class='ocrx_word' id='word_1_1' title='bbox 207 156 268 189; x_wconf 78' lang='lat'>261</span> 
     </span>
    </p>
   </div>
   <div class='ocr_carea' id='block_1_2' title="bbox 203 255 1204 2417">
    <p class='ocr_par' dir='ltr' id='par_1_2' title="bbox 203 255 1204 2417">
     <span class='ocr_line' id='line_1_2' title="bbox 207 255 1170 298; baseline -0.003 -8"><span class='ocrx_word' id='word_1_2' title='bbox 207 257 328 290; x_wconf 79' lang='lat' dir='ltr'>&#39;nendos</span> <span class='ocrx_word' id='word_1_3' title='bbox 352 258 495 298; x_wconf 67' lang='lat' dir='ltr'>optimus</span> <span class='ocrx_word' id='word_1_4' title='bbox 523 257 587 289; x_wconf 89' lang='lat' dir='ltr'>erit</span> <span class='ocrx_word' id='word_1_5' title='bbox 608 256 801 296; x_wconf 87' lang='lat' dir='ltr'>remedium,</span> <span class='ocrx_word' id='word_1_6' title='bbox 830 257 858 289; x_wconf 89' lang='lat' dir='ltr'>si</span> <span class='ocrx_word' id='word_1_7' title='bbox 889 255 1079 289; x_wconf 85' lang='lat' dir='ltr'>immodicos</span> <span class='ocrx_word' id='word_1_8' title='bbox 1102 259 1170 288; x_wconf 85' lang='lat' dir='ltr'>ter·</span> 
     </span>
     <span class='ocr_line' id='line_1_3' title="bbox 205 300 1170 339; baseline -0.003 -6"><span class='ocrx_word' id='word_1_9' title='bbox 205 311 307 339; x_wconf 86' lang='lat' dir='ltr'>rores,</span> <span class='ocrx_word' id='word_1_10' title='bbox 340 301 442 332; x_wconf 86' lang='lat' dir='ltr'>divini</span> <span class='ocrx_word' id='word_1_11' title='bbox 474 312 491 332; x_wconf 94' lang='lat' dir='ltr'>a</span> <span class='ocrx_word' id='word_1_12' title='bbox 519 300 566 333; x_wconf 91' lang='lat' dir='ltr'>ilii</span> <span class='ocrx_word' id='word_1_13' title='bbox 590 300 708 333; x_wconf 79' lang='lat' dir='ltr'>fiducia</span> <span class='ocrx_word' id='word_1_14' title='bbox 738 300 921 333; x_wconf 90' lang='lat' dir='ltr'>vicerimus.</span> <span class='ocrx_word' id='word_1_15' title='bbox 969 300 1072 332; x_wconf 88' lang='lat' dir='ltr'>Porro</span> <span class='ocrx_word' id='word_1_16' title='bbox 1103 309 1170 330; x_wconf 88' lang='lat' dir='ltr'>non</span> 
     </span>
     <span class='ocr_line' id='line_1_4' title="bbox 208 342 1170 385; baseline -0.003 -9"><span class='ocrx_word' id='word_1_17' title='bbox 208 344 341 376; x_wconf 89' lang='lat' dir='ltr'>dubium</span> <span class='ocrx_word' id='word_1_18' title='bbox 366 351 415 376; x_wconf 90' lang='lat' dir='ltr'>est</span> <span class='ocrx_word' id='word_1_19' title='bbox 448 356 487 385; x_wconf 77' lang='lat' dir='ltr'>qu</span> <span class='ocrx_word' id='word_1_20' title='bbox 527 344 672 376; x_wconf 87' lang='lat' dir='ltr'>alludere</span> <span class='ocrx_word' id='word_1_21' title='bbox 696 344 815 377; x_wconf 87' lang='lat' dir='ltr'>Petrus</span> <span class='ocrx_word' id='word_1_22' title='bbox 845 343 886 375; x_wconf 87' lang='lat' dir='ltr'>ad</span> <span class='ocrx_word' id='word_1_23' title='bbox 916 344 1022 376; x_wconf 91' lang='lat' dir='ltr'>locum</span> <span class='ocrx_word' id='word_1_24' title='bbox 1045 342 1170 374; x_wconf 84' lang='lat' dir='ltr'>Iesaiae</span> 
     </span>
     <span class='ocr_line' id='line_1_5' title="bbox 208 385 1170 429; baseline -0.003 -10"><span class='ocrx_word' id='word_1_25' title='bbox 208 388 358 425; x_wconf 86' lang='lat' dir='ltr'>voluerit,</span> <span class='ocrx_word' id='word_1_26' title='bbox 394 389 446 428; x_wconf 86' lang='lat' dir='ltr'>qui</span> <span class='ocrx_word' id='word_1_27' title='bbox 478 388 494 419; x_wconf 83' lang='lat' dir='ltr'>l:</span> <span class='ocrx_word' id='word_1_28' title='bbox 513 394 593 419; x_wconf 87' lang='lat' dir='ltr'>·etur</span> <span class='ocrx_word' id='word_1_29' title='bbox 620 398 691 429; x_wconf 83' lang='lat' dir='ltr'>cap.</span> <span class='ocrx_word' id='word_1_30' title='bbox 719 387 749 420; x_wconf 88' lang='lat'>8.</span> <span class='ocrx_word' id='word_1_31' title='bbox 805 387 891 419; x_wconf 90' lang='lat' dir='ltr'>Nam</span> <span class='ocrx_word' id='word_1_32' title='bbox 926 397 1028 428; x_wconf 90' lang='lat' dir='ltr'>quum</span> <span class='ocrx_word' id='word_1_33' title='bbox 1057 385 1170 417; x_wconf 89' lang='lat' dir='ltr'>Iudaei</span> 
     </span>
     <span class='ocr_line' id='line_1_6' title="bbox 207 428 1170 472; baseline -0.004 -9"><span class='ocrx_word' id='word_1_34' title='bbox 207 431 364 463; x_wconf 87' lang='lat' dir='ltr'>adversus</span> <span class='ocrx_word' id='word_1_35' title='bbox 389 432 449 463; x_wconf 76' lang='lat' dir='ltr'>Dei</span> <span class='ocrx_word' id='word_1_36' title='bbox 475 442 492 472; x_wconf 89' lang='lat' dir='ltr'>p</span> <span class='ocrx_word' id='word_1_37' title='bbox 514 431 705 463; x_wconf 82' lang='lat' dir='ltr'>bibitionem</span> <span class='ocrx_word' id='word_1_38' title='bbox 735 431 878 472; x_wconf 78' lang='lat' dir='ltr'>profanis</span> <span class='ocrx_word' id='word_1_39' title='bbox 909 429 1023 461; x_wconf 89' lang='lat' dir='ltr'>mundi</span> <span class='ocrx_word' id='word_1_40' title='bbox 1053 428 1170 469; x_wconf 90' lang='lat' dir='ltr'>opibus</span> 
     </span>
     <span class='ocr_line' id='line_1_7' title="bbox 209 471 1171 515; baseline -0.004 -9"><span class='ocrx_word' id='word_1_41' title='bbox 209 475 340 507; x_wconf 88' lang='lat' dir='ltr'>munire</span> <span class='ocrx_word' id='word_1_42' title='bbox 369 485 403 507; x_wconf 85' lang='lat' dir='ltr'>se</span> <span class='ocrx_word' id='word_1_43' title='bbox 435 485 494 515; x_wconf 82' lang='lat' dir='ltr'>app</span> <span class='ocrx_word' id='word_1_44' title='bbox 511 480 618 513; x_wconf 87' lang='lat' dir='ltr'>erent,</span> <span class='ocrx_word' id='word_1_45' title='bbox 653 474 850 515; x_wconf 87' lang='lat' dir='ltr'>prophetam</span> <span class='ocrx_word' id='word_1_46' title='bbox 881 483 980 505; x_wconf 88' lang='lat' dir='ltr'>suum</span> <span class='ocrx_word' id='word_1_47' title='bbox 1015 471 1171 503; x_wconf 83' lang='lat' dir='ltr'><strong>admonet</strong></span> 
     </span>
     <span class='ocr_line' id='line_1_8' title="bbox 209 515 1169 558; baseline -0.004 -8"><span class='ocrx_word' id='word_1_48' title='bbox 209 517 311 558; x_wconf 88' lang='lat' dir='ltr'>Deus,</span> <span class='ocrx_word' id='word_1_49' title='bbox 350 529 389 550; x_wconf 92' lang='lat' dir='ltr'>ne</span> <span class='ocrx_word' id='word_1_50' title='bbox 424 519 492 549; x_wconf 71' lang='lat' dir='ltr'>illex</span> <span class='ocrx_word' id='word_1_51' title='bbox 512 528 531 549; x_wconf 89' lang='lat' dir='ltr'>n</span> <span class='ocrx_word' id='word_1_52' title='bbox 566 517 717 558; x_wconf 88' lang='lat' dir='ltr'>exemplo</span> <span class='ocrx_word' id='word_1_53' title='bbox 753 516 902 558; x_wconf 80' lang='lat' dir='ltr'>trepidet.</span> <span class='ocrx_word' id='word_1_54' title='bbox 960 515 1169 555; x_wconf 79' lang='lat' dir='ltr'><strong>Quamquam</strong></span> 
     </span>
     <span class='ocr_line' id='line_1_9' title="bbox 209 559 1198 593; baseline -0.005 0"><span class='ocrx_word' id='word_1_55' title='bbox 209 561 329 593; x_wconf 88' lang='lat' dir='ltr'>Petrus</span> <span class='ocrx_word' id='word_1_56' title='bbox 353 563 477 593; x_wconf 72' lang='lat' dir='ltr'>timoris</span> <span class='ocrx_word' id='word_1_57' title='bbox 512 571 596 592; x_wconf 87' lang='lat' dir='ltr'>›men</span> <span class='ocrx_word' id='word_1_58' title='bbox 624 561 755 593; x_wconf 86' lang='lat' dir='ltr'>videtur</span> <span class='ocrx_word' id='word_1_59' title='bbox 777 561 811 592; x_wconf 94' lang='lat' dir='ltr'>in</span> <span class='ocrx_word' id='word_1_60' title='bbox 835 559 1004 592; x_wconf 86' lang='lat' dir='ltr'>diversum</span> <span class='ocrx_word' id='word_1_61' title='bbox 1036 568 1168 590; x_wconf 91' lang='lat' dir='ltr'>sensum</span> <span class='ocrx_word' id='word_1_62' title='bbox 1196 577 1198 589; x_wconf 75' lang='lat'>‚</span> 
     </span>
     <span class='ocr_line' id='line_1_10' title="bbox 208 601 1168 645; baseline -0.005 -9"><span class='ocrx_word' id='word_1_63' title='bbox 208 605 349 637; x_wconf 87' lang='lat' dir='ltr'>trahere.</span> <span class='ocrx_word' id='word_1_64' title='bbox 402 604 492 637; x_wconf 69' lang='lat' dir='ltr'>Pessi</span> <span class='ocrx_word' id='word_1_65' title='bbox 544 605 631 636; x_wconf 89' lang='lat' dir='ltr'>enim</span> <span class='ocrx_word' id='word_1_66' title='bbox 666 604 826 645; x_wconf 75' lang='lat' dir='ltr'>accipitur</span> <span class='ocrx_word' id='word_1_67' title='bbox 856 613 875 634; x_wconf 91' lang='lat' dir='ltr'>a</span> <span class='ocrx_word' id='word_1_68' title='bbox 909 602 1080 643; x_wconf 89' lang='lat' dir='ltr'>propheta,</span> <span class='ocrx_word' id='word_1_69' title='bbox 1115 601 1168 641; x_wconf 91' lang='lat' dir='ltr'>qui</span> 
     </span>
     <span class='ocr_line' id='line_1_11' title="bbox 207 644 1169 688; baseline -0.005 -8"><span class='ocrx_word' id='word_1_70' title='bbox 207 648 367 688; x_wconf 90' lang='lat' dir='ltr'>populum</span> <span class='ocrx_word' id='word_1_71' title='bbox 402 649 489 680; x_wconf 80' lang='lat' dir='ltr'>inere</span> <span class='ocrx_word' id='word_1_72' title='bbox 516 648 618 680; x_wconf 90' lang='lat' dir='ltr'>litatis</span> <span class='ocrx_word' id='word_1_73' title='bbox 651 647 722 679; x_wconf 89' lang='lat' dir='ltr'>ideo</span> <span class='ocrx_word' id='word_1_74' title='bbox 757 650 905 686; x_wconf 84' lang='lat' dir='ltr'>accusat,</span> <span class='ocrx_word' id='word_1_75' title='bbox 944 644 1029 685; x_wconf 90' lang='lat' dir='ltr'>qnod</span> <span class='ocrx_word' id='word_1_76' title='bbox 1069 654 1169 684; x_wconf 91' lang='lat' dir='ltr'>quum</span> 
     </span>
     <span class='ocr_line' id='line_1_12' title="bbox 208 687 1169 729; baseline -0.005 -7"><span class='ocrx_word' id='word_1_77' title='bbox 208 691 332 723; x_wconf 89' lang='lat' dir='ltr'>auxilio</span> <span class='ocrx_word' id='word_1_78' title='bbox 354 691 417 723; x_wconf 87' lang='lat' dir='ltr'>Dei</span> <span class='ocrx_word' id='word_1_79' title='bbox 442 693 487 723; x_wconf 70' lang='lat' dir='ltr'>fre</span> <span class='ocrx_word' id='word_1_80' title='bbox 510 703 528 728; x_wconf 78' lang='lat'>3,</span> <span class='ocrx_word' id='word_1_81' title='bbox 554 690 679 722; x_wconf 82' lang='lat' dir='ltr'>fortiter</span> <span class='ocrx_word' id='word_1_82' title='bbox 701 689 836 721; x_wconf 81' lang='lat' dir='ltr'>deberet</span> <span class='ocrx_word' id='word_1_83' title='bbox 858 687 1004 729; x_wconf 86' lang='lat' dir='ltr'>pericula</span> <span class='ocrx_word' id='word_1_84' title='bbox 1027 693 1169 719; x_wconf 89' lang='lat' dir='ltr'>contem-</span> 
     </span>
     <span class='ocr_line' id='line_1_13' title="bbox 209 729 1170 773; baseline -0.006 -7"><span class='ocrx_word' id='word_1_85' title='bbox 209 745 297 773; x_wconf 88' lang='lat' dir='ltr'>nere,</span> <span class='ocrx_word' id='word_1_86' title='bbox 329 741 416 766; x_wconf 88' lang='lat' dir='ltr'>metu</span> <span class='ocrx_word' id='word_1_87' title='bbox 441 736 485 766; x_wconf 69' lang='lat' dir='ltr'>sic</span> <span class='ocrx_word' id='word_1_88' title='bbox 514 739 673 765; x_wconf 86' lang='lat' dir='ltr'>restratus</span> <span class='ocrx_word' id='word_1_89' title='bbox 702 738 735 764; x_wconf 91' lang='lat' dir='ltr'>et</span> <span class='ocrx_word' id='word_1_90' title='bbox 759 732 880 764; x_wconf 85' lang='lat' dir='ltr'>fractus</span> <span class='ocrx_word' id='word_1_91' title='bbox 903 735 983 771; x_wconf 86' lang='lat' dir='ltr'>erat,</span> <span class='ocrx_word' id='word_1_92' title='bbox 1015 734 1051 762; x_wconf 89' lang='lat' dir='ltr'>ut</span> <span class='ocrx_word' id='word_1_93' title='bbox 1074 729 1170 761; x_wconf 92' lang='lat' dir='ltr'>undi-</span> 
     </span>
     <span class='ocr_line' id='line_1_14' title="bbox 208 772 1170 819; baseline -0.006 -10"><span class='ocrx_word' id='word_1_94' title='bbox 208 788 270 819; x_wconf 92' lang='lat' dir='ltr'>que</span> <span class='ocrx_word' id='word_1_95' title='bbox 297 777 411 809; x_wconf 88' lang='lat' dir='ltr'>illicita</span> <span class='ocrx_word' id='word_1_96' title='bbox 436 778 490 808; x_wconf 75' lang='lat' dir='ltr'>sut</span> <span class='ocrx_word' id='word_1_97' title='bbox 511 776 558 808; x_wconf 80' lang='lat' dir='ltr'>iia</span> <span class='ocrx_word' id='word_1_98' title='bbox 580 780 768 807; x_wconf 87' lang='lat' dir='ltr'>accerseret.</span> <span class='ocrx_word' id='word_1_99' title='bbox 807 774 910 815; x_wconf 88' lang='lat' dir='ltr'>Atqui</span> <span class='ocrx_word' id='word_1_100' title='bbox 930 774 1051 805; x_wconf 90' lang='lat' dir='ltr'>Petrus</span> <span class='ocrx_word' id='word_1_101' title='bbox 1075 772 1170 804; x_wconf 90' lang='lat' dir='ltr'>aliter</span> 
     </span>
     <span class='ocr_line' id='line_1_15' title="bbox 208 817 1170 859; baseline -0.006 -6"><span class='ocrx_word' id='word_1_102' title='bbox 208 822 359 853; x_wconf 89' lang='lat' dir='ltr'>timorem</span> <span class='ocrx_word' id='word_1_103' title='bbox 384 821 485 859; x_wconf 84' lang='lat' dir='ltr'>accipi</span> <span class='ocrx_word' id='word_1_104' title='bbox 520 829 638 859; x_wconf 87' lang='lat' dir='ltr'>nempe</span> <span class='ocrx_word' id='word_1_105' title='bbox 671 829 730 859; x_wconf 90' lang='lat' dir='ltr'>pro</span> <span class='ocrx_word' id='word_1_106' title='bbox 765 817 948 855; x_wconf 84' lang='lat' dir='ltr'>formidine,</span> <span class='ocrx_word' id='word_1_107' title='bbox 982 827 1080 857; x_wconf 91' lang='lat' dir='ltr'>quam</span> <span class='ocrx_word' id='word_1_108' title='bbox 1111 827 1170 848; x_wconf 88' lang='lat' dir='ltr'>sua</span> 
     </span>
     <span class='ocr_line' id='line_1_16' title="bbox 207 860 1171 901; baseline -0.005 -5"><span class='ocrx_word' id='word_1_109' title='bbox 207 863 363 897; x_wconf 81' lang='lat' dir='ltr'>violentia</span> <span class='ocrx_word' id='word_1_110' title='bbox 386 868 418 895; x_wconf 90' lang='lat' dir='ltr'>et</span> <span class='ocrx_word' id='word_1_111' title='bbox 452 872 489 894; x_wconf 76' lang='lat' dir='ltr'>tri</span> <span class='ocrx_word' id='word_1_112' title='bbox 511 862 621 894; x_wconf 86' lang='lat' dir='ltr'>ilentis</span> <span class='ocrx_word' id='word_1_113' title='bbox 644 861 742 893; x_wconf 84' lang='lat' dir='ltr'>minis</span> <span class='ocrx_word' id='word_1_114' title='bbox 772 861 865 901; x_wconf 89' lang='lat' dir='ltr'>impii</span> <span class='ocrx_word' id='word_1_115' title='bbox 898 860 992 892; x_wconf 83' lang='lat' dir='ltr'>nobis</span> <span class='ocrx_word' id='word_1_116' title='bbox 1021 861 1171 892; x_wconf 83' lang='lat' dir='ltr'>incutere</span> 
     </span>
     <span class='ocr_line' id='line_1_17' title="bbox 205 903 1172 947; baseline -0.005 -8"><span class='ocrx_word' id='word_1_117' title='bbox 205 907 321 939; x_wconf 87' lang='lat' dir='ltr'>solent.</span> <span class='ocrx_word' id='word_1_118' title='bbox 367 906 456 947; x_wconf 84' lang='lat' dir='ltr'>Ergo</span> <span class='ocrx_word' id='word_1_119' title='bbox 482 918 491 937; x_wconf 63' lang='lat' dir='ltr'>a</span> <span class='ocrx_word' id='word_1_120' title='bbox 512 905 679 945; x_wconf 79' lang='lat' dir='ltr'>›rophetae</span> <span class='ocrx_word' id='word_1_121' title='bbox 701 915 799 937; x_wconf 86' lang='lat' dir='ltr'>sensu</span> <span class='ocrx_word' id='word_1_122' title='bbox 823 904 964 935; x_wconf 79' lang='lat' dir='ltr'>recedit:</span> <span class='ocrx_word' id='word_1_123' title='bbox 990 903 1047 935; x_wconf 82' lang='lat' dir='ltr'>sed</span> <span class='ocrx_word' id='word_1_124' title='bbox 1071 904 1105 934; x_wconf 89' lang='lat' dir='ltr'>in</span> <span class='ocrx_word' id='word_1_125' title='bbox 1135 913 1172 935; x_wconf 94' lang='lat' dir='ltr'>eo</span> 
     </span>
     <span class='ocr_line' id='line_1_18' title="bbox 206 946 1172 988; baseline -0.004 -7"><span class='ocrx_word' id='word_1_126' title='bbox 206 950 288 982; x_wconf 88' lang='lat' dir='ltr'>nihil</span> <span class='ocrx_word' id='word_1_127' title='bbox 312 955 362 982; x_wconf 87' lang='lat' dir='ltr'>est</span> <span class='ocrx_word' id='word_1_128' title='bbox 386 950 491 981; x_wconf 68' lang='lat' dir='ltr'>absur</span> <span class='ocrx_word' id='word_1_129' title='bbox 554 948 668 988; x_wconf 91' lang='lat' dir='ltr'>Neque</span> <span class='ocrx_word' id='word_1_130' title='bbox 691 949 779 980; x_wconf 91' lang='lat' dir='ltr'>enim</span> <span class='ocrx_word' id='word_1_131' title='bbox 804 948 874 979; x_wconf 89' lang='lat' dir='ltr'>eius</span> <span class='ocrx_word' id='word_1_132' title='bbox 898 946 1074 978; x_wconf 85' lang='lat' dir='ltr'>eonsilium</span> <span class='ocrx_word' id='word_1_133' title='bbox 1099 946 1172 986; x_wconf 84' lang='lat' dir='ltr'>fuit,</span> 
     </span>
     <span class='ocr_line' id='line_1_19' title="bbox 205 989 1201 1034; baseline -0.003 -10"><span class='ocrx_word' id='word_1_134' title='bbox 205 1003 373 1033; x_wconf 83' lang='lat' dir='ltr'>exponere</span> <span class='ocrx_word' id='word_1_135' title='bbox 398 993 488 1034; x_wconf 85' lang='lat' dir='ltr'>propl</span> <span class='ocrx_word' id='word_1_136' title='bbox 515 1002 552 1023; x_wconf 87' lang='lat' dir='ltr'>ae</span> <span class='ocrx_word' id='word_1_137' title='bbox 575 991 699 1023; x_wconf 87' lang='lat' dir='ltr'>locum:</span> <span class='ocrx_word' id='word_1_138' title='bbox 736 996 864 1023; x_wconf 88' lang='lat' dir='ltr'>tantum</span> <span class='ocrx_word' id='word_1_139' title='bbox 888 990 1034 1022; x_wconf 87' lang='lat' dir='ltr'>indicare</span> <span class='ocrx_word' id='word_1_140' title='bbox 1057 989 1173 1029; x_wconf 83' lang='lat' dir='ltr'>voluit,</span> <span class='ocrx_word' id='word_1_141' title='bbox 1200 996 1201 1028; x_wconf 56' lang='lat' dir='ltr'>l</span> 
     </span>
     <span class='ocr_line' id='line_1_20' title="bbox 205 1032 1203 1077; baseline -0.004 -9"><span class='ocrx_word' id='word_1_142' title='bbox 205 1036 289 1068; x_wconf 88' lang='lat' dir='ltr'>nihil</span> <span class='ocrx_word' id='word_1_143' title='bbox 312 1036 352 1068; x_wconf 85' lang='lat' dir='ltr'>ad</span> <span class='ocrx_word' id='word_1_144' title='bbox 378 1038 488 1077; x_wconf 78' lang='lat' dir='ltr'>patien</span> <span class='ocrx_word' id='word_1_145' title='bbox 508 1046 550 1067; x_wconf 70' lang='lat' dir='ltr'>»m</span> <span class='ocrx_word' id='word_1_146' title='bbox 573 1045 644 1067; x_wconf 88' lang='lat' dir='ltr'>esse</span> <span class='ocrx_word' id='word_1_147' title='bbox 667 1035 785 1075; x_wconf 85' lang='lat' dir='ltr'>aptius,</span> <span class='ocrx_word' id='word_1_148' title='bbox 817 1044 914 1075; x_wconf 90' lang='lat' dir='ltr'>quam</span> <span class='ocrx_word' id='word_1_149' title='bbox 940 1032 1027 1074; x_wconf 89' lang='lat' dir='ltr'>quod</span> <span class='ocrx_word' id='word_1_150' title='bbox 1051 1033 1174 1065; x_wconf 87' lang='lat' dir='ltr'>Iesaias</span> <span class='ocrx_word' id='word_1_151' title='bbox 1200 1034 1203 1048; x_wconf 69' lang='grc'><strong>“</strong></span> 
     </span>
     <span class='ocr_line' id='line_1_21' title="bbox 206 1077 1204 1121; baseline -0.004 -9"><span class='ocrx_word' id='word_1_152' title='bbox 206 1080 416 1121; x_wconf 86' lang='lat' dir='ltr'>praeseribit:</span> <span class='ocrx_word' id='word_1_153' title='bbox 451 1090 488 1111; x_wconf 91' lang='lat' dir='ltr'>ne</span> <span class='ocrx_word' id='word_1_154' title='bbox 507 1089 544 1119; x_wconf 84' lang='lat' dir='ltr'>pe</span> <span class='ocrx_word' id='word_1_155' title='bbox 572 1083 608 1110; x_wconf 91' lang='lat' dir='ltr'>ut</span> <span class='ocrx_word' id='word_1_156' title='bbox 631 1077 704 1110; x_wconf 92' lang='lat' dir='ltr'>Deo</span> <span class='ocrx_word' id='word_1_157' title='bbox 734 1079 920 1109; x_wconf 79' lang='lat' dir='ltr'>tribuamus</span> <span class='ocrx_word' id='word_1_158' title='bbox 949 1087 1045 1109; x_wconf 92' lang='lat' dir='ltr'>suum</span> <span class='ocrx_word' id='word_1_159' title='bbox 1071 1077 1174 1108; x_wconf 92' lang='lat' dir='ltr'>hono·</span> <span class='ocrx_word' id='word_1_160' title='bbox 1202 1083 1204 1119; x_wconf 58' lang='grc' dir='ltr'><strong>ᾗ</strong></span> 
     </span>
     <span class='ocr_line' id='line_1_22' title="bbox 203 1121 1175 1163; baseline -0.004 -8"><span class='ocrx_word' id='word_1_161' title='bbox 203 1134 284 1163; x_wconf 70' lang='lat' dir='ltr'>tem,</span> <span class='ocrx_word' id='word_1_162' title='bbox 315 1131 383 1155; x_wconf 87' lang='lat' dir='ltr'>tota</span> <span class='ocrx_word' id='word_1_163' title='bbox 407 1125 490 1155; x_wconf 68' lang='lat' dir='ltr'>anim</span> <span class='ocrx_word' id='word_1_164' title='bbox 517 1122 635 1154; x_wconf 85' lang='lat' dir='ltr'>fiducia</span> <span class='ocrx_word' id='word_1_165' title='bbox 664 1122 698 1153; x_wconf 92' lang='lat' dir='ltr'>in</span> <span class='ocrx_word' id='word_1_166' title='bbox 730 1121 800 1154; x_wconf 88' lang='lat' dir='ltr'>eius</span> <span class='ocrx_word' id='word_1_167' title='bbox 834 1121 1015 1161; x_wconf 88' lang='lat' dir='ltr'>potentiam</span> <span class='ocrx_word' id='word_1_168' title='bbox 1047 1131 1175 1152; x_wconf 90' lang='lat' dir='ltr'>recum-</span> 
     </span>
     <span class='ocr_line' id='line_1_23' title="bbox 221 1164 1179 1207; baseline -0.004 -8"><span class='ocrx_word' id='word_1_169' title='bbox 221 1167 342 1199; x_wconf 89' lang='lat' dir='ltr'>bentes.</span> <span class='ocrx_word' id='word_1_170' title='bbox 377 1167 415 1199; x_wconf 83' lang='lat' dir='ltr'>Si</span> <span class='ocrx_word' id='word_1_171' title='bbox 432 1167 486 1206; x_wconf 90' lang='lat' dir='ltr'>qui</span> <span class='ocrx_word' id='word_1_172' title='bbox 508 1175 612 1197; x_wconf 73' lang='lat' dir='ltr'>[amen</span> <span class='ocrx_word' id='word_1_173' title='bbox 629 1165 840 1207; x_wconf 89' lang='lat' dir='ltr'>interpretari</span> <span class='ocrx_word' id='word_1_174' title='bbox 859 1164 952 1196; x_wconf 89' lang='lat' dir='ltr'>malit</span> <span class='ocrx_word' id='word_1_175' title='bbox 968 1164 1060 1195; x_wconf 89' lang='lat' dir='ltr'>Petri</span> <span class='ocrx_word' id='word_1_176' title='bbox 1077 1164 1179 1196; x_wconf 86' lang='lat' dir='ltr'>verba</span> 
     </span>
     <span class='ocr_line' id='line_1_24' title="bbox 205 1207 1175 1248; baseline -0.003 -6"><span class='ocrx_word' id='word_1_177' title='bbox 205 1210 264 1242; x_wconf 89' lang='lat' dir='ltr'>Ne</span> <span class='ocrx_word' id='word_1_178' title='bbox 287 1211 489 1242; x_wconf 50' lang='lat' dir='ltr'>timuerit*</span> <span class='ocrx_word' id='word_1_179' title='bbox 518 1219 657 1241; x_wconf 91' lang='lat' dir='ltr'>eorum</span> <span class='ocrx_word' id='word_1_180' title='bbox 684 1210 900 1248; x_wconf 90' lang='lat' dir='ltr'>timorem,</span> <span class='ocrx_word' id='word_1_181' title='bbox 925 1217 963 1240; x_wconf 86' lang='lat' dir='ltr'>ac</span> <span class='ocrx_word' id='word_1_182' title='bbox 982 1208 1009 1239; x_wconf 89' lang='lat' dir='ltr'>si</span> <span class='ocrx_word' id='word_1_183' title='bbox 1026 1207 1175 1248; x_wconf 83' lang='lat' dir='ltr'>dixisset,</span> 
     </span>
     <span class='ocr_line' id='line_1_25' title="bbox 207 1240 1204 1294; baseline -0.002 -8"><span class='ocrx_word' id='word_1_184' title='bbox 207 1253 319 1286; x_wconf 89' lang='lat' dir='ltr'>Nolite</span> <span class='ocrx_word' id='word_1_185' title='bbox 343 1252 482 1294; x_wconf 84' lang='lat' dir='ltr'>quemad</span> <span class='ocrx_word' id='word_1_186' title='bbox 508 1252 594 1284; x_wconf 75' lang='lat' dir='ltr'>»dum</span> <span class='ocrx_word' id='word_1_187' title='bbox 618 1252 776 1291; x_wconf 86' lang='lat' dir='ltr'>infideles,</span> <span class='ocrx_word' id='word_1_188' title='bbox 802 1251 852 1284; x_wconf 89' lang='lat' dir='ltr'>vel</span> <span class='ocrx_word' id='word_1_189' title='bbox 871 1252 928 1283; x_wconf 86' lang='lat' dir='ltr'>filii</span> <span class='ocrx_word' id='word_1_190' title='bbox 945 1251 1043 1283; x_wconf 90' lang='lat' dir='ltr'>huius</span> <span class='ocrx_word' id='word_1_191' title='bbox 1060 1250 1175 1283; x_wconf 88' lang='lat' dir='ltr'>mundi</span> <span class='ocrx_word' id='word_1_192' title='bbox 1202 1240 1204 1271; x_wconf 36' lang='grc' dir='ltr'><em>Α</em></span> 
     </span>
     <span class='ocr_line' id='line_1_26' title="bbox 205 1294 1201 1337; baseline -0.002 -9"><span class='ocrx_word' id='word_1_193' title='bbox 205 1297 320 1335; x_wconf 84' lang='lat' dir='ltr'>solent,</span> <span class='ocrx_word' id='word_1_194' title='bbox 344 1307 486 1337; x_wconf 78' lang='lat' dir='ltr'>expaves</span> <span class='ocrx_word' id='word_1_195' title='bbox 508 1306 550 1335; x_wconf 87' lang='lat' dir='ltr'>re,</span> <span class='ocrx_word' id='word_1_196' title='bbox 581 1297 657 1337; x_wconf 89' lang='lat' dir='ltr'>quia</span> <span class='ocrx_word' id='word_1_197' title='bbox 690 1295 729 1327; x_wconf 90' lang='lat' dir='ltr'>de</span> <span class='ocrx_word' id='word_1_198' title='bbox 764 1295 971 1336; x_wconf 84' lang='lat' dir='ltr'>providentia</span> <span class='ocrx_word' id='word_1_199' title='bbox 995 1294 1058 1326; x_wconf 89' lang='lat' dir='ltr'>Dei</span> <span class='ocrx_word' id='word_1_200' title='bbox 1091 1294 1174 1326; x_wconf 90' lang='lat' dir='ltr'>nihil</span> <span class='ocrx_word' id='word_1_201' title='bbox 1200 1308 1201 1314; x_wconf 53' lang='lat'>¹</span> 
     </span>
     <span class='ocr_line' id='line_1_27' title="bbox 206 1337 1201 1381; baseline -0.002 -10"><span class='ocrx_word' id='word_1_202' title='bbox 206 1346 335 1372; x_wconf 88' lang='lat' dir='ltr'>tenent:</span> <span class='ocrx_word' id='word_1_203' title='bbox 360 1351 424 1371; x_wconf 91' lang='lat' dir='ltr'>non</span> <span class='ocrx_word' id='word_1_204' title='bbox 451 1350 488 1371; x_wconf 77' lang='lat' dir='ltr'>va</span> <span class='ocrx_word' id='word_1_205' title='bbox 506 1350 522 1370; x_wconf 87' lang='lat' dir='ltr'>e</span> <span class='ocrx_word' id='word_1_206' title='bbox 546 1350 706 1381; x_wconf 87' lang='lat' dir='ltr'>repugno,</span> <span class='ocrx_word' id='word_1_207' title='bbox 730 1339 793 1370; x_wconf 90' lang='lat' dir='ltr'>nisi</span> <span class='ocrx_word' id='word_1_208' title='bbox 817 1339 904 1380; x_wconf 91' lang='lat' dir='ltr'>quod</span> <span class='ocrx_word' id='word_1_209' title='bbox 929 1338 1014 1380; x_wconf 91' lang='lat' dir='ltr'>(meo</span> <span class='ocrx_word' id='word_1_210' title='bbox 1038 1337 1173 1380; x_wconf 89' lang='lat' dir='ltr'>iudicio)</span> <span class='ocrx_word' id='word_1_211' title='bbox 1200 1358 1201 1375; x_wconf 38' lang='lat' dir='ltr'>i</span> 
     </span>
     <span class='ocr_line' id='line_1_28' title="bbox 203 1381 1200 1429; baseline -0.003 -13"><span class='ocrx_word' id='word_1_212' title='bbox 203 1387 316 1416; x_wconf 86' lang='lat' dir='ltr'>coacta</span> <span class='ocrx_word' id='word_1_213' title='bbox 340 1383 596 1424; x_wconf 73' lang='lat' dir='ltr'>expositi1foret.</span> <span class='ocrx_word' id='word_1_214' title='bbox 644 1383 712 1416; x_wconf 90' lang='lat' dir='ltr'>Nec</span> <span class='ocrx_word' id='word_1_215' title='bbox 736 1393 815 1414; x_wconf 84' lang='lat' dir='ltr'>vero</span> <span class='ocrx_word' id='word_1_216' title='bbox 839 1383 878 1414; x_wconf 93' lang='lat' dir='ltr'>de</span> <span class='ocrx_word' id='word_1_217' title='bbox 901 1393 938 1414; x_wconf 91' lang='lat' dir='ltr'>ea</span> <span class='ocrx_word' id='word_1_218' title='bbox 963 1392 998 1414; x_wconf 90' lang='lat' dir='ltr'>re</span> <span class='ocrx_word' id='word_1_219' title='bbox 1021 1381 1169 1414; x_wconf 79' lang='lat' dir='ltr'>laboran-</span> <span class='ocrx_word' id='word_1_220' title='bbox 1197 1396 1200 1429; x_wconf 67' lang='grc' dir='ltr'>Ι</span> 
     </span>
     <span class='ocr_line' id='line_1_29' title="bbox 205 1425 1174 1467; baseline 0 -9"><span class='ocrx_word' id='word_1_221' title='bbox 205 1427 284 1458; x_wconf 92' lang='lat' dir='ltr'>dum</span> <span class='ocrx_word' id='word_1_222' title='bbox 308 1433 364 1463; x_wconf 81' lang='lat' dir='ltr'>est,</span> <span class='ocrx_word' id='word_1_223' title='bbox 390 1438 487 1467; x_wconf 80' lang='lat' dir='ltr'>quam</span> <span class='ocrx_word' id='word_1_224' title='bbox 515 1427 569 1459; x_wconf 90' lang='lat' dir='ltr'>hic</span> <span class='ocrx_word' id='word_1_225' title='bbox 585 1427 707 1459; x_wconf 91' lang='lat' dir='ltr'>Petrus</span> <span class='ocrx_word' id='word_1_226' title='bbox 728 1426 860 1467; x_wconf 89' lang='lat' dir='ltr'>singula</span> <span class='ocrx_word' id='word_1_227' title='bbox 876 1425 1055 1467; x_wconf 88' lang='lat' dir='ltr'>prophetae</span> <span class='ocrx_word' id='word_1_228' title='bbox 1072 1426 1174 1458; x_wconf 86' lang='lat' dir='ltr'>verba</span> 
     </span>
     <span class='ocr_line' id='line_1_30' title="bbox 206 1469 1172 1511; baseline -0.002 -8"><span class='ocrx_word' id='word_1_229' title='bbox 206 1472 415 1511; x_wconf 87' lang='lat' dir='ltr'>interpretari</span> <span class='ocrx_word' id='word_1_230' title='bbox 443 1481 482 1501; x_wconf 87' lang='lat' dir='ltr'>no</span> <span class='ocrx_word' id='word_1_231' title='bbox 511 1477 537 1501; x_wconf 87' lang='lat' dir='ltr'>t:</span> <span class='ocrx_word' id='word_1_232' title='bbox 563 1470 619 1503; x_wconf 88' lang='lat' dir='ltr'>sed</span> <span class='ocrx_word' id='word_1_233' title='bbox 637 1477 764 1502; x_wconf 84' lang='lat' dir='ltr'>tantum</span> <span class='ocrx_word' id='word_1_234' title='bbox 790 1471 823 1502; x_wconf 90' lang='lat' dir='ltr'>in</span> <span class='ocrx_word' id='word_1_235' title='bbox 840 1481 878 1501; x_wconf 86' lang='lat' dir='ltr'>ea</span> <span class='ocrx_word' id='word_1_236' title='bbox 902 1475 993 1511; x_wconf 85' lang='lat' dir='ltr'>parte</span> <span class='ocrx_word' id='word_1_237' title='bbox 1010 1469 1172 1509; x_wconf 86' lang='lat' dir='ltr'>insistere,</span> 
     </span>
     <span class='ocr_line' id='line_1_31' title="bbox 206 1513 1172 1556; baseline 0 -11"><span class='ocrx_word' id='word_1_238' title='bbox 206 1513 292 1556; x_wconf 87' lang='lat' dir='ltr'>quod</span> <span class='ocrx_word' id='word_1_239' title='bbox 309 1515 472 1555; x_wconf 80' lang='lat' dir='ltr'>intrepide</span> <span class='ocrx_word' id='word_1_240' title='bbox 506 1514 601 1546; x_wconf 72' lang='lat' dir='ltr'>ibunt</span> <span class='ocrx_word' id='word_1_241' title='bbox 618 1514 739 1552; x_wconf 88' lang='lat' dir='ltr'>fideles,</span> <span class='ocrx_word' id='word_1_242' title='bbox 764 1524 824 1546; x_wconf 89' lang='lat' dir='ltr'>nec</span> <span class='ocrx_word' id='word_1_243' title='bbox 840 1513 908 1545; x_wconf 88' lang='lat' dir='ltr'>ulla</span> <span class='ocrx_word' id='word_1_244' title='bbox 925 1513 1172 1554; x_wconf 85' lang='lat' dir='ltr'>perturbatione</span> 
     </span>
     <span class='ocr_line' id='line_1_32' title="bbox 207 1557 1172 1590; baseline -0.001 -1"><span class='ocrx_word' id='word_1_245' title='bbox 207 1558 316 1590; x_wconf 87' lang='lat' dir='ltr'>ullove</span> <span class='ocrx_word' id='word_1_246' title='bbox 348 1565 435 1589; x_wconf 83' lang='lat' dir='ltr'>metu</span> <span class='ocrx_word' id='word_1_247' title='bbox 462 1568 479 1588; x_wconf 92' lang='lat' dir='ltr'>a</span> <span class='ocrx_word' id='word_1_248' title='bbox 507 1565 567 1590; x_wconf 67' lang='lat' dir='ltr'>icta</span> <span class='ocrx_word' id='word_1_249' title='bbox 597 1558 695 1590; x_wconf 80' lang='lat' dir='ltr'>officii</span> <span class='ocrx_word' id='word_1_250' title='bbox 719 1558 768 1590; x_wconf 89' lang='lat' dir='ltr'>sui</span> <span class='ocrx_word' id='word_1_251' title='bbox 801 1557 888 1589; x_wconf 88' lang='lat' dir='ltr'>linea</span> <span class='ocrx_word' id='word_1_252' title='bbox 920 1557 1080 1588; x_wconf 85' lang='lat' dir='ltr'>dimoveri</span> <span class='ocrx_word' id='word_1_253' title='bbox 1113 1568 1172 1589; x_wconf 91' lang='lat' dir='ltr'>un-</span> 
     </span>
     <span class='ocr_line' id='line_1_33' title="bbox 207 1601 1171 1642; baseline 0 -9"><span class='ocrx_word' id='word_1_254' title='bbox 207 1612 305 1642; x_wconf 87' lang='lat' dir='ltr'>quam</span> <span class='ocrx_word' id='word_1_255' title='bbox 326 1607 488 1642; x_wconf 63' lang='lat' dir='ltr'>poterunt⁴</span> <span class='ocrx_word' id='word_1_256' title='bbox 509 1602 517 1632; x_wconf 93' lang='lat' dir='ltr'>i</span> <span class='ocrx_word' id='word_1_257' title='bbox 535 1601 713 1634; x_wconf 91' lang='lat' dir='ltr'>Dominum</span> <span class='ocrx_word' id='word_1_258' title='bbox 732 1601 936 1634; x_wconf 84' lang='lat' dir='ltr'>exercituum</span> <span class='ocrx_word' id='word_1_259' title='bbox 955 1601 1171 1633; x_wconf 86' lang='lat' dir='ltr'>sanctificent.</span> 
     </span>
     <span class='ocr_line' id='line_1_34' title="bbox 207 1645 1172 1685; baseline 0 -9"><span class='ocrx_word' id='word_1_260' title='bbox 207 1645 311 1676; x_wconf 84' lang='lat' dir='ltr'>Porro</span> <span class='ocrx_word' id='word_1_261' title='bbox 336 1645 416 1676; x_wconf 89' lang='lat' dir='ltr'>haec</span> <span class='ocrx_word' id='word_1_262' title='bbox 440 1656 485 1676; x_wconf 81' lang='lat' dir='ltr'>sai</span> <span class='ocrx_word' id='word_1_263' title='bbox 511 1645 628 1677; x_wconf 88' lang='lat' dir='ltr'>ificatio</span> <span class='ocrx_word' id='word_1_264' title='bbox 652 1645 692 1677; x_wconf 93' lang='lat' dir='ltr'>ad</span> <span class='ocrx_word' id='word_1_265' title='bbox 717 1645 1000 1677; x_wconf 82' lang='lat' dir='ltr'>circumstantiam</span> <span class='ocrx_word' id='word_1_266' title='bbox 1018 1654 1172 1685; x_wconf 89' lang='lat' dir='ltr'>praesen-</span> 
     </span>
     <span class='ocr_line' id='line_1_35' title="bbox 208 1688 1171 1730; baseline 0 -10"><span class='ocrx_word' id='word_1_267' title='bbox 208 1688 250 1720; x_wconf 90' lang='lat' dir='ltr'>tis</span> <span class='ocrx_word' id='word_1_268' title='bbox 273 1698 390 1720; x_wconf 85' lang='lat' dir='ltr'>causae</span> <span class='ocrx_word' id='word_1_269' title='bbox 417 1694 480 1719; x_wconf 76' lang='lat' dir='ltr'>rest</span> <span class='ocrx_word' id='word_1_270' title='bbox 504 1690 546 1730; x_wconf 75' lang='lat' dir='ltr'>igi</span> <span class='ocrx_word' id='word_1_271' title='bbox 571 1689 676 1721; x_wconf 88' lang='lat' dir='ltr'>debet.</span> <span class='ocrx_word' id='word_1_272' title='bbox 723 1688 819 1721; x_wconf 87' lang='lat' dir='ltr'>Unde</span> <span class='ocrx_word' id='word_1_273' title='bbox 848 1689 934 1720; x_wconf 92' lang='lat' dir='ltr'>enim</span> <span class='ocrx_word' id='word_1_274' title='bbox 960 1689 996 1720; x_wconf 88' lang='lat' dir='ltr'>fit</span> <span class='ocrx_word' id='word_1_275' title='bbox 1023 1693 1060 1719; x_wconf 91' lang='lat' dir='ltr'>ut</span> <span class='ocrx_word' id='word_1_276' title='bbox 1083 1692 1171 1720; x_wconf 85' lang='lat' dir='ltr'>metu</span> 
     </span>
     <span class='ocr_line' id='line_1_36' title="bbox 207 1731 1171 1773; baseline -0.001 -10"><span class='ocrx_word' id='word_1_277' title='bbox 207 1732 396 1768; x_wconf 84' lang='lat' dir='ltr'>obruamur,</span> <span class='ocrx_word' id='word_1_278' title='bbox 428 1739 457 1761; x_wconf 68' lang='lat' dir='ltr'>et</span> <span class='ocrx_word' id='word_1_279' title='bbox 508 1739 612 1764; x_wconf 79' lang='lat' dir='ltr'>temus</span> <span class='ocrx_word' id='word_1_280' title='bbox 642 1743 698 1765; x_wconf 86' lang='lat' dir='ltr'>nos</span> <span class='ocrx_word' id='word_1_281' title='bbox 722 1742 793 1764; x_wconf 90' lang='lat' dir='ltr'>esse</span> <span class='ocrx_word' id='word_1_282' title='bbox 824 1732 979 1773; x_wconf 89' lang='lat' dir='ltr'>perditos,</span> <span class='ocrx_word' id='word_1_283' title='bbox 1012 1731 1090 1763; x_wconf 91' lang='lat' dir='ltr'>dum</span> <span class='ocrx_word' id='word_1_284' title='bbox 1116 1732 1171 1763; x_wconf 84' lang='lat' dir='ltr'>ali-</span> 
     </span>
     <span class='ocr_line' id='line_1_37' title="bbox 208 1775 1171 1817; baseline 0.002 -11"><span class='ocrx_word' id='word_1_285' title='bbox 208 1775 286 1816; x_wconf 89' lang='lat' dir='ltr'>quid</span> <span class='ocrx_word' id='word_1_286' title='bbox 310 1775 441 1815; x_wconf 88' lang='lat' dir='ltr'>periculi</span> <span class='ocrx_word' id='word_1_287' title='bbox 468 1776 487 1807; x_wconf 74' lang='grc' dir='ltr'>ἰ)</span> <span class='ocrx_word' id='word_1_288' title='bbox 505 1776 622 1817; x_wconf 84' lang='lat' dir='ltr'>›endet‚</span> <span class='ocrx_word' id='word_1_289' title='bbox 653 1777 714 1808; x_wconf 93' lang='lat' dir='ltr'>nisi</span> <span class='ocrx_word' id='word_1_290' title='bbox 739 1777 814 1816; x_wconf 88' lang='lat' dir='ltr'>quia</span> <span class='ocrx_word' id='word_1_291' title='bbox 838 1776 911 1816; x_wconf 91' lang='lat' dir='ltr'>plus</span> <span class='ocrx_word' id='word_1_292' title='bbox 941 1776 1106 1816; x_wconf 88' lang='lat' dir='ltr'>potentiae</span> <span class='ocrx_word' id='word_1_293' title='bbox 1131 1775 1171 1808; x_wconf 90' lang='lat' dir='ltr'>ad</span> 
     </span>
     <span class='ocr_line' id='line_1_38' title="bbox 210 1818 1171 1860; baseline 0.002 -11"><span class='ocrx_word' id='word_1_294' title='bbox 210 1818 391 1850; x_wconf 90' lang='lat' dir='ltr'>nocendum</span> <span class='ocrx_word' id='word_1_295' title='bbox 419 1819 484 1850; x_wconf 81' lang='lat' dir='ltr'>hou</span> <span class='ocrx_word' id='word_1_296' title='bbox 509 1821 517 1851; x_wconf 93' lang='lat' dir='ltr'>i</span> <span class='ocrx_word' id='word_1_297' title='bbox 543 1820 672 1852; x_wconf 83' lang='lat' dir='ltr'>mortali</span> <span class='ocrx_word' id='word_1_298' title='bbox 696 1820 882 1859; x_wconf 86' lang='lat' dir='ltr'>deferimus,</span> <span class='ocrx_word' id='word_1_299' title='bbox 912 1829 1006 1860; x_wconf 90' lang='lat' dir='ltr'>quam</span> <span class='ocrx_word' id='word_1_300' title='bbox 1034 1819 1104 1851; x_wconf 91' lang='lat' dir='ltr'>Deo</span> <span class='ocrx_word' id='word_1_301' title='bbox 1131 1819 1171 1851; x_wconf 88' lang='lat' dir='ltr'>ad</span> 
     </span>
     <span class='ocr_line' id='line_1_39' title="bbox 209 1862 1172 1904; baseline 0.001 -11"><span class='ocrx_word' id='word_1_302' title='bbox 209 1862 432 1893; x_wconf 66' lang='lat' dir='ltr'>servandum?</span> <span class='ocrx_word' id='word_1_303' title='bbox 476 1863 578 1895; x_wconf 58' lang='lat' dir='ltr'>{lutis</span> <span class='ocrx_word' id='word_1_304' title='bbox 603 1869 734 1895; x_wconf 86' lang='lat' dir='ltr'>nostrae</span> <span class='ocrx_word' id='word_1_305' title='bbox 758 1863 928 1895; x_wconf 88' lang='lat' dir='ltr'>custodem</span> <span class='ocrx_word' id='word_1_306' title='bbox 953 1874 986 1895; x_wconf 82' lang='lat' dir='ltr'>se</span> <span class='ocrx_word' id='word_1_307' title='bbox 1010 1863 1077 1894; x_wconf 82' lang='lat' dir='ltr'>fore</span> <span class='ocrx_word' id='word_1_308' title='bbox 1102 1873 1172 1904; x_wconf 90' lang='lat' dir='ltr'>pro-</span> 
     </span>
     <span class='ocr_line' id='line_1_40' title="bbox 210 1905 1172 1947; baseline 0.002 -11"><span class='ocrx_word' id='word_1_309' title='bbox 210 1906 314 1937; x_wconf 90' lang='lat' dir='ltr'>mittit</span> <span class='ocrx_word' id='word_1_310' title='bbox 342 1905 447 1937; x_wconf 73' lang='lat' dir='ltr'>Deus2</span> <span class='ocrx_word' id='word_1_311' title='bbox 478 1918 527 1938; x_wconf 68' lang='lat' dir='ltr'>cn</span> <span class='ocrx_word' id='word_1_312' title='bbox 558 1913 671 1939; x_wconf 89' lang='lat' dir='ltr'>contra</span> <span class='ocrx_word' id='word_1_313' title='bbox 702 1913 850 1939; x_wconf 88' lang='lat' dir='ltr'>evertere</span> <span class='ocrx_word' id='word_1_314' title='bbox 878 1907 968 1947; x_wconf 91' lang='lat' dir='ltr'>impii</span> <span class='ocrx_word' id='word_1_315' title='bbox 1000 1913 1172 1938; x_wconf 85' lang='lat' dir='ltr'>conantur.</span> 
     </span>
     <span class='ocr_line' id='line_1_41' title="bbox 209 1948 1172 1991; baseline 0.002 -11"><span class='ocrx_word' id='word_1_316' title='bbox 209 1948 282 1980; x_wconf 90' lang='lat' dir='ltr'>Nisi</span> <span class='ocrx_word' id='word_1_317' title='bbox 307 1958 365 1980; x_wconf 90' lang='lat' dir='ltr'>nos</span> <span class='ocrx_word' id='word_1_318' title='bbox 395 1956 481 1982; x_wconf 64' lang='lat' dir='ltr'>suste</span> <span class='ocrx_word' id='word_1_319' title='bbox 501 1955 531 1982; x_wconf 89' lang='lat' dir='ltr'>et</span> <span class='ocrx_word' id='word_1_320' title='bbox 556 1950 617 1982; x_wconf 92' lang='lat' dir='ltr'>Dei</span> <span class='ocrx_word' id='word_1_321' title='bbox 648 1951 829 1991; x_wconf 84' lang='lat' dir='ltr'>promissio,</span> <span class='ocrx_word' id='word_1_322' title='bbox 859 1961 968 1982; x_wconf 88' lang='lat' dir='ltr'>annon</span> <span class='ocrx_word' id='word_1_323' title='bbox 1002 1960 1076 1982; x_wconf 83' lang='lat' dir='ltr'>eum</span> <span class='ocrx_word' id='word_1_324' title='bbox 1101 1950 1172 1982; x_wconf 82' lang='lat' dir='ltr'>affi-</span> 
     </span>
     <span class='ocr_line' id='line_1_42' title="bbox 207 1992 1173 2035; baseline 0.001 -12"><span class='ocrx_word' id='word_1_325' title='bbox 207 1992 312 2024; x_wconf 88' lang='lat' dir='ltr'>cimus</span> <span class='ocrx_word' id='word_1_326' title='bbox 336 1993 450 2023; x_wconf 70' lang='lat' dir='ltr'>iniuria</span> <span class='ocrx_word' id='word_1_327' title='bbox 483 2011 485 2018; x_wconf 52' lang='grc' dir='ltr'><strong><em>ι</em></strong></span> <span class='ocrx_word' id='word_1_328' title='bbox 514 1994 752 2035; x_wconf 88' lang='lat' dir='ltr'>quodammodo</span> <span class='ocrx_word' id='word_1_329' title='bbox 786 1995 1024 2034; x_wconf 78' lang='lat' dir='ltr'>profanamus?</span> <span class='ocrx_word' id='word_1_330' title='bbox 1068 1993 1173 2026; x_wconf 90' lang='lat' dir='ltr'>Docet</span> 
     </span>
     <span class='ocr_line' id='line_1_43' title="bbox 207 2035 1171 2077; baseline 0.002 -11"><span class='ocrx_word' id='word_1_331' title='bbox 207 2035 310 2077; x_wconf 80' lang='lat' dir='ltr'>igitur</span> <span class='ocrx_word' id='word_1_332' title='bbox 334 2037 483 2076; x_wconf 68' lang='lat' dir='ltr'>propl]¹·[z</span> <span class='ocrx_word' id='word_1_333' title='bbox 512 2037 688 2070; x_wconf 88' lang='lat' dir='ltr'>honorifice</span> <span class='ocrx_word' id='word_1_334' title='bbox 711 2038 918 2070; x_wconf 83' lang='lat' dir='ltr'>sentiendum</span> <span class='ocrx_word' id='word_1_335' title='bbox 943 2047 1014 2069; x_wconf 85' lang='lat' dir='ltr'>esse</span> <span class='ocrx_word' id='word_1_336' title='bbox 1039 2037 1078 2069; x_wconf 91' lang='lat' dir='ltr'>de</span> <span class='ocrx_word' id='word_1_337' title='bbox 1104 2037 1171 2069; x_wconf 91' lang='lat' dir='ltr'>Do-</span> 
     </span>
     <span class='ocr_line' id='line_1_44' title="bbox 208 2079 1172 2122; baseline 0.001 -12"><span class='ocrx_word' id='word_1_338' title='bbox 208 2079 297 2110; x_wconf 87' lang='lat' dir='ltr'>mino</span> <span class='ocrx_word' id='word_1_339' title='bbox 314 2082 482 2111; x_wconf 61' lang='lat' dir='ltr'>exerci·iiu</span> <span class='ocrx_word' id='word_1_340' title='bbox 502 2106 506 2117; x_wconf 86' lang='lat'>,</span> <span class='ocrx_word' id='word_1_341' title='bbox 531 2080 614 2121; x_wconf 82' lang='lat' dir='ltr'>quod</span> <span class='ocrx_word' id='word_1_342' title='bbox 632 2087 794 2122; x_wconf 87' lang='lat' dir='ltr'>uteunque</span> <span class='ocrx_word' id='word_1_343' title='bbox 811 2083 921 2113; x_wconf 90' lang='lat' dir='ltr'>omnia</span> <span class='ocrx_word' id='word_1_344' title='bbox 937 2081 1172 2112; x_wconf 81' lang='lat' dir='ltr'>machinentur</span> 
     </span>
     <span class='ocr_line' id='line_1_45' title="bbox 208 2122 1172 2166; baseline 0.003 -13"><span class='ocrx_word' id='word_1_345' title='bbox 208 2122 301 2163; x_wconf 90' lang='lat' dir='ltr'>impii</span> <span class='ocrx_word' id='word_1_346' title='bbox 332 2122 370 2153; x_wconf 83' lang='lat' dir='ltr'>ad</span> <span class='ocrx_word' id='word_1_347' title='bbox 406 2135 461 2152; x_wconf 60' lang='lat' dir='ltr'>rw-</span> <span class='ocrx_word' id='word_1_348' title='bbox 502 2124 665 2163; x_wconf 70' lang='lat' dir='ltr'>irdendos,</span> <span class='ocrx_word' id='word_1_349' title='bbox 697 2132 728 2157; x_wconf 87' lang='lat' dir='ltr'>et</span> <span class='ocrx_word' id='word_1_350' title='bbox 759 2126 885 2166; x_wconf 83' lang='lat' dir='ltr'>magnis</span> <span class='ocrx_word' id='word_1_351' title='bbox 916 2125 1015 2156; x_wconf 90' lang='lat' dir='ltr'>etiam</span> <span class='ocrx_word' id='word_1_352' title='bbox 1048 2125 1172 2156; x_wconf 89' lang='lat' dir='ltr'>viribus</span> 
     </span>
     <span class='ocr_line' id='line_1_46' title="bbox 207 2167 1171 2205; baseline 0.003 -8"><span class='ocrx_word' id='word_1_353' title='bbox 207 2167 359 2198; x_wconf 83' lang='lat' dir='ltr'>instructi</span> <span class='ocrx_word' id='word_1_354' title='bbox 394 2177 468 2205; x_wconf 53' lang='lat' dir='ltr'>sam,</span> <span class='ocrx_word' id='word_1_355' title='bbox 504 2178 548 2198; x_wconf 80' lang='lat' dir='ltr'>›se</span> <span class='ocrx_word' id='word_1_356' title='bbox 575 2178 660 2200; x_wconf 87' lang='lat' dir='ltr'>unus</span> <span class='ocrx_word' id='word_1_357' title='bbox 684 2167 724 2200; x_wconf 91' lang='lat' dir='ltr'>ad</span> <span class='ocrx_word' id='word_1_358' title='bbox 752 2168 891 2201; x_wconf 87' lang='lat' dir='ltr'>salutem</span> <span class='ocrx_word' id='word_1_359' title='bbox 924 2175 1068 2200; x_wconf 86' lang='lat' dir='ltr'>nostram</span> <span class='ocrx_word' id='word_1_360' title='bbox 1093 2169 1171 2200; x_wconf 83' lang='lat' dir='ltr'>satis</span> 
     </span>
     <span class='ocr_line' id='line_1_47' title="bbox 207 2210 1171 2251; baseline 0.004 -11"><span class='ocrx_word' id='word_1_361' title='bbox 207 2219 369 2250; x_wconf 85' lang='lat' dir='ltr'>superque</span> <span class='ocrx_word' id='word_1_362' title='bbox 395 2212 430 2240; x_wconf 67' lang='lat' dir='ltr'>siz</span> <span class='ocrx_word' id='word_1_363' title='bbox 461 2222 478 2250; x_wconf 87' lang='lat' dir='ltr'>p</span> <span class='ocrx_word' id='word_1_364' title='bbox 503 2221 559 2242; x_wconf 64' lang='lat' dir='ltr'>ens.</span> <span class='ocrx_word' id='word_1_365' title='bbox 604 2210 683 2243; x_wconf 90' lang='lat' dir='ltr'>Ideo</span> <span class='ocrx_word' id='word_1_366' title='bbox 707 2210 796 2243; x_wconf 87' lang='lat' dir='ltr'>addit</span> <span class='ocrx_word' id='word_1_367' title='bbox 820 2212 948 2251; x_wconf 88' lang='lat' dir='ltr'>Petrus,</span> <span class='ocrx_word' id='word_1_368' title='bbox 971 2212 1011 2243; x_wconf 94' lang='lat' dir='ltr'>in</span> <span class='ocrx_word' id='word_1_369' title='bbox 1035 2211 1171 2244; x_wconf 90' lang='lat' dir='ltr'>eordi-</span> 
     </span>
     <span class='ocr_line' id='line_1_48' title="bbox 209 2252 1171 2295; baseline 0.004 -12"><span class='ocrx_word' id='word_1_370' title='bbox 209 2252 282 2284; x_wconf 89' lang='lat' dir='ltr'>bus</span> <span class='ocrx_word' id='word_1_371' title='bbox 309 2261 475 2284; x_wconf 48' lang='lat' dir='ltr'>vestr«.</span> <span class='ocrx_word' id='word_1_372' title='bbox 503 2254 585 2285; x_wconf 85' lang='lat' dir='ltr'>Nam</span> <span class='ocrx_word' id='word_1_373' title='bbox 615 2254 642 2285; x_wconf 92' lang='lat' dir='ltr'>si</span> <span class='ocrx_word' id='word_1_374' title='bbox 666 2255 797 2295; x_wconf 88' lang='lat' dir='ltr'>penitus</span> <span class='ocrx_word' id='word_1_375' title='bbox 825 2256 943 2288; x_wconf 89' lang='lat' dir='ltr'>animis</span> <span class='ocrx_word' id='word_1_376' title='bbox 972 2257 1091 2287; x_wconf 85' lang='lat' dir='ltr'>nostris</span> <span class='ocrx_word' id='word_1_377' title='bbox 1122 2256 1171 2287; x_wconf 91' lang='lat' dir='ltr'>in—</span> 
     </span>
     <span class='ocr_line' id='line_1_49' title="bbox 208 2295 1170 2341; baseline 0.003 -14"><span class='ocrx_word' id='word_1_378' title='bbox 208 2295 314 2328; x_wconf 86' lang='lat' dir='ltr'>sideat</span> <span class='ocrx_word' id='word_1_379' title='bbox 346 2297 423 2328; x_wconf 63' lang='lat' dir='ltr'>ham-</span> <span class='ocrx_word' id='word_1_380' title='bbox 459 2310 483 2337; x_wconf 70' lang='lat' dir='ltr'>p·</span> <span class='ocrx_word' id='word_1_381' title='bbox 499 2297 610 2334; x_wconf 76' lang='lat' dir='ltr'>masio,</span> <span class='ocrx_word' id='word_1_382' title='bbox 637 2308 729 2338; x_wconf 88' lang='lat' dir='ltr'>opem</span> <span class='ocrx_word' id='word_1_383' title='bbox 759 2309 779 2330; x_wconf 89' lang='lat' dir='ltr'>a</span> <span class='ocrx_word' id='word_1_384' title='bbox 803 2299 942 2331; x_wconf 89' lang='lat' dir='ltr'>Domino</span> <span class='ocrx_word' id='word_1_385' title='bbox 977 2300 1170 2341; x_wconf 83' lang='lat' dir='ltr'>promissam</span> 
     </span>
     <span class='ocr_line' id='line_1_50' title="bbox 208 2339 1170 2383; baseline 0.005 -13"><span class='ocrx_word' id='word_1_386' title='bbox 208 2339 302 2371; x_wconf 87' lang='lat' dir='ltr'>nobis</span> <span class='ocrx_word' id='word_1_387' title='bbox 327 2342 429 2371; x_wconf 49' lang='lat' dir='ltr'>suffiri</span> <span class='ocrx_word' id='word_1_388' title='bbox 448 2353 477 2372; x_wconf 60' lang='lat' dir='ltr'>re</span> <span class='ocrx_word' id='word_1_389' title='bbox 500 2342 610 2381; x_wconf 71' lang='lat' dir='ltr'>»ptime</span> <span class='ocrx_word' id='word_1_390' title='bbox 633 2341 672 2372; x_wconf 86' lang='lat' dir='ltr'>ad</span> <span class='ocrx_word' id='word_1_391' title='bbox 697 2341 902 2383; x_wconf 85' lang='lat' dir='ltr'>repellendos</span> <span class='ocrx_word' id='word_1_392' title='bbox 925 2353 1038 2375; x_wconf 89' lang='lat' dir='ltr'>omnes</span> <span class='ocrx_word' id='word_1_393' title='bbox 1054 2343 1170 2375; x_wconf 87' lang='lat' dir='ltr'>infide-</span> 
     </span>
     <span class='ocr_line' id='line_1_51' title="bbox 209 2381 716 2417; baseline 0.008 -5"><span class='ocrx_word' id='word_1_394' title='bbox 209 2381 311 2415; x_wconf 80' lang='lat' dir='ltr'>litatis</span> <span class='ocrx_word' id='word_1_395' title='bbox 336 2392 439 2415; x_wconf 49' lang='lat' dir='ltr'>memu</span> <span class='ocrx_word' id='word_1_396' title='bbox 466 2396 481 2415; x_wconf 73' lang='lat' dir='ltr'>e</span> <span class='ocrx_word' id='word_1_397' title='bbox 505 2395 565 2416; x_wconf 77' lang='lat' dir='ltr'>nus</span> <span class='ocrx_word' id='word_1_398' title='bbox 589 2384 716 2417; x_wconf 91' lang='lat' dir='ltr'>muniti.</span> 
     </span>
    </p>
   </div>
   <div class='ocr_carea' id='block_1_3' title="bbox 1197 279 1200 814">
    <p class='ocr_par' dir='ltr' id='par_1_3' title="bbox 1197 279 1200 814">
     <span class='ocr_line' id='line_1_52' title="bbox 1197 279 1200 814; baseline 0 0"><span class='ocrx_word' id='word_1_399' title='bbox 1197 279 1200 814; x_wconf 95' lang='lat' dir='ltr'> </span> 
     </span>
    </p>
   </div>
   <div class='ocr_carea' id='block_1_4' title="bbox 204 2512 1170 2689">
    <p class='ocr_par' dir='ltr' id='par_1_4' title="bbox 204 2512 1170 2689">
     <span class='ocr_line' id='line_1_53' title="bbox 301 2512 1170 2557; baseline 0.009 -14"><span class='ocrx_word' id='word_1_400' title='bbox 301 2512 414 2545; x_wconf 59' lang='lat' dir='ltr'>Parati</span> <span class='ocrx_word' id='word_1_401' title='bbox 439 2525 478 2545; x_wconf 66' lang='lat' dir='ltr'>uu</span> <span class='ocrx_word' id='word_1_402' title='bbox 500 2525 518 2545; x_wconf 80' lang='lat' dir='ltr'>n</span> <span class='ocrx_word' id='word_1_403' title='bbox 537 2514 609 2546; x_wconf 80' lang='lat' dir='ltr'>sitis</span> <span class='ocrx_word' id='word_1_404' title='bbox 627 2524 748 2555; x_wconf 79' lang='lat' dir='ltr'>semper</span> <span class='ocrx_word' id='word_1_405' title='bbox 763 2515 806 2548; x_wconf 81' lang='lat' dir='ltr'>ad</span> <span class='ocrx_word' id='word_1_406' title='bbox 819 2517 1053 2557; x_wconf 77' lang='lat' dir='ltr'>responsionem</span> <span class='ocrx_word' id='word_1_407' title='bbox 1067 2518 1170 2550; x_wconf 81' lang='lat' dir='ltr'>cuivis</span> 
     </span>
     <span class='ocr_line' id='line_1_54' title="bbox 204 2558 1168 2602; baseline 0.007 -15"><span class='ocrx_word' id='word_1_408' title='bbox 204 2558 342 2596; x_wconf 73' lang='lat' dir='ltr'>poscenti</span> <span class='ocrx_word' id='word_1_409' title='bbox 366 2569 385 2588; x_wconf 87' lang='grc' dir='ltr'><em>α</em></span> <span class='ocrx_word' id='word_1_410' title='bbox 413 2573 431 2584; x_wconf 53' lang='grc' dir='ltr'>ι1</span> <span class='ocrx_word' id='word_1_411' title='bbox 448 2559 481 2588; x_wconf 53' lang='grc' dir='ltr'>1ἰιῖ</span> <span class='ocrx_word' id='word_1_412' title='bbox 499 2559 646 2590; x_wconf 49' lang='lat' dir='ltr'>*ationem</span> <span class='ocrx_word' id='word_1_413' title='bbox 669 2560 747 2599; x_wconf 66' lang='lat' dir='ltr'>eiu-5⁸,</span> <span class='ocrx_word' id='word_1_414' title='bbox 770 2569 848 2600; x_wconf 79' lang='lat' dir='ltr'>quae</span> <span class='ocrx_word' id='word_1_415' title='bbox 866 2561 899 2592; x_wconf 86' lang='lat' dir='ltr'>in</span> <span class='ocrx_word' id='word_1_416' title='bbox 915 2560 1000 2593; x_wconf 74' lang='lat' dir='ltr'>vobis</span> <span class='ocrx_word' id='word_1_417' title='bbox 1015 2564 1068 2599; x_wconf 83' lang='lat' dir='ltr'>est,</span> <span class='ocrx_word' id='word_1_418' title='bbox 1091 2561 1168 2602; x_wconf 78' lang='lat' dir='ltr'>spei,</span> 
     </span>
     <span class='ocr_line' id='line_1_55' title="bbox 211 2600 1170 2643; baseline 0.008 -13"><span class='ocrx_word' id='word_1_419' title='bbox 211 2600 260 2631; x_wconf 87' lang='grc'>16.</span> <span class='ocrx_word' id='word_1_420' title='bbox 284 2611 352 2632; x_wconf 84' lang='lat' dir='ltr'>cum</span> <span class='ocrx_word' id='word_1_421' title='bbox 375 2612 447 2631; x_wconf 40' lang='lat' dir='ltr'>ma*</span> <span class='ocrx_word' id='word_1_422' title='bbox 460 2612 477 2631; x_wconf 66' lang='grc' dir='ltr'>»ι</span> <span class='ocrx_word' id='word_1_423' title='bbox 500 2602 592 2633; x_wconf 70' lang='lat' dir='ltr'>adine</span> <span class='ocrx_word' id='word_1_424' title='bbox 607 2603 635 2633; x_wconf 85' lang='lat' dir='ltr'>et</span> <span class='ocrx_word' id='word_1_425' title='bbox 650 2602 766 2643; x_wconf 79' lang='lat' dir='ltr'>timore,</span> <span class='ocrx_word' id='word_1_426' title='bbox 788 2604 1008 2636; x_wconf 72' lang='lat' dir='ltr'>conscientiam</span> <span class='ocrx_word' id='word_1_427' title='bbox 1024 2604 1170 2638; x_wconf 75' lang='lat' dir='ltr'>habentes</span> 
     </span>
     <span class='ocr_line' id='line_1_56' title="bbox 207 2643 1168 2689; baseline 0.007 -15"><span class='ocrx_word' id='word_1_428' title='bbox 207 2643 319 2675; x_wconf 85' lang='lat' dir='ltr'>bonam</span> <span class='ocrx_word' id='word_1_429' title='bbox 330 2657 336 2674; x_wconf 85' lang='grc'>,·</span> <span class='ocrx_word' id='word_1_430' title='bbox 362 2647 392 2673; x_wconf 77' lang='lat' dir='ltr'>ut</span> <span class='ocrx_word' id='word_1_431' title='bbox 422 2662 437 2670; x_wconf 36' lang='grc' dir='ltr'><strong>η</strong></span> <span class='ocrx_word' id='word_1_432' title='bbox 475 2659 480 2672; x_wconf 65' lang='grc' dir='ltr'><em>ι</em></span> <span class='ocrx_word' id='word_1_433' title='bbox 503 2660 510 2674; x_wconf 68' lang='grc'><strong><em>,</em></strong></span> <span class='ocrx_word' id='word_1_434' title='bbox 534 2644 617 2677; x_wconf 77' lang='lat' dir='ltr'>vobis</span> <span class='ocrx_word' id='word_1_435' title='bbox 639 2644 812 2684; x_wconf 67' lang='lat' dir='ltr'>obtrectant,</span> <span class='ocrx_word' id='word_1_436' title='bbox 835 2649 987 2688; x_wconf 78' lang='lat' dir='ltr'>tanquam</span> <span class='ocrx_word' id='word_1_437' title='bbox 1009 2648 1168 2689; x_wconf 75' lang='lat' dir='ltr'>maleficis,</span> 
     </span>
    </p>
   </div>
   <div class='ocr_carea' id='block_1_5' title="bbox 1072 155 1312 192">
    <p class='ocr_par' dir='ltr' id='par_1_5' title="bbox 1072 155 1312 192">
     <span class='ocr_line' id='line_1_57' title="bbox 1072 155 1312 192; baseline -0.017 -1"><span class='ocrx_word' id='word_1_438' title='bbox 1072 157 1226 192; x_wconf 79' lang='lat' dir='ltr'>CAPUT</span> <span class='ocrx_word' id='word_1_439' title='bbox 1248 155 1312 188; x_wconf 88' lang='lat'>111.</span> 
     </span>
    </p>
   </div>
   <div class='ocr_carea' id='block_1_6' title="bbox 1203 1160 2215 1247">
    <p class='ocr_par' dir='ltr' id='par_1_6' title="bbox 1203 1160 2215 1247">
     <span class='ocr_line' id='line_1_58' title="bbox 1203 1160 1863 1205; baseline -0.003 -10"><span class='ocrx_word' id='word_1_440' title='bbox 1203 1166 1205 1183; x_wconf 67' lang='lat'>³</span> <span class='ocrx_word' id='word_1_441' title='bbox 1230 1164 1358 1205; x_wconf 87' lang='lat' dir='ltr'>gionem</span> <span class='ocrx_word' id='word_1_442' title='bbox 1381 1173 1479 1203; x_wconf 92' lang='lat' dir='ltr'>quam</span> <span class='ocrx_word' id='word_1_443' title='bbox 1503 1161 1673 1202; x_wconf 84' lang='lat' dir='ltr'>sequimur</span> <span class='ocrx_word' id='word_1_444' title='bbox 1696 1160 1863 1193; x_wconf 83' lang='lat' dir='ltr'>damnent.</span> 
     </span>
     <span class='ocr_line' id='line_1_59' title="bbox 1203 1204 2215 1247; baseline 0 -9"><span class='ocrx_word' id='word_1_445' title='bbox 1203 1208 1205 1222; x_wconf 74' lang='grc'>”</span> <span class='ocrx_word' id='word_1_446' title='bbox 1230 1212 1288 1244; x_wconf 90' lang='lat' dir='ltr'>est,</span> <span class='ocrx_word' id='word_1_447' title='bbox 1313 1206 1452 1238; x_wconf 88' lang='lat' dir='ltr'>Petrum</span> <span class='ocrx_word' id='word_1_448' title='bbox 1475 1205 1528 1238; x_wconf 91' lang='lat' dir='ltr'>hic</span> <span class='ocrx_word' id='word_1_449' title='bbox 1551 1215 1619 1236; x_wconf 89' lang='lat' dir='ltr'>non</span> <span class='ocrx_word' id='word_1_450' title='bbox 1641 1204 1798 1237; x_wconf 88' lang='lat' dir='ltr'>mandare</span> <span class='ocrx_word' id='word_1_451' title='bbox 1822 1207 1867 1244; x_wconf 86' lang='lat' dir='ltr'>ut,</span> <span class='ocrx_word' id='word_1_452' title='bbox 1899 1214 2096 1247; x_wconf 84' lang='lat' dir='ltr'>quacunque</span> <span class='ocrx_word' id='word_1_453' title='bbox 2116 1206 2156 1238; x_wconf 92' lang='lat' dir='ltr'>de</span> <span class='ocrx_word' id='word_1_454' title='bbox 2179 1216 2215 1238; x_wconf 92' lang='lat' dir='ltr'>re</span> 
     </span>
    </p>
   </div>
   <div class='ocr_carea' id='block_1_7' title="bbox 2155 149 2220 183">
    <p class='ocr_par' dir='ltr' id='par_1_7' title="bbox 2155 149 2220 183">
     <span class='ocr_line' id='line_1_60' title="bbox 2155 149 2220 183; baseline 0.031 -2"><span class='ocrx_word' id='word_1_455' title='bbox 2155 149 2220 183; x_wconf 79' lang='lat'>262</span> 
     </span>
    </p>
   </div>
   <div class='ocr_carea' id='block_1_8' title="bbox 1220 247 2216 296">
    <p class='ocr_par' dir='ltr' id='par_1_8' title="bbox 1220 247 2216 296">
     <span class='ocr_line' id='line_1_61' title="bbox 1220 247 2216 296; baseline -0.007 -9"><span class='ocrx_word' id='word_1_456' title='bbox 1220 253 1399 296; x_wconf 71' lang='lat' dir='ltr'>pudefiant,</span> <span class='ocrx_word' id='word_1_457' title='bbox 1430 251 1507 284; x_wconf 80' lang='lat' dir='ltr'>dum</span> <span class='ocrx_word' id='word_1_458' title='bbox 1535 251 1694 292; x_wconf 75' lang='lat' dir='ltr'>infamant</span> <span class='ocrx_word' id='word_1_459' title='bbox 1722 249 1834 282; x_wconf 78' lang='lat' dir='ltr'>bonam</span> <span class='ocrx_word' id='word_1_460' title='bbox 1864 250 2000 281; x_wconf 81' lang='lat' dir='ltr'>vestram</span> <span class='ocrx_word' id='word_1_461' title='bbox 2027 248 2063 280; x_wconf 82' lang='lat' dir='ltr'>in</span> <span class='ocrx_word' id='word_1_462' title='bbox 2093 247 2216 281; x_wconf 72' lang='lat' dir='ltr'>christo</span> 
     </span>
    </p>
   </div>
   <div class='ocr_carea' id='block_1_9' title="bbox 1224 296 1495 331">
    <p class='ocr_par' dir='ltr' id='par_1_9' title="bbox 1224 296 1495 331">
     <span class='ocr_line' id='line_1_62' title="bbox 1224 296 1495 331; baseline -0.015 0"><span class='ocrx_word' id='word_1_463' title='bbox 1224 296 1495 331; x_wconf 78' lang='lat' dir='ltr'>conversationem.</span> 
     </span>
    </p>
   </div>
   <div class='ocr_carea' id='block_1_10' title="bbox 1224 378 2215 552">
    <p class='ocr_par' dir='ltr' id='par_1_10' title="bbox 1224 378 2215 552">
     <span class='ocr_line' id='line_1_63' title="bbox 1310 378 2213 421; baseline -0.003 -6"><span class='ocrx_word' id='word_1_464' title='bbox 1310 382 1456 415; x_wconf 77' lang='lat' dir='ltr'>Tametsi</span> <span class='ocrx_word' id='word_1_465' title='bbox 1479 381 1560 414; x_wconf 84' lang='lat' dir='ltr'>haec</span> <span class='ocrx_word' id='word_1_466' title='bbox 1576 390 1662 413; x_wconf 86' lang='lat' dir='ltr'>nova</span> <span class='ocrx_word' id='word_1_467' title='bbox 1681 379 1866 421; x_wconf 85' lang='lat' dir='ltr'>praeceptio</span> <span class='ocrx_word' id='word_1_468' title='bbox 1882 382 1941 417; x_wconf 88' lang='lat' dir='ltr'>est,</span> <span class='ocrx_word' id='word_1_469' title='bbox 1966 378 2087 419; x_wconf 88' lang='lat' dir='ltr'>pendet</span> <span class='ocrx_word' id='word_1_470' title='bbox 2102 383 2213 412; x_wconf 88' lang='lat' dir='ltr'>tamen</span> 
     </span>
     <span class='ocr_line' id='line_1_64' title="bbox 1224 422 2215 468; baseline -0.004 -9"><span class='ocrx_word' id='word_1_471' title='bbox 1224 437 1266 459; x_wconf 91' lang='lat' dir='ltr'>ex</span> <span class='ocrx_word' id='word_1_472' title='bbox 1296 424 1527 468; x_wconf 85' lang='lat' dir='ltr'>superioribus.</span> <span class='ocrx_word' id='word_1_473' title='bbox 1575 423 1660 456; x_wconf 90' lang='lat' dir='ltr'>Nam</span> <span class='ocrx_word' id='word_1_474' title='bbox 1691 423 1793 465; x_wconf 86' lang='lat' dir='ltr'>exigit</span> <span class='ocrx_word' id='word_1_475' title='bbox 1820 433 1840 454; x_wconf 88' lang='lat' dir='ltr'>a</span> <span class='ocrx_word' id='word_1_476' title='bbox 1864 422 2015 455; x_wconf 89' lang='lat' dir='ltr'>fidelibus</span> <span class='ocrx_word' id='word_1_477' title='bbox 2043 433 2116 454; x_wconf 89' lang='lat' dir='ltr'>eam</span> <span class='ocrx_word' id='word_1_478' title='bbox 2139 433 2215 455; x_wconf 85' lang='lat' dir='ltr'>con-</span> 
     </span>
     <span class='ocr_line' id='line_1_65' title="bbox 1224 465 2215 509; baseline -0.005 -7"><span class='ocrx_word' id='word_1_479' title='bbox 1224 471 1394 509; x_wconf 82' lang='lat' dir='ltr'>stantiam,</span> <span class='ocrx_word' id='word_1_480' title='bbox 1430 473 1467 501; x_wconf 91' lang='lat' dir='ltr'>ut</span> <span class='ocrx_word' id='word_1_481' title='bbox 1497 467 1695 500; x_wconf 85' lang='lat' dir='ltr'>adversariis</span> <span class='ocrx_word' id='word_1_482' title='bbox 1727 465 1891 508; x_wconf 86' lang='lat' dir='ltr'>intrepide</span> <span class='ocrx_word' id='word_1_483' title='bbox 1923 466 2143 507; x_wconf 85' lang='lat' dir='ltr'>respondeant</span> <span class='ocrx_word' id='word_1_484' title='bbox 2175 466 2215 498; x_wconf 89' lang='lat' dir='ltr'>de</span> 
     </span>
     <span class='ocr_line' id='line_1_66' title="bbox 1224 510 2215 552; baseline -0.002 -8"><span class='ocrx_word' id='word_1_485' title='bbox 1224 513 1288 544; x_wconf 90' lang='lat' dir='ltr'>fide</span> <span class='ocrx_word' id='word_1_486' title='bbox 1313 523 1382 545; x_wconf 89' lang='lat' dir='ltr'>sua.</span> <span class='ocrx_word' id='word_1_487' title='bbox 1426 512 1520 544; x_wconf 88' lang='lat' dir='ltr'>Haec</span> <span class='ocrx_word' id='word_1_488' title='bbox 1543 517 1650 543; x_wconf 89' lang='lat' dir='ltr'>autem</span> <span class='ocrx_word' id='word_1_489' title='bbox 1679 521 1756 552; x_wconf 90' lang='lat' dir='ltr'>pars</span> <span class='ocrx_word' id='word_1_490' title='bbox 1779 516 1828 541; x_wconf 90' lang='lat' dir='ltr'>est</span> <span class='ocrx_word' id='word_1_491' title='bbox 1851 510 1922 542; x_wconf 87' lang='lat' dir='ltr'>eius</span> <span class='ocrx_word' id='word_1_492' title='bbox 1946 510 2215 542; x_wconf 84' lang='lat' dir='ltr'>sanctificationis</span> 
     </span>
    </p>
   </div>
   <div class='ocr_carea' id='block_1_11' title="bbox 1196 553 2214 597">
    <p class='ocr_par' dir='ltr' id='par_1_11' title="bbox 1196 553 2214 597">
     <span class='ocr_line' id='line_1_67' title="bbox 1196 553 2214 597; baseline -0.002 -9"><span class='ocrx_word' id='word_1_493' title='bbox 1196 560 1198 572; x_wconf 74' lang='lat'><strong>⁴</strong></span> <span class='ocrx_word' id='word_1_494' title='bbox 1223 557 1315 588; x_wconf 84' lang='lat' dir='ltr'>euius</span> <span class='ocrx_word' id='word_1_495' title='bbox 1339 567 1444 597; x_wconf 87' lang='lat' dir='ltr'>nuper</span> <span class='ocrx_word' id='word_1_496' title='bbox 1463 555 1629 587; x_wconf 90' lang='lat' dir='ltr'>meminit:</span> <span class='ocrx_word' id='word_1_497' title='bbox 1655 555 1731 596; x_wconf 87' lang='lat' dir='ltr'>quia</span> <span class='ocrx_word' id='word_1_498' title='bbox 1747 558 1827 585; x_wconf 90' lang='lat' dir='ltr'>tunc</span> <span class='ocrx_word' id='word_1_499' title='bbox 1844 563 1922 585; x_wconf 85' lang='lat' dir='ltr'>vere</span> <span class='ocrx_word' id='word_1_500' title='bbox 1940 564 2036 585; x_wconf 89' lang='lat' dir='ltr'>suum</span> <span class='ocrx_word' id='word_1_501' title='bbox 2053 553 2214 586; x_wconf 88' lang='lat' dir='ltr'>honorem</span> 
     </span>
    </p>
   </div>
   <div class='ocr_carea' id='block_1_12' title="bbox 1223 597 2216 804">
    <p class='ocr_par' dir='ltr' id='par_1_12' title="bbox 1223 597 2216 804">
     <span class='ocr_line' id='line_1_68' title="bbox 1224 597 2215 639; baseline -0.001 -9"><span class='ocrx_word' id='word_1_502' title='bbox 1224 599 1417 632; x_wconf 83' lang='lat' dir='ltr'>exhibemus</span> <span class='ocrx_word' id='word_1_503' title='bbox 1436 599 1514 635; x_wconf 88' lang='lat' dir='ltr'>Deo,</span> <span class='ocrx_word' id='word_1_504' title='bbox 1538 608 1640 639; x_wconf 88' lang='lat' dir='ltr'>quum</span> <span class='ocrx_word' id='word_1_505' title='bbox 1664 608 1724 630; x_wconf 86' lang='lat' dir='ltr'>nec</span> <span class='ocrx_word' id='word_1_506' title='bbox 1748 602 1854 629; x_wconf 90' lang='lat' dir='ltr'>metus</span> <span class='ocrx_word' id='word_1_507' title='bbox 1878 607 1937 629; x_wconf 87' lang='lat' dir='ltr'>nee</span> <span class='ocrx_word' id='word_1_508' title='bbox 1959 597 2066 637; x_wconf 89' lang='lat' dir='ltr'>pudor</span> <span class='ocrx_word' id='word_1_509' title='bbox 2089 607 2108 628; x_wconf 87' lang='lat' dir='ltr'>a</span> <span class='ocrx_word' id='word_1_510' title='bbox 2125 602 2215 629; x_wconf 86' lang='lat' dir='ltr'>recta</span> 
     </span>
     <span class='ocr_line' id='line_1_69' title="bbox 1224 640 2214 683; baseline -0.001 -9"><span class='ocrx_word' id='word_1_511' title='bbox 1224 642 1300 674; x_wconf 88' lang='lat' dir='ltr'>fidei</span> <span class='ocrx_word' id='word_1_512' title='bbox 1324 643 1524 683; x_wconf 86' lang='lat' dir='ltr'>professione</span> <span class='ocrx_word' id='word_1_513' title='bbox 1548 652 1607 673; x_wconf 90' lang='lat' dir='ltr'>nos</span> <span class='ocrx_word' id='word_1_514' title='bbox 1638 640 1785 682; x_wconf 90' lang='lat' dir='ltr'>impedit.</span> <span class='ocrx_word' id='word_1_515' title='bbox 1832 640 2008 673; x_wconf 87' lang='lat' dir='ltr'>Caeterum</span> <span class='ocrx_word' id='word_1_516' title='bbox 2034 649 2099 671; x_wconf 90' lang='lat' dir='ltr'>non</span> <span class='ocrx_word' id='word_1_517' title='bbox 2123 651 2214 681; x_wconf 86' lang='lat' dir='ltr'>prae-</span> 
     </span>
     <span class='ocr_line' id='line_1_70' title="bbox 1224 684 2215 725; baseline -0.002 -8"><span class='ocrx_word' id='word_1_518' title='bbox 1224 686 1289 717; x_wconf 83' lang='lat' dir='ltr'>cise</span> <span class='ocrx_word' id='word_1_519' title='bbox 1324 686 1413 717; x_wconf 89' lang='lat' dir='ltr'>iubet</span> <span class='ocrx_word' id='word_1_520' title='bbox 1444 686 1564 717; x_wconf 87' lang='lat' dir='ltr'>Petrus</span> <span class='ocrx_word' id='word_1_521' title='bbox 1599 689 1635 717; x_wconf 92' lang='lat' dir='ltr'>ut</span> <span class='ocrx_word' id='word_1_522' title='bbox 1668 684 1788 725; x_wconf 90' lang='lat' dir='ltr'>ubique</span> <span class='ocrx_word' id='word_1_523' title='bbox 1822 690 1855 716; x_wconf 90' lang='lat' dir='ltr'>et</span> <span class='ocrx_word' id='word_1_524' title='bbox 1884 694 2029 725; x_wconf 87' lang='lat' dir='ltr'>semper,</span> <span class='ocrx_word' id='word_1_525' title='bbox 2067 689 2099 715; x_wconf 91' lang='lat' dir='ltr'>et</span> <span class='ocrx_word' id='word_1_526' title='bbox 2127 684 2215 724; x_wconf 85' lang='lat' dir='ltr'>apud</span> 
     </span>
     <span class='ocr_line' id='line_1_71' title="bbox 1223 726 2216 769; baseline -0.002 -9"><span class='ocrx_word' id='word_1_527' title='bbox 1223 739 1336 761; x_wconf 90' lang='lat' dir='ltr'>omnes</span> <span class='ocrx_word' id='word_1_528' title='bbox 1360 730 1544 769; x_wconf 86' lang='lat' dir='ltr'>promiscue</span> <span class='ocrx_word' id='word_1_529' title='bbox 1567 738 1752 760; x_wconf 84' lang='lat' dir='ltr'>asseramus</span> <span class='ocrx_word' id='word_1_530' title='bbox 1776 738 1813 760; x_wconf 89' lang='lat' dir='ltr'>ac</span> <span class='ocrx_word' id='word_1_531' title='bbox 1833 726 2037 767; x_wconf 83' lang='lat' dir='ltr'>publicemus</span> <span class='ocrx_word' id='word_1_532' title='bbox 2056 726 2216 768; x_wconf 88' lang='lat' dir='ltr'>quidquid</span> 
     </span>
     <span class='ocr_line' id='line_1_72' title="bbox 1225 770 2216 804; baseline -0.001 -1"><span class='ocrx_word' id='word_1_533' title='bbox 1225 771 1317 804; x_wconf 91' lang='lat' dir='ltr'>nobis</span> <span class='ocrx_word' id='word_1_534' title='bbox 1347 782 1366 803; x_wconf 87' lang='lat' dir='ltr'>a</span> <span class='ocrx_word' id='word_1_535' title='bbox 1389 771 1533 803; x_wconf 92' lang='lat' dir='ltr'>Domino</span> <span class='ocrx_word' id='word_1_536' title='bbox 1564 771 1677 803; x_wconf 88' lang='lat' dir='ltr'>datum</span> <span class='ocrx_word' id='word_1_537' title='bbox 1708 777 1767 803; x_wconf 89' lang='lat' dir='ltr'>est.</span> <span class='ocrx_word' id='word_1_538' title='bbox 1813 770 1899 802; x_wconf 90' lang='lat' dir='ltr'>Nam</span> <span class='ocrx_word' id='word_1_539' title='bbox 1930 771 1966 802; x_wconf 89' lang='lat' dir='ltr'>in</span> <span class='ocrx_word' id='word_1_540' title='bbox 1996 770 2084 802; x_wconf 89' lang='lat' dir='ltr'>hunc</span> <span class='ocrx_word' id='word_1_541' title='bbox 2115 771 2216 803; x_wconf 88' lang='lat' dir='ltr'>finem</span> 
     </span>
    </p>
   </div>
   <div class='ocr_carea' id='block_1_13' title="bbox 1197 814 2214 855">
    <p class='ocr_par' dir='ltr' id='par_1_13' title="bbox 1197 814 2214 855">
     <span class='ocr_line' id='line_1_73' title="bbox 1197 814 2214 855; baseline -0.002 -8"><span class='ocrx_word' id='word_1_542' title='bbox 1197 828 1199 834; x_wconf 91' lang='lat'>·</span> <span class='ocrx_word' id='word_1_543' title='bbox 1225 815 1389 847; x_wconf 87' lang='lat' dir='ltr'>Dominus</span> <span class='ocrx_word' id='word_1_544' title='bbox 1419 825 1495 846; x_wconf 89' lang='lat' dir='ltr'>suos</span> <span class='ocrx_word' id='word_1_545' title='bbox 1518 815 1636 855; x_wconf 90' lang='lat' dir='ltr'>spiritu</span> <span class='ocrx_word' id='word_1_546' title='bbox 1661 814 1868 847; x_wconf 89' lang='lat' dir='ltr'>discretionis</span> <span class='ocrx_word' id='word_1_547' title='bbox 1891 814 2037 853; x_wconf 87' lang='lat' dir='ltr'>instruit,</span> <span class='ocrx_word' id='word_1_548' title='bbox 2070 816 2107 846; x_wconf 85' lang='lat' dir='ltr'>ut</span> <span class='ocrx_word' id='word_1_549' title='bbox 2130 814 2214 846; x_wconf 89' lang='lat' dir='ltr'>iudi·</span> 
     </span>
    </p>
   </div>
   <div class='ocr_carea' id='block_1_14' title="bbox 1225 857 2217 1195">
    <p class='ocr_par' dir='ltr' id='par_1_14' title="bbox 1225 857 2217 1195">
     <span class='ocr_line' id='line_1_74' title="bbox 1225 857 2216 899; baseline -0.002 -8"><span class='ocrx_word' id='word_1_550' title='bbox 1225 863 1299 891; x_wconf 91' lang='lat' dir='ltr'>cent</span> <span class='ocrx_word' id='word_1_551' title='bbox 1330 857 1470 899; x_wconf 89' lang='lat' dir='ltr'>quando,</span> <span class='ocrx_word' id='word_1_552' title='bbox 1501 862 1534 889; x_wconf 90' lang='lat' dir='ltr'>et</span> <span class='ocrx_word' id='word_1_553' title='bbox 1564 868 1742 899; x_wconf 84' lang='lat' dir='ltr'>quousque,</span> <span class='ocrx_word' id='word_1_554' title='bbox 1771 862 1804 890; x_wconf 91' lang='lat' dir='ltr'>et</span> <span class='ocrx_word' id='word_1_555' title='bbox 1827 857 1915 899; x_wconf 90' lang='lat' dir='ltr'>apud</span> <span class='ocrx_word' id='word_1_556' title='bbox 1940 867 2023 899; x_wconf 89' lang='lat' dir='ltr'>quos</span> <span class='ocrx_word' id='word_1_557' title='bbox 2045 857 2136 899; x_wconf 91' lang='lat' dir='ltr'>loqui</span> <span class='ocrx_word' id='word_1_558' title='bbox 2159 868 2216 890; x_wconf 87' lang='lat' dir='ltr'>ex-</span> 
     </span>
     <span class='ocr_line' id='line_1_75' title="bbox 1226 901 2215 943; baseline 0 -10"><span class='ocrx_word' id='word_1_559' title='bbox 1226 901 1346 943; x_wconf 87' lang='lat' dir='ltr'>pediat.</span> <span class='ocrx_word' id='word_1_560' title='bbox 1381 901 1526 933; x_wconf 84' lang='lat' dir='ltr'>Tantum</span> <span class='ocrx_word' id='word_1_561' title='bbox 1550 901 1639 933; x_wconf 86' lang='lat' dir='ltr'>iubet</span> <span class='ocrx_word' id='word_1_562' title='bbox 1661 907 1792 942; x_wconf 83' lang='lat' dir='ltr'>paratos</span> <span class='ocrx_word' id='word_1_563' title='bbox 1811 911 1882 933; x_wconf 89' lang='lat' dir='ltr'>esse</span> <span class='ocrx_word' id='word_1_564' title='bbox 1898 901 1939 933; x_wconf 81' lang='lat' dir='ltr'>ad</span> <span class='ocrx_word' id='word_1_565' title='bbox 1956 901 2215 942; x_wconf 85' lang='lat' dir='ltr'>responsionem,</span> 
     </span>
     <span class='ocr_line' id='line_1_76' title="bbox 1229 943 2216 986; baseline 0 -9"><span class='ocrx_word' id='word_1_566' title='bbox 1229 956 1268 977; x_wconf 90' lang='lat' dir='ltr'>ne</span> <span class='ocrx_word' id='word_1_567' title='bbox 1303 956 1362 977; x_wconf 85' lang='lat' dir='ltr'>sua</span> <span class='ocrx_word' id='word_1_568' title='bbox 1395 943 1542 977; x_wconf 89' lang='lat' dir='ltr'>socordia</span> <span class='ocrx_word' id='word_1_569' title='bbox 1573 943 1624 975; x_wconf 89' lang='lat' dir='ltr'>vel</span> <span class='ocrx_word' id='word_1_570' title='bbox 1666 945 1787 986; x_wconf 87' lang='lat' dir='ltr'>ignavo</span> <span class='ocrx_word' id='word_1_571' title='bbox 1816 945 1925 977; x_wconf 86' lang='lat' dir='ltr'>carnis</span> <span class='ocrx_word' id='word_1_572' title='bbox 1957 949 2048 976; x_wconf 89' lang='lat' dir='ltr'>metu</span> <span class='ocrx_word' id='word_1_573' title='bbox 2088 944 2216 977; x_wconf 85' lang='lat' dir='ltr'>Christi</span> 
     </span>
     <span class='ocr_line' id='line_1_77' title="bbox 1228 987 2215 1029; baseline 0 -9"><span class='ocrx_word' id='word_1_574' title='bbox 1228 988 1409 1021; x_wconf 84' lang='lat' dir='ltr'>doctrinam</span> <span class='ocrx_word' id='word_1_575' title='bbox 1450 987 1627 1028; x_wconf 87' lang='lat' dir='ltr'>impiorum</span> <span class='ocrx_word' id='word_1_576' title='bbox 1672 987 1822 1020; x_wconf 91' lang='lat' dir='ltr'>ludibriis</span> <span class='ocrx_word' id='word_1_577' title='bbox 1866 987 1993 1020; x_wconf 90' lang='lat' dir='ltr'>silendo</span> <span class='ocrx_word' id='word_1_578' title='bbox 2039 993 2215 1029; x_wconf 85' lang='lat' dir='ltr'>exponant.</span> 
     </span>
     <span class='ocr_line' id='line_1_78' title="bbox 1229 1030 2216 1073; baseline -0.001 -9"><span class='ocrx_word' id='word_1_579' title='bbox 1229 1032 1369 1065; x_wconf 86' lang='lat' dir='ltr'>Summa</span> <span class='ocrx_word' id='word_1_580' title='bbox 1397 1041 1475 1073; x_wconf 87' lang='lat' dir='ltr'>ergo</span> <span class='ocrx_word' id='word_1_581' title='bbox 1505 1031 1568 1063; x_wconf 90' lang='lat' dir='ltr'>huc</span> <span class='ocrx_word' id='word_1_582' title='bbox 1598 1030 1713 1072; x_wconf 88' lang='lat' dir='ltr'>tendit,</span> <span class='ocrx_word' id='word_1_583' title='bbox 1745 1030 1862 1062; x_wconf 90' lang='lat' dir='ltr'>debere</span> <span class='ocrx_word' id='word_1_584' title='bbox 1888 1031 1980 1063; x_wconf 88' lang='lat' dir='ltr'>nobis</span> <span class='ocrx_word' id='word_1_585' title='bbox 2003 1032 2037 1063; x_wconf 93' lang='lat' dir='ltr'>in</span> <span class='ocrx_word' id='word_1_586' title='bbox 2062 1036 2216 1073; x_wconf 89' lang='lat' dir='ltr'>promptu</span> 
     </span>
     <span class='ocr_line' id='line_1_79' title="bbox 1229 1074 2216 1116; baseline -0.001 -8"><span class='ocrx_word' id='word_1_587' title='bbox 1229 1086 1300 1108; x_wconf 89' lang='lat' dir='ltr'>esse</span> <span class='ocrx_word' id='word_1_588' title='bbox 1323 1074 1398 1107; x_wconf 90' lang='lat' dir='ltr'>fidei</span> <span class='ocrx_word' id='word_1_589' title='bbox 1422 1074 1671 1112; x_wconf 86' lang='lat' dir='ltr'>confessionem,</span> <span class='ocrx_word' id='word_1_590' title='bbox 1701 1076 1740 1106; x_wconf 82' lang='lat' dir='ltr'>ut</span> <span class='ocrx_word' id='word_1_591' title='bbox 1762 1084 1835 1106; x_wconf 86' lang='lat' dir='ltr'>eam</span> <span class='ocrx_word' id='word_1_592' title='bbox 1860 1074 2064 1115; x_wconf 85' lang='lat' dir='ltr'>proferamus</span> <span class='ocrx_word' id='word_1_593' title='bbox 2087 1076 2216 1116; x_wconf 89' lang='lat' dir='ltr'>quoties</span> 
     </span>
     <span class='ocr_line' id='line_1_80' title="bbox 1229 1117 2216 1160; baseline -0.001 -9"><span class='ocrx_word' id='word_1_594' title='bbox 1229 1130 1310 1160; x_wconf 88' lang='lat' dir='ltr'>opus</span> <span class='ocrx_word' id='word_1_595' title='bbox 1333 1124 1393 1158; x_wconf 82' lang='lat' dir='ltr'>est,</span> <span class='ocrx_word' id='word_1_596' title='bbox 1418 1129 1458 1150; x_wconf 93' lang='lat' dir='ltr'>ne</span> <span class='ocrx_word' id='word_1_597' title='bbox 1481 1117 1643 1151; x_wconf 89' lang='lat' dir='ltr'>increduli</span> <span class='ocrx_word' id='word_1_598' title='bbox 1665 1128 1707 1149; x_wconf 88' lang='lat' dir='ltr'>ex</span> <span class='ocrx_word' id='word_1_599' title='bbox 1731 1124 1842 1149; x_wconf 91' lang='lat' dir='ltr'>nostro</span> <span class='ocrx_word' id='word_1_600' title='bbox 1865 1117 1995 1150; x_wconf 90' lang='lat' dir='ltr'>silentio</span> <span class='ocrx_word' id='word_1_601' title='bbox 2019 1123 2121 1151; x_wconf 86' lang='lat' dir='ltr'>totam</span> <span class='ocrx_word' id='word_1_602' title='bbox 2141 1118 2216 1151; x_wconf 88' lang='lat' dir='ltr'>reli-</span> 
     </span>
     <span class='ocr_line' id='line_1_81' title="bbox 1909 1161 2217 1195; baseline 0.006 -2"><span class='ocrx_word' id='word_1_603' title='bbox 1909 1161 2013 1194; x_wconf 88' lang='lat' dir='ltr'>Porro</span> <span class='ocrx_word' id='word_1_604' title='bbox 2036 1162 2217 1195; x_wconf 88' lang='lat' dir='ltr'>notandum</span> 
     </span>
    </p>
   </div>
   <div class='ocr_carea' id='block_1_15' title="bbox 1223 1248 2215 2690">
    <p class='ocr_par' dir='ltr' id='par_1_15' title="bbox 1223 1248 2215 2690">
     <span class='ocr_line' id='line_1_82' title="bbox 1230 1248 2215 1292; baseline 0 -10"><span class='ocrx_word' id='word_1_605' title='bbox 1230 1251 1356 1292; x_wconf 86' lang='lat' dir='ltr'>agitata</span> <span class='ocrx_word' id='word_1_606' title='bbox 1387 1249 1486 1281; x_wconf 81' lang='lat' dir='ltr'>fuerit</span> <span class='ocrx_word' id='word_1_607' title='bbox 1516 1248 1677 1291; x_wconf 86' lang='lat' dir='ltr'>quaestio,</span> <span class='ocrx_word' id='word_1_608' title='bbox 1713 1248 1818 1289; x_wconf 86' lang='lat' dir='ltr'>parati</span> <span class='ocrx_word' id='word_1_609' title='bbox 1849 1248 1891 1280; x_wconf 84' lang='lat' dir='ltr'>ad</span> <span class='ocrx_word' id='word_1_610' title='bbox 1921 1259 1993 1280; x_wconf 89' lang='lat' dir='ltr'>eam</span> <span class='ocrx_word' id='word_1_611' title='bbox 2024 1249 2215 1282; x_wconf 87' lang='lat' dir='ltr'>solvendam</span> 
     </span>
     <span class='ocr_line' id='line_1_83' title="bbox 1229 1292 2214 1334; baseline -0.001 -8"><span class='ocrx_word' id='word_1_612' title='bbox 1229 1295 1342 1326; x_wconf 91' lang='lat' dir='ltr'>simus.</span> <span class='ocrx_word' id='word_1_613' title='bbox 1388 1293 1505 1334; x_wconf 91' lang='lat' dir='ltr'>Neque</span> <span class='ocrx_word' id='word_1_614' title='bbox 1534 1293 1621 1324; x_wconf 90' lang='lat' dir='ltr'>enim</span> <span class='ocrx_word' id='word_1_615' title='bbox 1649 1292 1796 1324; x_wconf 92' lang='lat' dir='ltr'>omnium</span> <span class='ocrx_word' id='word_1_616' title='bbox 1828 1294 1879 1323; x_wconf 86' lang='lat' dir='ltr'>est</span> <span class='ocrx_word' id='word_1_617' title='bbox 1909 1292 1949 1324; x_wconf 92' lang='lat' dir='ltr'>de</span> <span class='ocrx_word' id='word_1_618' title='bbox 1979 1293 2096 1334; x_wconf 89' lang='lat' dir='ltr'>quovis</span> <span class='ocrx_word' id='word_1_619' title='bbox 2118 1303 2214 1334; x_wconf 86' lang='lat' dir='ltr'>argu-</span> 
     </span>
     <span class='ocr_line' id='line_1_84' title="bbox 1229 1335 2214 1377; baseline -0.001 -8"><span class='ocrx_word' id='word_1_620' title='bbox 1229 1343 1340 1369; x_wconf 90' lang='lat' dir='ltr'>mento</span> <span class='ocrx_word' id='word_1_621' title='bbox 1364 1336 1532 1369; x_wconf 89' lang='lat' dir='ltr'>disserere.</span> <span class='ocrx_word' id='word_1_622' title='bbox 1568 1335 1671 1377; x_wconf 89' lang='lat' dir='ltr'>Atqui</span> <span class='ocrx_word' id='word_1_623' title='bbox 1696 1335 1776 1368; x_wconf 89' lang='lat' dir='ltr'>haec</span> <span class='ocrx_word' id='word_1_624' title='bbox 1799 1336 1964 1377; x_wconf 86' lang='lat' dir='ltr'>generalis</span> <span class='ocrx_word' id='word_1_625' title='bbox 1987 1341 2037 1368; x_wconf 93' lang='lat' dir='ltr'>est</span> <span class='ocrx_word' id='word_1_626' title='bbox 2056 1336 2214 1376; x_wconf 84' lang='lat' dir='ltr'>doctrina,</span> 
     </span>
     <span class='ocr_line' id='line_1_85' title="bbox 1228 1379 2214 1422; baseline -0.001 -10"><span class='ocrx_word' id='word_1_627' title='bbox 1228 1391 1310 1422; x_wconf 89' lang='lat' dir='ltr'>quae</span> <span class='ocrx_word' id='word_1_628' title='bbox 1334 1380 1374 1412; x_wconf 86' lang='lat' dir='ltr'>ad</span> <span class='ocrx_word' id='word_1_629' title='bbox 1398 1380 1497 1412; x_wconf 90' lang='lat' dir='ltr'>rudes</span> <span class='ocrx_word' id='word_1_630' title='bbox 1520 1384 1552 1412; x_wconf 88' lang='lat' dir='ltr'>et</span> <span class='ocrx_word' id='word_1_631' title='bbox 1574 1379 1693 1412; x_wconf 88' lang='lat' dir='ltr'>idiotas</span> <span class='ocrx_word' id='word_1_632' title='bbox 1723 1380 1875 1421; x_wconf 86' lang='lat' dir='ltr'>pertinet.</span> <span class='ocrx_word' id='word_1_633' title='bbox 1923 1379 2012 1421; x_wconf 81' lang='lat' dir='ltr'>Ergo</span> <span class='ocrx_word' id='word_1_634' title='bbox 2036 1390 2101 1411; x_wconf 90' lang='lat' dir='ltr'>non</span> <span class='ocrx_word' id='word_1_635' title='bbox 2125 1379 2214 1411; x_wconf 85' lang='lat' dir='ltr'>aliud</span> 
     </span>
     <span class='ocr_line' id='line_1_86' title="bbox 1227 1422 2215 1465; baseline -0.001 -9"><span class='ocrx_word' id='word_1_636' title='bbox 1227 1425 1288 1457; x_wconf 87' lang='lat' dir='ltr'>sibi</span> <span class='ocrx_word' id='word_1_637' title='bbox 1319 1424 1390 1457; x_wconf 84' lang='lat' dir='ltr'>vult</span> <span class='ocrx_word' id='word_1_638' title='bbox 1414 1424 1546 1465; x_wconf 87' lang='lat' dir='ltr'>Petrus,</span> <span class='ocrx_word' id='word_1_639' title='bbox 1576 1423 1642 1454; x_wconf 84' lang='lat' dir='ltr'>nisi</span> <span class='ocrx_word' id='word_1_640' title='bbox 1673 1427 1710 1455; x_wconf 93' lang='lat' dir='ltr'>ut</span> <span class='ocrx_word' id='word_1_641' title='bbox 1740 1422 1929 1455; x_wconf 88' lang='lat' dir='ltr'>infidelibus</span> <span class='ocrx_word' id='word_1_642' title='bbox 1960 1422 2069 1464; x_wconf 88' lang='lat' dir='ltr'>palam</span> <span class='ocrx_word' id='word_1_643' title='bbox 2094 1422 2215 1455; x_wconf 82' lang='lat' dir='ltr'>faciant</span> 
     </span>
     <span class='ocr_line' id='line_1_87' title="bbox 1227 1466 2214 1508; baseline -0.002 -8"><span class='ocrx_word' id='word_1_644' title='bbox 1227 1468 1422 1506; x_wconf 82' lang='lat' dir='ltr'>Christiani,</span> <span class='ocrx_word' id='word_1_645' title='bbox 1446 1478 1480 1499; x_wconf 91' lang='lat' dir='ltr'>se</span> <span class='ocrx_word' id='word_1_646' title='bbox 1501 1467 1611 1499; x_wconf 89' lang='lat' dir='ltr'>Deum</span> <span class='ocrx_word' id='word_1_647' title='bbox 1635 1477 1716 1508; x_wconf 88' lang='lat' dir='ltr'>pure</span> <span class='ocrx_word' id='word_1_648' title='bbox 1740 1466 1856 1505; x_wconf 89' lang='lat' dir='ltr'>colere,</span> <span class='ocrx_word' id='word_1_649' title='bbox 1885 1471 1917 1498; x_wconf 88' lang='lat' dir='ltr'>et</span> <span class='ocrx_word' id='word_1_650' title='bbox 1939 1466 2132 1508; x_wconf 90' lang='lat' dir='ltr'>religionem</span> <span class='ocrx_word' id='word_1_651' title='bbox 2155 1466 2214 1499; x_wconf 88' lang='lat' dir='ltr'>ha-</span> 
     </span>
     <span class='ocr_line' id='line_1_88' title="bbox 1227 1510 2215 1551; baseline -0.002 -7"><span class='ocrx_word' id='word_1_652' title='bbox 1227 1511 1303 1544; x_wconf 89' lang='lat' dir='ltr'>bere</span> <span class='ocrx_word' id='word_1_653' title='bbox 1336 1516 1484 1544; x_wconf 81' lang='lat' dir='ltr'>sanctam</span> <span class='ocrx_word' id='word_1_654' title='bbox 1518 1521 1555 1544; x_wconf 84' lang='lat' dir='ltr'>ac</span> <span class='ocrx_word' id='word_1_655' title='bbox 1590 1515 1723 1542; x_wconf 88' lang='lat' dir='ltr'>rectam.</span> <span class='ocrx_word' id='word_1_656' title='bbox 1779 1511 1887 1551; x_wconf 89' lang='lat' dir='ltr'>Atque</span> <span class='ocrx_word' id='word_1_657' title='bbox 1921 1510 1955 1542; x_wconf 91' lang='lat' dir='ltr'>in</span> <span class='ocrx_word' id='word_1_658' title='bbox 1985 1521 2023 1543; x_wconf 93' lang='lat' dir='ltr'>eo</span> <span class='ocrx_word' id='word_1_659' title='bbox 2054 1510 2136 1542; x_wconf 91' lang='lat' dir='ltr'>nihil</span> <span class='ocrx_word' id='word_1_660' title='bbox 2166 1515 2215 1543; x_wconf 86' lang='lat' dir='ltr'>est</span> 
     </span>
     <span class='ocr_line' id='line_1_89' title="bbox 1226 1553 2214 1595; baseline -0.001 -8"><span class='ocrx_word' id='word_1_661' title='bbox 1226 1555 1441 1588; x_wconf 81' lang='lat' dir='ltr'>difficultatis.</span> <span class='ocrx_word' id='word_1_662' title='bbox 1480 1554 1577 1587; x_wconf 84' lang='lat' dir='ltr'>Esset</span> <span class='ocrx_word' id='word_1_663' title='bbox 1600 1554 1689 1586; x_wconf 91' lang='lat' dir='ltr'>enim</span> <span class='ocrx_word' id='word_1_664' title='bbox 1712 1553 1809 1586; x_wconf 89' lang='lat' dir='ltr'>nimis</span> <span class='ocrx_word' id='word_1_665' title='bbox 1832 1553 2022 1595; x_wconf 88' lang='lat' dir='ltr'>absurdum,</span> <span class='ocrx_word' id='word_1_666' title='bbox 2047 1564 2149 1595; x_wconf 92' lang='lat' dir='ltr'>quum</span> <span class='ocrx_word' id='word_1_667' title='bbox 2173 1554 2214 1586; x_wconf 89' lang='lat' dir='ltr'>de</span> 
     </span>
     <span class='ocr_line' id='line_1_90' title="bbox 1226 1597 2213 1640; baseline -0.001 -9"><span class='ocrx_word' id='word_1_668' title='bbox 1226 1599 1290 1632; x_wconf 91' lang='lat' dir='ltr'>fide</span> <span class='ocrx_word' id='word_1_669' title='bbox 1314 1604 1426 1631; x_wconf 88' lang='lat' dir='ltr'>nostra</span> <span class='ocrx_word' id='word_1_670' title='bbox 1450 1598 1612 1640; x_wconf 81' lang='lat' dir='ltr'>quispiam</span> <span class='ocrx_word' id='word_1_671' title='bbox 1637 1598 1786 1639; x_wconf 89' lang='lat' dir='ltr'>inquirit,</span> <span class='ocrx_word' id='word_1_672' title='bbox 1812 1597 1896 1629; x_wconf 90' lang='lat' dir='ltr'>nihil</span> <span class='ocrx_word' id='word_1_673' title='bbox 1920 1608 1978 1630; x_wconf 88' lang='lat' dir='ltr'>nos</span> <span class='ocrx_word' id='word_1_674' title='bbox 2002 1598 2150 1639; x_wconf 86' lang='lat' dir='ltr'>proferre</span> <span class='ocrx_word' id='word_1_675' title='bbox 2171 1598 2213 1630; x_wconf 88' lang='lat' dir='ltr'>ad</span> 
     </span>
     <span class='ocr_line' id='line_1_91' title="bbox 1226 1641 2214 1683; baseline -0.002 -8"><span class='ocrx_word' id='word_1_676' title='bbox 1226 1643 1295 1675; x_wconf 89' lang='lat' dir='ltr'>eius</span> <span class='ocrx_word' id='word_1_677' title='bbox 1325 1642 1561 1675; x_wconf 84' lang='lat' dir='ltr'>defensionem.</span> <span class='ocrx_word' id='word_1_678' title='bbox 1608 1641 1727 1674; x_wconf 81' lang='lat' dir='ltr'>Danda</span> <span class='ocrx_word' id='word_1_679' title='bbox 1757 1641 1846 1674; x_wconf 91' lang='lat' dir='ltr'>enim</span> <span class='ocrx_word' id='word_1_680' title='bbox 1877 1651 2008 1683; x_wconf 89' lang='lat' dir='ltr'>semper</span> <span class='ocrx_word' id='word_1_681' title='bbox 2037 1651 2137 1683; x_wconf 83' lang='lat' dir='ltr'>opera</span> <span class='ocrx_word' id='word_1_682' title='bbox 2164 1644 2214 1675; x_wconf 88' lang='lat' dir='ltr'>est</span> 
     </span>
     <span class='ocr_line' id='line_1_92' title="bbox 1227 1685 2215 1728; baseline 0 -10"><span class='ocrx_word' id='word_1_683' title='bbox 1227 1692 1262 1718; x_wconf 91' lang='lat' dir='ltr'>ut</span> <span class='ocrx_word' id='word_1_684' title='bbox 1292 1696 1406 1719; x_wconf 89' lang='lat' dir='ltr'>omnes</span> <span class='ocrx_word' id='word_1_685' title='bbox 1435 1689 1616 1728; x_wconf 82' lang='lat' dir='ltr'>agnoscant</span> <span class='ocrx_word' id='word_1_686' title='bbox 1647 1695 1707 1718; x_wconf 89' lang='lat' dir='ltr'>nos</span> <span class='ocrx_word' id='word_1_687' title='bbox 1730 1685 1840 1717; x_wconf 90' lang='lat' dir='ltr'>Deum</span> <span class='ocrx_word' id='word_1_688' title='bbox 1872 1685 1998 1727; x_wconf 89' lang='lat' dir='ltr'>timere,</span> <span class='ocrx_word' id='word_1_689' title='bbox 2028 1685 2146 1727; x_wconf 87' lang='lat' dir='ltr'>pieque</span> <span class='ocrx_word' id='word_1_690' title='bbox 2177 1696 2215 1718; x_wconf 88' lang='lat' dir='ltr'>ac</span> 
     </span>
     <span class='ocr_line' id='line_1_93' title="bbox 1226 1728 2213 1771; baseline 0.001 -9"><span class='ocrx_word' id='word_1_691' title='bbox 1226 1735 1416 1763; x_wconf 86' lang='lat' dir='ltr'>reverenter</span> <span class='ocrx_word' id='word_1_692' title='bbox 1453 1730 1575 1762; x_wconf 90' lang='lat' dir='ltr'>sentire</span> <span class='ocrx_word' id='word_1_693' title='bbox 1614 1728 1653 1761; x_wconf 89' lang='lat' dir='ltr'>de</span> <span class='ocrx_word' id='word_1_694' title='bbox 1691 1729 1839 1771; x_wconf 88' lang='lat' dir='ltr'>legitimo</span> <span class='ocrx_word' id='word_1_695' title='bbox 1878 1729 1947 1761; x_wconf 88' lang='lat' dir='ltr'>eius</span> <span class='ocrx_word' id='word_1_696' title='bbox 1985 1729 2085 1761; x_wconf 87' lang='lat' dir='ltr'>cultu.</span> <span class='ocrx_word' id='word_1_697' title='bbox 2140 1729 2213 1763; x_wconf 79' lang='lat' dir='ltr'>Hoc</span> 
     </span>
     <span class='ocr_line' id='line_1_94' title="bbox 1226 1771 2212 1815; baseline -0.001 -9"><span class='ocrx_word' id='word_1_698' title='bbox 1226 1774 1325 1806; x_wconf 84' lang='lat' dir='ltr'>etiam</span> <span class='ocrx_word' id='word_1_699' title='bbox 1356 1773 1508 1815; x_wconf 83' lang='lat' dir='ltr'>exigebat</span> <span class='ocrx_word' id='word_1_700' title='bbox 1539 1772 1696 1814; x_wconf 89' lang='lat' dir='ltr'>temporis</span> <span class='ocrx_word' id='word_1_701' title='bbox 1727 1772 1820 1805; x_wconf 87' lang='lat' dir='ltr'>ratio.</span> <span class='ocrx_word' id='word_1_702' title='bbox 1868 1772 2032 1814; x_wconf 85' lang='lat' dir='ltr'>Perquam</span> <span class='ocrx_word' id='word_1_703' title='bbox 2063 1771 2212 1805; x_wconf 89' lang='lat' dir='ltr'>odiosum</span> 
     </span>
     <span class='ocr_line' id='line_1_95' title="bbox 1226 1815 2213 1850; baseline -0.001 0"><span class='ocrx_word' id='word_1_704' title='bbox 1226 1824 1259 1850; x_wconf 89' lang='lat' dir='ltr'>et</span> <span class='ocrx_word' id='word_1_705' title='bbox 1284 1817 1404 1850; x_wconf 86' lang='lat' dir='ltr'>infame</span> <span class='ocrx_word' id='word_1_706' title='bbox 1427 1821 1498 1850; x_wconf 88' lang='lat' dir='ltr'>erat</span> <span class='ocrx_word' id='word_1_707' title='bbox 1521 1816 1740 1849; x_wconf 88' lang='lat' dir='ltr'>christianum</span> <span class='ocrx_word' id='word_1_708' title='bbox 1765 1826 1900 1848; x_wconf 88' lang='lat' dir='ltr'>nomen:</span> <span class='ocrx_word' id='word_1_709' title='bbox 1932 1815 2028 1848; x_wconf 90' lang='lat' dir='ltr'>multi</span> <span class='ocrx_word' id='word_1_710' title='bbox 2052 1816 2213 1849; x_wconf 87' lang='lat' dir='ltr'>nefariam</span> 
     </span>
     <span class='ocr_line' id='line_1_96' title="bbox 1227 1860 2211 1902; baseline -0.001 -9"><span class='ocrx_word' id='word_1_711' title='bbox 1227 1861 1403 1902; x_wconf 87' lang='lat' dir='ltr'>multisque</span> <span class='ocrx_word' id='word_1_712' title='bbox 1426 1860 1605 1902; x_wconf 86' lang='lat' dir='ltr'>sacrilegiis</span> <span class='ocrx_word' id='word_1_713' title='bbox 1629 1860 1783 1892; x_wconf 83' lang='lat' dir='ltr'>refertam</span> <span class='ocrx_word' id='word_1_714' title='bbox 1805 1870 1875 1892; x_wconf 88' lang='lat' dir='ltr'>esse</span> <span class='ocrx_word' id='word_1_715' title='bbox 1892 1864 2015 1892; x_wconf 89' lang='lat' dir='ltr'>sectam</span> <span class='ocrx_word' id='word_1_716' title='bbox 2039 1860 2211 1900; x_wconf 87' lang='lat' dir='ltr'>putabant.</span> 
     </span>
     <span class='ocr_line' id='line_1_97' title="bbox 1227 1902 2214 1946; baseline -0.002 -9"><span class='ocrx_word' id='word_1_717' title='bbox 1227 1905 1366 1938; x_wconf 80' lang='lat' dir='ltr'>Summa</span> <span class='ocrx_word' id='word_1_718' title='bbox 1396 1905 1497 1946; x_wconf 86' lang='lat' dir='ltr'>igitur</span> <span class='ocrx_word' id='word_1_719' title='bbox 1527 1904 1561 1935; x_wconf 91' lang='lat' dir='ltr'>in</span> <span class='ocrx_word' id='word_1_720' title='bbox 1588 1903 1695 1935; x_wconf 91' lang='lat' dir='ltr'>Deum</span> <span class='ocrx_word' id='word_1_721' title='bbox 1726 1903 1862 1944; x_wconf 90' lang='lat' dir='ltr'>perfidia</span> <span class='ocrx_word' id='word_1_722' title='bbox 1889 1902 2019 1941; x_wconf 88' lang='lat' dir='ltr'>fuisset,</span> <span class='ocrx_word' id='word_1_723' title='bbox 2048 1903 2074 1934; x_wconf 88' lang='lat' dir='ltr'>si</span> <span class='ocrx_word' id='word_1_724' title='bbox 2106 1904 2214 1945; x_wconf 85' lang='lat' dir='ltr'>rogati</span> 
     </span>
     <span class='ocr_line' id='line_1_98' title="bbox 1228 1946 2213 1990; baseline 0 -10"><span class='ocrx_word' id='word_1_725' title='bbox 1228 1949 1449 1990; x_wconf 83' lang='lat' dir='ltr'>neglexissent</span> <span class='ocrx_word' id='word_1_726' title='bbox 1466 1947 1595 1989; x_wconf 87' lang='lat' dir='ltr'>pietatis</span> <span class='ocrx_word' id='word_1_727' title='bbox 1607 1957 1685 1979; x_wconf 88' lang='lat' dir='ltr'>suae</span> <span class='ocrx_word' id='word_1_728' title='bbox 1702 1946 1925 1978; x_wconf 88' lang='lat' dir='ltr'>testimonium</span> <span class='ocrx_word' id='word_1_729' title='bbox 1942 1946 2088 1979; x_wconf 86' lang='lat' dir='ltr'>reddere.</span> <span class='ocrx_word' id='word_1_730' title='bbox 2112 1946 2213 1989; x_wconf 89' lang='lat' dir='ltr'>quue</span> 
     </span>
     <span class='ocr_line' id='line_1_99' title="bbox 1227 1990 2213 2034; baseline -0.001 -10"><span class='ocrx_word' id='word_1_731' title='bbox 1227 1993 1314 2033; x_wconf 89' lang='lat' dir='ltr'>(meo</span> <span class='ocrx_word' id='word_1_732' title='bbox 1337 1991 1470 2034; x_wconf 88' lang='lat' dir='ltr'>iudicio)</span> <span class='ocrx_word' id='word_1_733' title='bbox 1492 1991 1659 2033; x_wconf 86' lang='lat' dir='ltr'>significat</span> <span class='ocrx_word' id='word_1_734' title='bbox 1681 1990 1850 2033; x_wconf 87' lang='lat' dir='ltr'>apologiae</span> <span class='ocrx_word' id='word_1_735' title='bbox 1870 2000 1988 2022; x_wconf 90' lang='lat' dir='ltr'>nomen</span> <span class='ocrx_word' id='word_1_736' title='bbox 2007 2000 2073 2031; x_wconf 91' lang='lat' dir='ltr'>quo</span> <span class='ocrx_word' id='word_1_737' title='bbox 2090 1990 2213 2023; x_wconf 88' lang='lat' dir='ltr'>Petrus</span> 
     </span>
     <span class='ocr_line' id='line_1_100' title="bbox 1228 2032 2211 2077; baseline -0.001 -9"><span class='ocrx_word' id='word_1_738' title='bbox 1228 2037 1347 2068; x_wconf 88' lang='lat' dir='ltr'>utitur:</span> <span class='ocrx_word' id='word_1_739' title='bbox 1379 2045 1497 2077; x_wconf 88' lang='lat' dir='ltr'>nempe</span> <span class='ocrx_word' id='word_1_740' title='bbox 1525 2039 1561 2066; x_wconf 89' lang='lat' dir='ltr'>ut</span> <span class='ocrx_word' id='word_1_741' title='bbox 1584 2034 1765 2067; x_wconf 84' lang='lat' dir='ltr'>Christiani</span> <span class='ocrx_word' id='word_1_742' title='bbox 1795 2038 1953 2066; x_wconf 86' lang='lat' dir='ltr'>testatum</span> <span class='ocrx_word' id='word_1_743' title='bbox 1978 2032 2103 2066; x_wconf 91' lang='lat' dir='ltr'>mundo</span> <span class='ocrx_word' id='word_1_744' title='bbox 2126 2034 2211 2067; x_wconf 77' lang='lat' dir='ltr'>faee—</span> 
     </span>
     <span class='ocr_line' id='line_1_101' title="bbox 1226 2078 2213 2121; baseline -0.001 -10"><span class='ocrx_word' id='word_1_745' title='bbox 1226 2085 1310 2121; x_wconf 88' lang='lat' dir='ltr'>rent,</span> <span class='ocrx_word' id='word_1_746' title='bbox 1333 2091 1368 2111; x_wconf 87' lang='lat' dir='ltr'>se</span> <span class='ocrx_word' id='word_1_747' title='bbox 1391 2079 1503 2121; x_wconf 88' lang='lat' dir='ltr'>procul</span> <span class='ocrx_word' id='word_1_748' title='bbox 1520 2079 1560 2110; x_wconf 88' lang='lat' dir='ltr'>ab</span> <span class='ocrx_word' id='word_1_749' title='bbox 1584 2078 1672 2110; x_wconf 91' lang='lat' dir='ltr'>omni</span> <span class='ocrx_word' id='word_1_750' title='bbox 1694 2078 1871 2119; x_wconf 81' lang='lat' dir='ltr'>impietate,</span> <span class='ocrx_word' id='word_1_751' title='bbox 1894 2087 2054 2119; x_wconf 86' lang='lat' dir='ltr'>veraeque</span> <span class='ocrx_word' id='word_1_752' title='bbox 2083 2078 2213 2119; x_wconf 86' lang='lat' dir='ltr'>pietatis</span> 
     </span>
     <span class='ocr_line' id='line_1_102' title="bbox 1226 2121 2212 2164; baseline -0.002 -9"><span class='ocrx_word' id='word_1_753' title='bbox 1226 2123 1412 2164; x_wconf 88' lang='lat' dir='ltr'>corruptela</span> <span class='ocrx_word' id='word_1_754' title='bbox 1446 2123 1574 2155; x_wconf 85' lang='lat' dir='ltr'>abesse:</span> <span class='ocrx_word' id='word_1_755' title='bbox 1611 2132 1674 2163; x_wconf 88' lang='lat' dir='ltr'>quo</span> <span class='ocrx_word' id='word_1_756' title='bbox 1709 2123 1840 2154; x_wconf 91' lang='lat' dir='ltr'>nomine</span> <span class='ocrx_word' id='word_1_757' title='bbox 1872 2121 2036 2163; x_wconf 89' lang='lat' dir='ltr'>imperitis</span> <span class='ocrx_word' id='word_1_758' title='bbox 2067 2122 2212 2163; x_wconf 87' lang='lat' dir='ltr'>suspecti</span> 
     </span>
     <span class='ocr_line' id='line_1_103' title="bbox 1226 2164 2211 2208; baseline -0.002 -9"><span class='ocrx_word' id='word_1_759' title='bbox 1226 2173 1330 2199; x_wconf 84' lang='lat' dir='ltr'>erant.</span> <span class='ocrx_word' id='word_1_760' title='bbox 1369 2167 1476 2208; x_wconf 83' lang='lat' dir='ltr'>Spes</span> <span class='ocrx_word' id='word_1_761' title='bbox 1500 2166 1552 2198; x_wconf 90' lang='lat' dir='ltr'>hic</span> <span class='ocrx_word' id='word_1_762' title='bbox 1576 2176 1634 2207; x_wconf 89' lang='lat' dir='ltr'>per</span> <span class='ocrx_word' id='word_1_763' title='bbox 1657 2165 1887 2207; x_wconf 84' lang='lat' dir='ltr'>synecdochen</span> <span class='ocrx_word' id='word_1_764' title='bbox 1911 2175 1970 2206; x_wconf 89' lang='lat' dir='ltr'>pro</span> <span class='ocrx_word' id='word_1_765' title='bbox 1989 2164 2053 2197; x_wconf 89' lang='lat' dir='ltr'>fide</span> <span class='ocrx_word' id='word_1_766' title='bbox 2072 2165 2211 2207; x_wconf 86' lang='lat' dir='ltr'>capitur.</span> 
     </span>
     <span class='ocr_line' id='line_1_104' title="bbox 1226 2209 2213 2251; baseline -0.002 -8"><span class='ocrx_word' id='word_1_767' title='bbox 1226 2211 1339 2251; x_wconf 86' lang='lat' dir='ltr'>Neque</span> <span class='ocrx_word' id='word_1_768' title='bbox 1374 2216 1485 2242; x_wconf 90' lang='lat' dir='ltr'>tamen</span> <span class='ocrx_word' id='word_1_769' title='bbox 1519 2209 1569 2251; x_wconf 90' lang='lat' dir='ltr'>(ut</span> <span class='ocrx_word' id='word_1_770' title='bbox 1600 2209 1723 2242; x_wconf 88' lang='lat' dir='ltr'>dictum</span> <span class='ocrx_word' id='word_1_771' title='bbox 1756 2209 1818 2251; x_wconf 89' lang='lat' dir='ltr'>est)</span> <span class='ocrx_word' id='word_1_772' title='bbox 1853 2209 1989 2250; x_wconf 86' lang='lat' dir='ltr'>requirit</span> <span class='ocrx_word' id='word_1_773' title='bbox 2021 2209 2140 2241; x_wconf 88' lang='lat' dir='ltr'>Petrus</span> <span class='ocrx_word' id='word_1_774' title='bbox 2175 2212 2213 2241; x_wconf 89' lang='lat' dir='ltr'>ut</span> 
     </span>
     <span class='ocr_line' id='line_1_105' title="bbox 1225 2252 2212 2294; baseline -0.001 -8"><span class='ocrx_word' id='word_1_775' title='bbox 1225 2255 1379 2287; x_wconf 86' lang='lat' dir='ltr'>distincte</span> <span class='ocrx_word' id='word_1_776' title='bbox 1409 2259 1441 2285; x_wconf 90' lang='lat' dir='ltr'>et</span> <span class='ocrx_word' id='word_1_777' title='bbox 1471 2252 1637 2286; x_wconf 88' lang='lat' dir='ltr'>subtiliter</span> <span class='ocrx_word' id='word_1_778' title='bbox 1664 2254 1772 2286; x_wconf 89' lang='lat' dir='ltr'>sciant</span> <span class='ocrx_word' id='word_1_779' title='bbox 1801 2253 1840 2285; x_wconf 89' lang='lat' dir='ltr'>de</span> <span class='ocrx_word' id='word_1_780' title='bbox 1868 2252 2008 2294; x_wconf 85' lang='lat' dir='ltr'>singulis</span> <span class='ocrx_word' id='word_1_781' title='bbox 2032 2252 2111 2284; x_wconf 91' lang='lat' dir='ltr'>fidei</span> <span class='ocrx_word' id='word_1_782' title='bbox 2134 2252 2212 2285; x_wconf 87' lang='lat' dir='ltr'>arti-</span> 
     </span>
     <span class='ocr_line' id='line_1_106' title="bbox 1225 2295 2211 2339; baseline -0.002 -9"><span class='ocrx_word' id='word_1_783' title='bbox 1225 2298 1305 2331; x_wconf 84' lang='lat' dir='ltr'>culis</span> <span class='ocrx_word' id='word_1_784' title='bbox 1329 2298 1511 2339; x_wconf 88' lang='lat' dir='ltr'>disputare:</span> <span class='ocrx_word' id='word_1_785' title='bbox 1543 2297 1599 2329; x_wconf 90' lang='lat' dir='ltr'>sed</span> <span class='ocrx_word' id='word_1_786' title='bbox 1628 2301 1759 2328; x_wconf 88' lang='lat' dir='ltr'>tantum</span> <span class='ocrx_word' id='word_1_787' title='bbox 1790 2300 1828 2328; x_wconf 91' lang='lat' dir='ltr'>ut</span> <span class='ocrx_word' id='word_1_788' title='bbox 1850 2295 2029 2328; x_wconf 83' lang='lat' dir='ltr'>ostendant</span> <span class='ocrx_word' id='word_1_789' title='bbox 2052 2295 2152 2328; x_wconf 91' lang='lat' dir='ltr'>fidem</span> <span class='ocrx_word' id='word_1_790' title='bbox 2176 2296 2211 2328; x_wconf 90' lang='lat' dir='ltr'>in</span> 
     </span>
     <span class='ocr_line' id='line_1_107' title="bbox 1225 2339 2211 2381; baseline -0.001 -7"><span class='ocrx_word' id='word_1_791' title='bbox 1225 2342 1395 2374; x_wconf 88' lang='lat' dir='ltr'>Christum</span> <span class='ocrx_word' id='word_1_792' title='bbox 1428 2351 1525 2373; x_wconf 91' lang='lat' dir='ltr'>verae</span> <span class='ocrx_word' id='word_1_793' title='bbox 1555 2341 1667 2381; x_wconf 87' lang='lat' dir='ltr'>pietati</span> <span class='ocrx_word' id='word_1_794' title='bbox 1699 2350 1769 2372; x_wconf 90' lang='lat' dir='ltr'>esse</span> <span class='ocrx_word' id='word_1_795' title='bbox 1799 2344 2065 2372; x_wconf 85' lang='lat' dir='ltr'>consentaneam.</span> <span class='ocrx_word' id='word_1_796' title='bbox 2121 2339 2211 2373; x_wconf 84' lang='lat' dir='ltr'>Hinc</span> 
     </span>
     <span class='ocr_line' id='line_1_108' title="bbox 1226 2382 2210 2426; baseline -0.003 -7"><span class='ocrx_word' id='word_1_797' title='bbox 1226 2396 1302 2418; x_wconf 87' lang='lat' dir='ltr'>vero</span> <span class='ocrx_word' id='word_1_798' title='bbox 1340 2385 1537 2426; x_wconf 87' lang='lat' dir='ltr'>colligimus,</span> <span class='ocrx_word' id='word_1_799' title='bbox 1577 2394 1749 2425; x_wconf 83' lang='lat' dir='ltr'>perperam</span> <span class='ocrx_word' id='word_1_800' title='bbox 1773 2382 2044 2416; x_wconf 82' lang='lat' dir='ltr'>Christianorum</span> <span class='ocrx_word' id='word_1_801' title='bbox 2079 2383 2210 2416; x_wconf 87' lang='lat' dir='ltr'>nomine</span> 
     </span>
     <span class='ocr_line' id='line_1_109' title="bbox 1224 2426 2210 2469; baseline -0.001 -8"><span class='ocrx_word' id='word_1_802' title='bbox 1224 2440 1338 2462; x_wconf 91' lang='lat' dir='ltr'>omnes</span> <span class='ocrx_word' id='word_1_803' title='bbox 1369 2428 1469 2466; x_wconf 87' lang='lat' dir='ltr'>abuti,</span> <span class='ocrx_word' id='word_1_804' title='bbox 1498 2427 1553 2469; x_wconf 91' lang='lat' dir='ltr'>qui</span> <span class='ocrx_word' id='word_1_805' title='bbox 1582 2427 1664 2459; x_wconf 88' lang='lat' dir='ltr'>nihil</span> <span class='ocrx_word' id='word_1_806' title='bbox 1688 2428 1767 2460; x_wconf 89' lang='lat' dir='ltr'>certi</span> <span class='ocrx_word' id='word_1_807' title='bbox 1792 2432 1917 2467; x_wconf 90' lang='lat' dir='ltr'>tenent,</span> <span class='ocrx_word' id='word_1_808' title='bbox 1949 2437 2009 2459; x_wconf 89' lang='lat' dir='ltr'>nec</span> <span class='ocrx_word' id='word_1_809' title='bbox 2032 2426 2210 2468; x_wconf 87' lang='lat' dir='ltr'>quidquam</span> 
     </span>
     <span class='ocr_line' id='line_1_110' title="bbox 1226 2469 2212 2514; baseline -0.002 -9"><span class='ocrx_word' id='word_1_810' title='bbox 1226 2474 1346 2505; x_wconf 92' lang='lat' dir='ltr'>habent</span> <span class='ocrx_word' id='word_1_811' title='bbox 1369 2471 1454 2514; x_wconf 90' lang='lat' dir='ltr'>quod</span> <span class='ocrx_word' id='word_1_812' title='bbox 1478 2471 1698 2512; x_wconf 83' lang='lat' dir='ltr'>respondeant</span> <span class='ocrx_word' id='word_1_813' title='bbox 1721 2471 1761 2502; x_wconf 90' lang='lat' dir='ltr'>de</span> <span class='ocrx_word' id='word_1_814' title='bbox 1784 2470 1848 2503; x_wconf 91' lang='lat' dir='ltr'>fide</span> <span class='ocrx_word' id='word_1_815' title='bbox 1871 2480 1941 2503; x_wconf 83' lang='lat' dir='ltr'>sua.</span> <span class='ocrx_word' id='word_1_816' title='bbox 1987 2469 2053 2503; x_wconf 81' lang='lat' dir='ltr'>Sed</span> <span class='ocrx_word' id='word_1_817' title='bbox 2078 2481 2212 2504; x_wconf 88' lang='lat' dir='ltr'>rursum</span> 
     </span>
     <span class='ocr_line' id='line_1_111' title="bbox 1224 2514 2210 2558; baseline -0.003 -9"><span class='ocrx_word' id='word_1_818' title='bbox 1224 2516 1363 2558; x_wconf 88' lang='lat' dir='ltr'>expendi</span> <span class='ocrx_word' id='word_1_819' title='bbox 1394 2514 1508 2548; x_wconf 90' lang='lat' dir='ltr'>sedulo</span> <span class='ocrx_word' id='word_1_820' title='bbox 1538 2514 1634 2547; x_wconf 88' lang='lat' dir='ltr'>debet</span> <span class='ocrx_word' id='word_1_821' title='bbox 1665 2514 1751 2556; x_wconf 89' lang='lat' dir='ltr'>quod</span> <span class='ocrx_word' id='word_1_822' title='bbox 1782 2514 1874 2554; x_wconf 88' lang='lat' dir='ltr'>dicit,</span> <span class='ocrx_word' id='word_1_823' title='bbox 1910 2514 2000 2547; x_wconf 89' lang='lat' dir='ltr'>eius</span> <span class='ocrx_word' id='word_1_824' title='bbox 2032 2524 2136 2556; x_wconf 88' lang='lat' dir='ltr'>quae</span> <span class='ocrx_word' id='word_1_825' title='bbox 2167 2514 2210 2546; x_wconf 89' lang='lat' dir='ltr'>in</span> 
     </span>
     <span class='ocr_line' id='line_1_112' title="bbox 1225 2557 2210 2600; baseline -0.003 -7"><span class='ocrx_word' id='word_1_826' title='bbox 1225 2561 1343 2593; x_wconf 88' lang='lat' dir='ltr'>vobis</span> <span class='ocrx_word' id='word_1_827' title='bbox 1381 2564 1444 2592; x_wconf 91' lang='lat' dir='ltr'>est</span> <span class='ocrx_word' id='word_1_828' title='bbox 1482 2558 1580 2600; x_wconf 88' lang='lat' dir='ltr'>spei.</span> <span class='ocrx_word' id='word_1_829' title='bbox 1638 2558 1812 2599; x_wconf 85' lang='lat' dir='ltr'>Significat</span> <span class='ocrx_word' id='word_1_830' title='bbox 1846 2558 1934 2590; x_wconf 91' lang='lat' dir='ltr'>enim</span> <span class='ocrx_word' id='word_1_831' title='bbox 1970 2567 2043 2590; x_wconf 90' lang='lat' dir='ltr'>eam</span> <span class='ocrx_word' id='word_1_832' title='bbox 2077 2557 2210 2591; x_wconf 89' lang='lat' dir='ltr'>demum</span> 
     </span>
     <span class='ocr_line' id='line_1_113' title="bbox 1223 2600 2209 2643; baseline -0.004 -6"><span class='ocrx_word' id='word_1_833' title='bbox 1223 2603 1461 2638; x_wconf 79' lang='lat' dir='ltr'>consessionem</span> <span class='ocrx_word' id='word_1_834' title='bbox 1493 2601 1623 2643; x_wconf 84' lang='lat' dir='ltr'>probari</span> <span class='ocrx_word' id='word_1_835' title='bbox 1653 2601 1738 2641; x_wconf 92' lang='lat' dir='ltr'>Deo,</span> <span class='ocrx_word' id='word_1_836' title='bbox 1771 2612 1854 2643; x_wconf 88' lang='lat' dir='ltr'>quae</span> <span class='ocrx_word' id='word_1_837' title='bbox 1883 2612 1923 2634; x_wconf 86' lang='lat' dir='ltr'>ex</span> <span class='ocrx_word' id='word_1_838' title='bbox 1951 2600 2048 2634; x_wconf 89' lang='lat' dir='ltr'>eorde</span> <span class='ocrx_word' id='word_1_839' title='bbox 2079 2605 2209 2634; x_wconf 80' lang='lat' dir='ltr'>manat:</span> 
     </span>
     <span class='ocr_line' id='line_1_114' title="bbox 1223 2645 2211 2690; baseline -0.003 -10"><span class='ocrx_word' id='word_1_840' title='bbox 1223 2649 1299 2690; x_wconf 91' lang='lat' dir='ltr'>quia</span> <span class='ocrx_word' id='word_1_841' title='bbox 1323 2647 1384 2680; x_wconf 89' lang='lat' dir='ltr'>nisi</span> <span class='ocrx_word' id='word_1_842' title='bbox 1408 2648 1498 2679; x_wconf 89' lang='lat' dir='ltr'>intus</span> <span class='ocrx_word' id='word_1_843' title='bbox 1522 2645 1662 2678; x_wconf 89' lang='lat' dir='ltr'>resideat</span> <span class='ocrx_word' id='word_1_844' title='bbox 1681 2645 1770 2685; x_wconf 86' lang='lat' dir='ltr'>fides,</span> <span class='ocrx_word' id='word_1_845' title='bbox 1795 2645 1919 2678; x_wconf 75' lang='lat' dir='ltr'>frustra</span> <span class='ocrx_word' id='word_1_846' title='bbox 1935 2645 2060 2687; x_wconf 87' lang='lat' dir='ltr'>garriet</span> <span class='ocrx_word' id='word_1_847' title='bbox 2083 2645 2211 2688; x_wconf 82' lang='lat' dir='ltr'>lingua:</span> 
     </span>
    </p>
   </div>
   <div class='ocr_carea' id='block_1_16' title="bbox 1948 2705 1995 2731">
    <p class='ocr_par' dir='ltr' id='par_1_16' title="bbox 1948 2705 1995 2731">
     <span class='ocr_line' id='line_1_115' title="bbox 1948 2705 1995 2731; baseline 0 0"><span class='ocrx_word' id='word_1_848' title='bbox 1948 2705 1995 2731; x_wconf 81' lang='lat'>17·</span> 
     </span>
    </p>
   </div>
  </div>
 </body>
</html>
