2513 3126
283 214 345 243 31¹.)

282 308 441 348 cupiditas
480 307 679 343 dominatur,
713 313 744 336 ct
779 305 942 336 hominem
982 306 1026 337 ita
1060 305 1280 346 implicitum'

283 356 373 382 tenet
397 358 429 381 ut
454 360 516 380 non
535 348 653 388 cogitet
677 348 715 379 dc
738 348 867 380 coelesti
893 349 968 386 vita,
994 349 1058 381 illic
1082 356 1131 380 est
1155 348 1253 380 belui-

283 405 342 425 nus
365 399 488 432 stupor.

370 435 407 466 Sa·
418 435 488 474 quis
499 433 602 474 diliyit
619 434 780 465 mundum.
818 434 1020 474 Argumento
1044 445 1062 466 a
1084 434 1255 466 contrariis

282 478 393 519 probat
425 487 518 516 quam
548 486 677 508 necesse
707 477 751 508 sit
785 476 895 508 mundi
930 487 1073 509 amorem
1107 477 1255 516 abiicere,

281 522 307 552 si
340 520 476 551 velimus
511 519 636 559 placore
667 518 745 550 Deo.
803 519 905 559 quue
940 524 1049 560 postea
1082 520 1255 551 confirmat

282 568 472 603 argumento
489 573 506 592 a
524 562 796 602 repugnantibus:
820 562 897 602 quia
921 573 1001 603 quac
1025 563 1155 603 propria
1177 568 1255 594 sunt

281 604 410 643 muudi,
444 615 517 636 cum
552 604 620 636 Deo
656 615 786 644 prorsus
821 605 1007 637 dissideant.
1063 605 1254 637 Tenendum

281 653 329 680 cst
353 647 436 688 quod
462 648 523 678 iam
550 647 628 687 dixi,
654 647 704 678 hic
728 648 832 679 notari
860 647 1029 688 profanum
1054 649 1138 680 vitae
1162 649 1254 679 insti-

280 693 405 727 tutum,
430 690 513 730 quod
538 690 619 721 nihil
639 689 735 721 habet
758 701 831 722 cum
856 702 956 732 regno
982 691 1043 723 Dei
1065 701 1253 723 commune:

280 733 336 765 ubi
360 734 405 765 sic
430 734 629 774 degenerant
654 733 818 774 homines,
842 739 878 765 ut
902 735 1063 774 praesenti
1089 735 1153 765 vita
1176 744 1253 766 con-

279 776 371 814 tenti,
396 775 498 807 nihilo
521 776 594 815 plus
618 775 656 807 do
680 776 855 808 immortali
891 778 959 808 vita
985 777 1128 818 cogitent
1158 787 1253 816 quam

280 818 395 850 brutae
419 818 565 858 pecudes.
601 819 688 859 Ergo
712 819 858 860 quisquis
881 821 926 851 ita
948 830 982 852 se
1007 820 1145 852 terrenis
1169 820 1254 859 cupi-

281 861 434 893 ditatibus
458 862 629 901 mancipat,
655 872 719 893 non
744 868 850 902 potest
874 862 935 894 Dei
960 873 1038 894 esse.

368 904 416 935 16.
447 904 566 944 Nempe
577 905 823 944 coaewupisceutia
839 905 953 938 carnis.
979 906 1082 937 Vetus
1095 906 1256 944 interpres

280 947 389 978 aliter:
425 957 498 978 uam
534 959 573 978 ex
606 958 671 978 una
701 949 863 979 sententia
893 948 974 979 duas
1005 948 1090 980 facit.
1136 947 1256 978 Melius

281 989 408 1028 Graeci,
432 989 487 1030 qui
512 1000 576 1021 uno
600 996 755 1022 contextu
778 990 907 1032 legunt,
932 991 1003 1022 Non
1027 1000 1096 1022 esse
1120 1001 1160 1021 ex
1186 990 1255 1021 Deo

281 1032 438 1073 quidquid
463 1037 511 1064 est
534 1033 662 1064 mundi:
685 1039 718 1064 et
741 1040 807 1065 tres
830 1033 1110 1074 concupiscentiae
1133 1033 1256 1073 species

281 1076 490 1113 interserunt,
509 1076 656 1107 oratione
674 1087 736 1107 non
754 1077 900 1117 abrupta.
933 1077 1015 1108 Nam
1033 1076 1256 1116 explicationis

280 1118 350 1150 vice
375 1119 566 1159 interposuit
589 1118 754 1150 Iohannes
778 1119 858 1151 haec
888 1120 979 1160 quasi
1010 1119 1074 1150 tria
1096 1118 1256 1159 exempla,

280 1165 315 1192 ut
331 1162 518 1192 summatim
536 1161 723 1193 ostenderet
736 1162 845 1202 qualia
861 1167 938 1194 sunt
956 1162 1065 1193 studia
1089 1166 1121 1192 et
1143 1161 1255 1202 quales

280 1214 389 1235 eorum
420 1204 647 1236 meditationes
678 1205 733 1245 qui
763 1205 883 1236 mundo
915 1205 1038 1236 vivunt.
1084 1204 1187 1235 Porro
1215 1214 1255 1235 an

280 1246 376 1288 plena
399 1247 441 1278 sit
464 1252 496 1278 et
519 1247 647 1288 integra
670 1248 814 1287 partitio,
838 1258 905 1279 non
929 1257 1124 1288 magnopere
1148 1247 1254 1279 refert.

281 1290 488 1330 Quamquam
520 1300 581 1321 non
614 1291 754 1331 reperies
785 1290 946 1322 hominem
971 1290 1190 1330 mundanum,
1220 1291 1255 1321 in

282 1343 344 1373 quo
375 1342 441 1364 non
465 1338 602 1373 regnent
625 1333 706 1364 istae
735 1333 942 1373 cupiditates,
976 1333 1026 1364 vel
1053 1333 1167 1365 saltem
1192 1343 1256 1364 una

280 1385 402 1407 earum.
437 1375 554 1407 Restat
577 1381 611 1406 ut
628 1375 795 1407 videamus
817 1376 894 1416 quid
917 1386 975 1417 per
991 1385 1254 1416 unamquamque

280 1417 451 1458 intelligat.
496 1418 644 1449 Primum
668 1419 848 1450 membrum
880 1419 1077 1460 generaliter
1100 1419 1139 1450 de
1164 1418 1254 1451 vitio-

281 1462 325 1493 sis
348 1460 499 1492 omnibus
522 1461 793 1501 concupiscentiis
816 1463 934 1502 exponi
957 1462 1053 1494 solet:
1082 1462 1158 1503 quia
1180 1471 1254 1493 caro

280 1508 382 1536 totam
405 1503 545 1535 hominis
568 1509 753 1544 corruptam
784 1509 934 1536 naturam
965 1505 1137 1545 significat.
1182 1504 1255 1545 Ego

281 1546 413 1578 tametsi
437 1546 535 1577 nolim
561 1546 771 1585 contendere,
802 1547 1009 1579 dissimulare
1037 1552 1147 1579 tamen
1171 1548 1255 1588 nolo,

283 1589 450 1621 diversum
467 1600 597 1621 sensum
617 1589 698 1620 mihi
722 1589 861 1630 probari.
897 1590 1006 1630 Quum
1028 1595 1116 1623 vetat
1133 1590 1256 1622 Paulus

280 1632 341 1664 Ro.
367 1631 416 1671 13,
441 1632 490 1670 14,
513 1633 618 1664 carnis
642 1643 753 1664 euram
778 1633 889 1665 haberi
913 1632 953 1664 ad
969 1633 1256 1674 concupiscentias,

280 1674 360 1706 mihi
399 1675 528 1707 videtur
565 1675 708 1715 optimus
743 1686 814 1708 esse
850 1676 947 1708 huius
985 1676 1046 1708 loci
1085 1678 1255 1716 interpres.

282 1717 371 1757 Quid
387 1723 435 1749 est
450 1718 516 1750 illic
531 1727 624 1750 caro:
641 1718 766 1759 Nempe
781 1729 898 1760 corpus
910 1723 943 1751 et
961 1719 1032 1751 eius
1044 1720 1255 1752 accessiones.

281 1760 369 1800 Quid
392 1770 469 1801 ergo
492 1766 540 1792 est
563 1761 671 1793 carnis
693 1761 867 1802 cupiditas,
897 1762 960 1794 nisi
984 1773 1082 1803 quum
1107 1762 1256 1794 homines

281 1804 402 1835 terreni
432 1803 574 1835 molliter
605 1809 638 1835 et
665 1803 799 1836 delicate
822 1806 931 1837 vivere
954 1810 1158 1846 appetentes,
1190 1805 1256 1837 suis

282 1850 410 1878 tantum
423 1847 601 1878 commodis
616 1847 735 1878 intenti
751 1855 843 1879 sunt:
866 1848 952 1880 Nota
974 1853 1024 1880 est
1046 1859 1085 1880 ex
1099 1848 1256 1881 Cicerone

283 1893 316 1920 et
333 1889 405 1920 aliis
433 1890 629 1921 trimembris
641 1890 776 1930 Epicuri
793 1892 935 1930 partitio,
952 1902 1015 1932 qua
1030 1891 1116 1923 inter
1132 1891 1255 1932 cupidi-

282 1935 366 1963 tates
390 1931 558 1964 discernit:
583 1943 684 1973 quum
710 1933 790 1964 alias
808 1933 885 1965 facit
906 1933 1070 1966 naturales
1093 1940 1125 1966 et
1147 1945 1256 1966 neces-

283 1973 400 2005 sarias:
424 1974 502 2006 alias
525 1975 699 2014 naturales,
724 1986 788 2007 non
810 1982 917 2008 tamen
942 1977 1153 2009 necessarias:
1177 1977 1256 2009 alias

284 2026 342 2048 nec
359 2017 535 2055 naturales,
559 2028 619 2049 nec
635 2019 843 2050 necessarias.
875 2018 998 2051 Verum
1014 2018 1189 2058 Iohannes,
1205 2020 1256 2051 cui

283 2064 362 2090 nota
395 2065 465 2090 erat
497 2059 602 2091 cordis
636 2060 771 2092 humani
805 2060 934 2101 ἀταξία,
970 2073 1084 2095 secure
1122 2062 1256 2094 damnat

284 2101 496 2142 cupiditatem
541 2103 664 2141 carnis,
708 2104 784 2143 quia
828 2114 956 2145 semper
999 2105 1256 2146 intemperanter

283 2144 418 2182 diffluat,
444 2155 502 2176 nec
526 2145 783 2177 mediocritatem
807 2153 923 2178 servet.
955 2147 1073 2179 Postea
1095 2148 1255 2189 gradatim

283 2186 471 2219 conscendit
505 2187 545 2219 ad
576 2188 733 2219 crassiora
769 2189 855 2221 vitia.
901 2190 1130 2230 Cupiditas
1162 2201 1255 2222 ocu-

282 2230 417 2261 lorum
441 2229 525 2270 (meo
548 2230 680 2272 iudicio)
697 2236 763 2262 tam
780 2232 966 2264 libidinosos
983 2233 1154 2273 adspectus
1170 2244 1255 2266 com-

283 2272 464 2313 prehendit,
488 2283 583 2313 quam
608 2274 786 2305 vanitatem
805 2285 887 2315 quae
911 2276 942 2306 in
963 2277 1089 2316 pompis
1112 2282 1144 2307 et
1166 2276 1255 2307 inani

284 2315 456 2355 splendore
479 2319 627 2357 vagatur.
666 2315 823 2356 Sequitur
847 2323 1007 2357 postremo
1031 2319 1098 2351 loco
1122 2319 1256 2350 fastus

283 2362 340 2390 aut
362 2358 529 2399 superbia,
558 2358 609 2390 cui
639 2359 810 2391 coniuncta
834 2364 883 2392 est
913 2360 1062 2398 ambitio,
1092 2362 1256 2400 iactantia,

284 2400 421 2432 aliorum
459 2405 679 2441 contemptus,
720 2412 834 2434 caecus
871 2412 961 2434 amor
998 2404 1061 2443 sui,
1104 2414 1256 2444 praeceps

283 2443 489 2476 confidentia.
521 2443 658 2476 Summa
681 2449 740 2484 est,
763 2445 859 2476 simul
882 2455 919 2477 ac
935 2446 1076 2478 mundus
1098 2456 1133 2478 se
1150 2447 1255 2486 offert,

285 2486 449 2526 appetitus
482 2492 626 2525 nostros,
659 2491 695 2518 ut
725 2497 779 2520 cor
809 2492 957 2520 nostrum
981 2499 1171 2529 perversum
1199 2495 1256 2527 est,

285 2530 376 2569 quasi
413 2529 571 2561 effraenes
607 2529 734 2568 beluas,
775 2530 852 2563 illuc
889 2531 976 2572 rapi:
1014 2531 1060 2563 ita
1098 2532 1257 2564 dominari

285 2572 392 2603 varias
425 2573 711 2613 concupiscentias,
744 2584 826 2614 quae
856 2584 966 2606 omnes
991 2573 1061 2605 Deo
1095 2579 1171 2606 sunt
1205 2575 1258 2606 ad-

286 2624 409 2646 versae.
455 2615 528 2663 Pro·
545 2616 646 2654 vita,
670 2626 785 2657 graece
808 2621 857 2648 est
879 2615 954 2659 βίος,
977 2617 1037 2649 hoc
1060 2622 1108 2650 est
1124 2617 1256 2650 vivendi

286 2667 390 2698 genus
415 2662 446 2689 et
470 2662 561 2689 ratio.

1088 211 1112 241 1⁴2
1120 212 1228 243 Pffi'l'.
1254 212 1334 243 1011
1342 213 1397 243 AN
1406 213 1429 243 N
1438 213 1478 243 lb'

2218 215 2282 247 320

1392 308 1492 347 Atqui
1515 307 1651 338 nzundns
1673 308 1796 339 transit.
1853 307 1938 346 Quia
1971 307 2003 338 in
2043 308 2165 339 mundo
2201 308 2280 341 nihil

1307 355 1358 382 cst
1391 351 1453 382 nisi
1486 351 1640 382 caducum
1675 355 1707 381 ct
1738 349 1831 390 quasi
1866 355 2145 390 momentaneum,
2179 361 2220 382 ex
2243 361 2281 383 eo

1306 392 1429 433 colligit
1452 404 1546 434 quam
1570 393 1652 424 male
1675 397 1707 423 ot
1734 394 1849 423 misere
1872 393 1931 424 sibi
1955 393 2126 424 consulant
2149 393 2203 433 qui
2228 393 2280 425 hic

1307 435 1367 467 sibi
1403 435 1586 468 felicitatem
1621 435 1840 467 constituunt:
1881 437 2070 476 praesertim
2105 446 2205 476 quum
2241 435 2282 468 ad

1307 477 1432 509 beatam
1449 484 1600 510 aeternae
1617 479 1703 509 vitae
1727 477 1862 518 gloriam
1883 488 1939 510 nos
1956 477 2046 510 Deus
2070 482 2177 510 vocet:
2203 489 2238 511 ac
2255 479 2282 510 si

1309 521 1445 552 diceret:
1471 521 1554 552 Vera
1580 521 1724 561 felicitas,
1749 531 1845 561 quam
1870 521 1959 552 Deus
1988 521 2063 553 filiis
2083 522 2150 553 suis
2177 522 2282 560 offert,

1308 570 1440 595 aeterna
1462 570 1525 596 est:
1551 564 1720 605 indignum
1743 569 1791 594 est
1814 563 1924 604 igitur,
1948 574 2008 595 nos
2032 563 2151 595 mundo
2175 564 2281 605 impli-

1308 606 1390 643 cari,
1423 607 1477 646 qui
1512 616 1587 638 mox
1622 618 1694 638 cum
1720 606 1812 638 bonis
1839 607 1906 638 suis
1929 607 2079 638 omnibus
2102 611 2282 639 evanescet.

1309 650 1708 690 Concupiscentiam
1744 649 1795 681 hic
1826 649 2023 690 interpretor
2054 651 2282 691 metonymice,

1308 691 1463 732 quidquid
1487 692 1734 733 concupiscitur,
1759 696 1792 723 et
1808 691 1978 723 hominum
2002 691 2160 724 desideria
2183 692 2223 723 ad
2248 703 2282 724 se

1309 734 1401 774 rapit.
1447 734 1570 767 Sensus
1594 738 1652 772 est,
1683 734 1840 775 quidquid
1874 735 1906 766 in
1937 734 2057 766 mundo
2089 735 2282 776 pretiosissi-

1310 787 1398 808 mum
1423 782 1454 808 et
1485 779 1625 809 maxime
1654 778 1795 818 optabile
1818 777 1958 818 ducitur,
1988 777 2070 809 nihil
2092 788 2189 818 quam
2212 788 2281 809 um-

1308 819 1424 851 bratile
1448 830 1517 852 esse
1540 826 1712 861 spectrum.
1748 821 1856 860 Quum
1882 820 1969 858 dicit,
1995 826 2194 861 perpetuo
2218 830 2284 852 ma-

1309 873 1387 894 nere
1403 863 1458 902 qui
1482 863 1603 895 faciunt
1622 864 1680 895 Dei
1706 864 1922 895 voluntatem:
1947 863 2109 904 significat
2126 869 2283 904 perpetuo

1310 905 1377 937 sore
1401 905 1510 937 beatos
1540 907 1594 946 qui
1619 906 1658 938 ad
1682 906 1788 938 Deum
1812 906 1987 946 adspirant.
2033 907 2070 937 Si
2102 906 2173 947 quis
2204 905 2284 938 obii-

1309 950 1382 987 ciat,
1406 949 1567 980 neminem
1593 950 1695 981 facere
1719 949 1803 990 quod
1829 950 1918 981 Deus
1942 949 2115 989 praecipit:
2149 958 2282 989 respon·

1309 991 1356 1022 sio
1380 991 1412 1022 in
1438 996 1589 1032 promptu
1613 997 1670 1030 est,
1702 1003 1765 1023 non
1791 991 1829 1023 de
1859 991 2006 1023 absoluta
2030 991 2110 1033 legis
2133 992 2283 1023 observa-

1309 1034 1398 1065 tione
1421 1033 1473 1066 hic
1496 1035 1557 1075 agi,
1582 1034 1638 1066 sed
1655 1035 1692 1066 de
1709 1035 1784 1066 fidei
1801 1035 1993 1072 obedientia,
2017 1045 2100 1075 quae
2118 1039 2281 1075 utcunque

1309 1077 1451 1116 perfecta
1481 1087 1544 1108 non
1574 1078 1627 1117 sit,
1658 1077 1728 1109 Deo
1759 1077 1970 1109 nihilominus
2001 1078 2164 1118 probatur.
2216 1077 2283 1109 Vo-

1309 1119 1420 1150 luntas
1444 1119 1506 1151 Dei
1537 1121 1678 1160 primum
1710 1121 1742 1152 in
1766 1121 1837 1162 lege
1861 1120 1951 1152 nobis
1981 1125 2197 1152 monstratur:
2227 1119 2284 1151 sed

1309 1162 1384 1203 quia
1407 1162 1470 1203 legi
1504 1173 1600 1194 nemo
1623 1163 1789 1202 satisfacit,
1819 1163 1908 1194 nulla
1937 1163 2027 1195 illinc
2049 1162 2188 1195 felicitas
2210 1172 2283 1203 spe-

1310 1205 1375 1237 rari
1410 1210 1525 1245 potest.
1582 1205 1708 1237 Verum
1746 1206 1924 1247 desperatis
1959 1207 2098 1238 occurrit
2131 1206 2284 1238 Christus

1309 1258 1384 1279 cum
1409 1258 1492 1279 novo
1515 1248 1668 1286 subsidio,
1692 1249 1829 1289 quinon
1853 1254 1979 1280 tantum
2004 1249 2122 1289 spiritu
2144 1259 2202 1281 nos
2225 1258 2283 1280 suo

1310 1295 1483 1330 regenerat
1511 1296 1547 1322 ut
1581 1291 1769 1324 obediamus
1800 1291 1885 1323 Deo:
1920 1291 1976 1323 sed
2011 1292 2088 1323 facit
2117 1292 2213 1323 etiam
2249 1295 2285 1322 ut

1309 1333 1542 1408 qigaliscunque
1566 1338 1676 1366 noster
1699 1339 1833 1366 conatus
1850 1334 1963 1375 plenae
1987 1335 2129 1366 iustitiae
2154 1335 2284 1366 laudem

1309 1387 1327 1408 o
1352 1376 1462 1408 tineat.

1396 1461 1446 1493 18.
1471 1461 1592 1502 Filioli,
1619 1463 1790 1495 novissima
1813 1462 1890 1495 hora
1912 1466 1970 1495 est:
2000 1465 2026 1495 et
2048 1464 2127 1495 sicut
2150 1462 2286 1495 audistis

1308 1505 1390 1546 quod
1412 1504 1625 1538 Antichristus
1647 1508 1794 1538 venturus
1816 1506 1865 1544 sit,
1889 1507 1982 1538 etiam
2005 1516 2086 1538 nunc
2108 1504 2286 1538 antichristi

1309 1548 1398 1580 multi
1427 1551 1588 1587 coeperunt
1616 1559 1697 1581 esse:
1729 1549 1811 1581 unde
1840 1550 1955 1581 scimus
1988 1559 2052 1580 esse
2083 1548 2286 1581 novissimam

1308 1591 1428 1622 horam.
1475 1590 1524 1621 19.
1549 1591 1602 1623 Ex
1623 1592 1709 1623 nobis
1731 1592 1846 1633 eyressi
1867 1594 1948 1632 sunt,
1977 1591 2033 1623 sed
2054 1601 2116 1624 non
2138 1592 2225 1623 erant
2247 1600 2286 1622 ex

1309 1633 1409 1666 nobis.
1456 1634 1541 1665 Nam
1563 1635 1594 1666 si
1613 1634 1747 1675 fuissent
1769 1644 1807 1666 ex
1829 1634 1928 1675 nobis,
1953 1634 2201 1675 permansissent
2226 1633 2285 1665 uti-

1309 1687 1367 1717 que
1389 1677 1562 1719 nobiseum.-
1583 1677 1637 1710 sed
1660 1679 1693 1709 ut
1715 1677 1875 1717 manifesti
1892 1677 2001 1717 fierent
2017 1677 2099 1718 quod
2119 1687 2180 1709 non
2197 1679 2287 1709 erant

1310 1730 1412 1752 omnes
1434 1730 1472 1752 ex
1494 1720 1591 1752 nobis.

1397 1805 1446 1837 18.
1472 1806 1655 1838 Novissima
1670 1805 1757 1838 hora.
1792 1805 1974 1838 Confirmat
1997 1806 2108 1838 fideles
2127 1806 2283 1839 adversus

1311 1848 1507 1881 offendicula
1537 1848 1653 1890 quibus
1683 1854 1832 1890 poterant
1863 1849 1998 1881 turbari.
2050 1848 2120 1880 Iam
2153 1853 2283 1881 exortae

1310 1896 1404 1923 erant
1435 1892 1544 1923 variae
1566 1898 1673 1924 sectae
1700 1902 1782 1932 quae
1812 1897 1843 1924 et
1866 1891 1940 1923 fidei
1970 1891 2127 1923 unitatem
2157 1891 2283 1924 scinde-

1310 1935 1398 1973 bant,
1421 1939 1453 1966 et
1477 1934 1679 1976 dissipabant
1698 1934 1858 1967 ecclesias.
1894 1935 2071 1975 Apostolus
2091 1939 2200 1967 autem
2217 1945 2282 1966 non

1310 1981 1437 2008 tantum
1468 1977 1578 2009 fideles
1605 1978 1722 2015 munit,
1753 1988 1795 2009 ne
1819 1977 1975 2009 titubent:
2006 1978 2063 2009 sed
2092 1978 2125 2009 in
2153 1981 2281 2010 contra-

1310 2020 1392 2051 rium
1422 2021 1520 2052 finem
1550 2020 1612 2052 hoc
1643 2025 1746 2052 totum
1769 2021 1875 2052 vertit.
1922 2020 2086 2052 Admonet
2108 2021 2196 2052 enim
2219 2031 2282 2058 eos,

1309 2063 1373 2094 iam
1396 2063 1508 2095 adesse
1532 2068 1659 2103 tempus
1689 2068 1881 2102 extremum,
1912 2063 2047 2104 ideoque
2070 2073 2125 2095 eos
2153 2063 2193 2095 ad
2217 2072 2282 2094 ma-

1310 2106 1413 2137 iorem
1448 2106 1649 2147 vigilantiam
1684 2105 1849 2137 hortatur:
1887 2116 1925 2137 ac
1958 2106 1986 2138 si
2020 2106 2154 2144 diceret,
2193 2105 2281 2137 Dum

1309 2154 1480 2190 emergunt
1514 2159 1639 2180 errores
1674 2147 1804 2187 diversi,
1839 2148 1946 2189 potius
1978 2148 2192 2189 expergefieri
2225 2158 2282 2180 vos

1311 2192 1402 2223 decet
1425 2202 1520 2232 quam
1544 2191 1645 2223 obrui.
1680 2190 1761 2222 Inde
1785 2191 1870 2222 enim
1894 2191 2110 2232 colligendum
2133 2196 2191 2229 est,
2217 2201 2281 2222 non

1310 2234 1422 2274 procul
1446 2235 1557 2266 abesse
1580 2233 1766 2266 Christum:
1789 2243 1866 2274 ergo
1889 2234 2006 2265 intenti
2029 2234 2130 2265 simus
2154 2233 2187 2264 in
2212 2234 2281 2265 eius

1310 2277 1593 2317 exspectationem,
1617 2287 1657 2308 ne
1680 2276 1786 2308 subito
1811 2287 1869 2308 nos
1892 2276 2123 2316 deprehendat.
2155 2276 2281 2308 Eodem

1310 2320 1404 2351 modo
1428 2319 1524 2351 hodie
1547 2330 1672 2360 quoque
1698 2329 1756 2351 nos
1779 2318 1858 2360 erigi
1881 2318 1982 2358 decet,
2010 2324 2041 2350 et
2064 2320 2280 2360 propinquum

1311 2362 1435 2394 Christi
1467 2363 1643 2394 adventum
1678 2361 1741 2393 fide
1774 2361 2029 2402 apprehendere,
2063 2363 2139 2393 dum
2172 2361 2281 2393 omnia

1311 2405 1423 2437 miscet
1445 2405 1559 2442 Satan,
1583 2404 1759 2436 turbandae
1775 2404 1929 2436 ecelesiae
1948 2414 2052 2436 causa.
2087 2405 2177 2438 Haec
2193 2404 2281 2436 enim

1311 2452 1387 2479 sunt
1410 2448 1515 2480 ultimi
1539 2448 1691 2488 temporis
1714 2447 1817 2488 signa.
1843 2447 1966 2478 Verum
1983 2452 2029 2478 tot
2044 2448 2182 2489 saecula,
2197 2457 2280 2488 quae

1311 2502 1330 2522 a
1352 2495 1458 2522 morte
1475 2490 1629 2523 Iohannis
1643 2491 1823 2529 fluxerunt,
1846 2489 1998 2521 videntur
2014 2490 2074 2523 hoc
2092 2491 2280 2523 vaticinium

1311 2533 1384 2565 falsi
1403 2544 1586 2574 coarguere.
1621 2532 1825 2573 Respondeo,
1842 2533 2021 2573 apostolum
2038 2533 2166 2575 vulgari
2181 2533 2281 2573 scrip-

1311 2582 1403 2608 turae
1425 2586 1514 2608 more
1538 2575 1728 2607 denuntiare
1756 2574 1915 2614 fidelibus,
1944 2576 2024 2607 nihil
2052 2577 2116 2608 iam
2140 2575 2278 2617 amplius

1311 2622 1445 2659 restare,
1479 2619 1542 2651 nisi
1569 2622 1605 2649 ut
1631 2617 1784 2650 Christus
1814 2618 1848 2649 in
1880 2618 1994 2650 mundi
2023 2619 2278 2660 redemptionem

1312 2668 1475 2703 appareat.
1518 2660 1602 2701 Quia
1625 2671 1703 2693 vero
1727 2660 1819 2693 nullu
1843 2665 1968 2702 tempus
1990 2662 2150 2703 praefigit,
2173 2669 2278 2701 neque
