2513 3126
276 206 329 236 111

271 305 405 333 „teritum
433 303 513 332 enim
546 303 575 331 in
601 300 728 330 ›nm-tuis
749 299 875 338 firmum
898 301 950 338 est,
980 299 1056 338 quia
1080 310 1238 339 'tunquam

272 345 410 376 validum
433 347 475 375 est
497 343 644 383 ‹szmdiu
667 342 743 372 vivit
767 344 897 373 testator.

362 430 406 459 13.
434 429 468 458 Si
491 428 572 458 enim
590 428 723 467 sanquis·
738 430 908 458 taurormn.
947 426 1009 457 Hic
1025 426 1112 458 locus
1129 427 1238 458 multis

272 472 399 503 errandi
433 471 631 501 occasionem
663 470 817 509 praebuit.
849 470 922 509 quia
952 479 1015 500 nou
1047 469 1238 509 reputabant

275 515 313 545 dc
336 513 544 544 sacramentis
564 513 705 550 tractari,
728 522 864 550 quorum
883 511 1060 551 spiritualis
1075 517 1125 542 est
1140 513 1237 553 signi-

273 556 386 587 ficatio.
431 556 548 586 Carnis
578 556 838 586 emundationem
867 560 1035 594 exponunt
1063 565 1144 594 quae
1167 561 1236 586 tan-

272 607 339 628 tum
372 599 455 629 inter
486 598 630 628 homines
661 598 780 627 valeat:
811 597 905 628 sicuti
937 597 1061 636 profani
1092 597 1237 629 homines

273 640 435 672 habebant
456 651 514 671 sua
538 641 661 680 piacula
683 639 798 678 quibus
820 640 976 671 scelerum
1000 640 1166 670 infamiam
1187 640 1238 672 de-

271 684 384 714 lerent.
441 683 531 714 Haec
566 693 641 713 vero
678 682 838 722 expositio
877 683 972 713 nimis
1010 684 1143 722 profana
1180 689 1236 714 est.

271 726 354 756 Nam
373 726 491 757 iniuria
509 727 542 756 tit
556 726 616 756 Dei
635 724 907 764 promissionibus,
924 725 950 755 si
963 735 1073 756 earum
1088 726 1234 757 effectum

271 769 497 808 restringimus
514 768 550 799 ad
570 768 711 807 politiam
730 767 901 799 duntaxat.
936 767 1082 799 Subinde
1098 768 1237 800 occurrit

270 811 349 843 haec
373 812 532 842 sententia
556 810 638 850 apud
663 811 802 842 Mosem:
827 810 935 849 Quum
960 811 1151 842 sacrificium
1176 811 1236 843 rite

271 855 446 894 perfectum
479 854 583 891 fuerit,
614 853 797 893 expiabitur
826 854 988 893 iniquitas.
1035 853 1124 884 Haec
1151 859 1236 885 certe

269 896 444 937 spiritualis
471 902 519 927 est
546 896 619 927 fidei
652 896 808 928 doctrina.
853 896 1027 927 Praeterea
1050 906 1148 936 quum
1173 895 1235 928 huc

269 940 445 971 destinatae
476 939 596 969 fuerint
623 949 735 970 omnes
759 939 918 976 victimae,
949 944 984 969 ut
1006 939 1045 970 ad
1067 938 1234 970 Christum

269 981 440 1014 ducerent:
478 981 749 1021 quemadmodum
787 984 919 1012 aeterna
956 987 1005 1012 est
1036 982 1069 1012 in
1104 981 1234 1013 Christo

271 1025 396 1055 animae
421 1023 518 1060 salus.
550 1025 595 1055 ita
617 1024 673 1055 illa
697 1034 774 1055 vera
798 1024 895 1055 huius
918 1024 1031 1055 salutis
1054 1025 1236 1056 testimonia

269 1073 370 1097 erant.
407 1066 493 1105 Quid
517 1077 593 1107 ergo
612 1067 673 1098 sibi
692 1067 761 1097 vult
780 1067 945 1106 apostolus
961 1077 1058 1106 quum
1076 1066 1114 1098 de
1131 1067 1236 1098 carnis

269 1110 461 1150 purgatione
484 1109 656 1140 meminit?
695 1109 819 1149 Nempe
842 1110 1053 1150 symbolicum
1075 1109 1233 1150 intelligit.

269 1151 319 1183 vel
342 1153 625 1183 sacramentalem:
651 1152 710 1183 hoc
735 1162 844 1183 sensu:
869 1153 906 1183 Si
930 1153 1088 1192 pecudum
1105 1153 1235 1193 sanguis

270 1205 381 1226 verum
406 1195 464 1225 fuit
488 1195 690 1235 purgationis
712 1195 905 1235 symbolum,
928 1196 974 1226 ita
997 1200 1032 1226 ut
1054 1205 1234 1227 sacramen-

268 1238 324 1268 tali
348 1237 441 1268 modo
458 1245 625 1278 purgaret:
650 1243 769 1277 quanto
788 1238 891 1279 magis
907 1237 1060 1269 Christus
1083 1239 1162 1277 ipse,
1180 1238 1234 1278 qui

269 1280 387 1312 veritas
421 1286 482 1315 est.
518 1281 743 1320 purgationem
779 1291 842 1311 non
877 1281 971 1311 modo
1003 1286 1138 1312 externo
1170 1282 1233 1312 ritu

268 1323 448 1360 testabitur,
466 1324 521 1354 sed
539 1334 572 1354 re
589 1324 658 1363 ipsa
673 1324 879 1355 conscientiis
896 1324 1095 1363 praestabit?
1122 1324 1234 1364 Itaque

267 1371 497 1406 argumentum
521 1371 569 1397 est
591 1377 610 1397 a
632 1366 733 1406 signis
757 1367 796 1397 ad
817 1376 884 1397 rem
903 1366 1075 1407 signatam,
1099 1366 1174 1407 quia
1189 1368 1235 1398 rei

267 1408 401 1440 effectus
435 1408 532 1449 longo
563 1409 732 1440 intervallo
761 1409 926 1449 praeeedit
955 1410 1121 1450 signorum
1151 1410 1234 1441 veri·

269 1456 377 1482 tatem.

355 1494 404 1525 14.
428 1494 491 1526 Per
519 1494 666 1534 spiritum
686 1497 854 1526 aeternum.
899 1495 996 1526 Nune
1019 1494 1105 1527 clare
1127 1497 1233 1526 osten-

268 1537 315 1567 dit
345 1537 431 1568 unde
461 1537 659 1569 aestimanda
688 1539 730 1568 sit
758 1547 844 1569 mors
868 1537 1003 1578 Christi,
1034 1548 1096 1568 non
1120 1539 1159 1569 ab
1182 1548 1235 1569 ex-

268 1586 359 1610 terno
379 1585 451 1611 actu
483 1579 615 1620 scilicet,
644 1581 700 1612 sed
730 1590 749 1611 a
778 1581 912 1620 spiritus
940 1582 1069 1612 virtute.
1116 1581 1235 1612 Passus

267 1623 354 1654 enim
377 1628 426 1654 est
442 1622 604 1660 Christus,
628 1628 662 1654 ut
684 1623 792 1663 homo,
816 1623 870 1655 sed
895 1628 932 1654 ut
954 1634 1042 1655 mors
1065 1623 1121 1655 illa
1144 1624 1234 1655 nobis
1260 1649 1262 1661 Ι

267 1665 412 1697 salvifica
451 1667 549 1702 esset,
589 1667 801 1706 proveniebat
838 1677 878 1697 ex
915 1667 1056 1698 efficacia
1092 1667 1234 1707 spiritus.
1259 1666 1262 1691 l

267 1707 470 1739 Sacrificium
495 1709 580 1740 enim
598 1709 789 1748 expiationis
817 1716 966 1741 aeternae
989 1720 1070 1751 opus
1087 1710 1148 1740 fuit,
1163 1709 1235 1750 plus

267 1760 362 1790 quam
387 1750 576 1783 humanum.
614 1752 657 1782 Et
678 1752 749 1782 ideo
772 1753 922 1791 spiritum
942 1758 1035 1783 vocat
1058 1757 1235 1791 aeternum,
1260 1765 1262 1786 1

269 1798 304 1824 ut
341 1794 494 1831 sciamus,
533 1794 842 1832 reconciliationem,
880 1795 972 1827 cuius
1009 1800 1058 1826 est
1095 1795 1235 1835 effector,
1259 1792 1262 1822 l

267 1841 432 1867 aeternam
452 1846 531 1868 esse.
566 1837 676 1876 Quum
696 1837 773 1868 dicit
796 1837 1234 1877 irreprehensibilem,

268 1880 397 1910 tametsi
412 1879 527 1910 alludit
545 1880 585 1910 ad
608 1879 726 1920 legales
750 1880 908 1919 victimas,
927 1891 1009 1920 quae
1028 1880 1160 1912 mutilae
1178 1886 1235 1911 aut

268 1921 402 1952 vitiosae
423 1933 492 1953 esse
516 1933 579 1954 non
602 1922 777 1954 debebant:
801 1926 909 1954 tamen
933 1923 1102 1964 significat.
1125 1923 1235 1955 Chris-

269 1969 338 1994 tum
372 1964 476 1995 solum
510 1965 687 2005 legitimam
722 1976 791 1997 esse
821 1966 986 1997 victimam
1021 1977 1058 1997 ac
1087 1966 1234 1997 idoneam

269 2005 425 2045 placando
450 2006 528 2038 Deo.
574 2008 710 2048 Semper
733 2010 818 2040 enim
842 2009 876 2039 in
900 2009 971 2040 aliis
993 2009 1054 2040 fuit
1076 2009 1160 2049 quod
1184 2008 1235 2039 de-

269 2047 406 2079 siderari
430 2049 498 2079 iure
518 2058 643 2088 posset:
666 2051 747 2082 unde
767 2054 794 2082 et
808 2052 906 2090 prius
922 2052 1005 2083 dixit
1019 2052 1115 2091 legale
1128 2051 1236 2091 foedus

269 2100 332 2121 non
359 2091 459 2130 fuisse
482 2092 655 2132 ἄμεμπτον.
701 2093 791 2125 Haec
814 2100 921 2125 autem
945 2105 1011 2125 una
1034 2095 1117 2125 nihil
1139 2094 1235 2125 habet

269 2133 333 2164 nisi
363 2144 487 2164 summe
511 2135 699 2174 perfectum.
748 2136 914 2167 Mortua
944 2147 1068 2177 opera
1091 2137 1236 2176 intellige
1262 2149 1265 2168 l

271 2176 323 2207 vel
354 2186 436 2215 quae
467 2183 602 2208 mortem
632 2185 798 2218 generant,
829 2179 880 2209 vel
910 2189 992 2219 quae
1014 2180 1139 2211 fruetus
1161 2185 1237 2210 sunt
1262 2199 1264 2209 1

270 2219 394 2249 mortis.
447 2219 530 2250 Nam
566 2230 666 2259 quum
700 2221 825 2251 animae
855 2221 923 2252 vita
954 2223 994 2252 sit
1024 2228 1134 2253 nostra
1163 2232 1235 2253 cum

271 2261 340 2292 Deo
374 2261 573 2293 coniunctio:
608 2263 663 2302 qui
697 2263 826 2294 alienati
860 2269 938 2294 sunt
971 2275 1028 2304 per
1062 2270 1237 2305 peccatum,

270 2315 344 2335 vere
367 2310 540 2336 censentur
563 2306 691 2336 mortui.
730 2306 900 2337 Notandus
925 2313 972 2337 est
996 2312 1102 2338 autem
1122 2318 1235 2347 purga·
1263 2311 1266 2356 i

270 2347 370 2377 tionis
401 2347 483 2384 finis,
519 2353 560 2378 ut
592 2349 828 2380 serviamus
861 2348 955 2380 Deo.
1008 2350 1120 2390 Neque
1150 2351 1235 2381 enim

271 2389 433 2421 abluimur
456 2400 475 2420 a
493 2390 632 2429 Christo,
656 2396 692 2422 ut
714 2392 746 2422 in
770 2401 871 2423 novas
892 2391 1028 2422 subinde
1051 2393 1161 2423 sordes
1180 2403 1237 2424 nos
1263 2389 1265 2410 l

270 2432 518 2473 immergamus:
552 2433 607 2465 sed
642 2438 678 2464 ut
711 2440 822 2465 nostra
856 2436 979 2474 puritas
1014 2434 1076 2465 Dei
1115 2435 1237 2476 gloriae

271 2475 400 2506 serviat.
445 2476 618 2508 Praeterea
650 2476 751 2514 docet,
780 2477 862 2508 nihil
891 2487 985 2517 posse
1008 2487 1026 2508 a
1049 2478 1140 2508 nobis
1163 2487 1236 2517 pro-

271 2517 340 2548 dire
368 2518 451 2557 quod
474 2518 545 2550 Deo
572 2525 698 2560 gratum
724 2520 776 2557 sit,
808 2519 909 2551 donee
932 2519 1056 2551 Christi
1079 2521 1237 2561 sanguine
1261 2523 1264 2556 ξ

271 2560 402 2600 purgati
441 2561 551 2592 simus.
610 2562 694 2593 Nam
732 2573 831 2602 quum
868 2562 989 2594 inimici
1029 2563 1098 2594 Deo
1135 2564 1236 2595 simus

271 2612 384 2633 omnes
414 2608 490 2634 ante
519 2605 826 2642 reconciliationem,
858 2616 956 2637 exosa
985 2616 1111 2646 quoque
1139 2616 1237 2646 opera
1262 2607 1263 2611 ’

271 2651 383 2676 nostra
406 2644 511 2677 habet.
549 2647 658 2685 Quare
680 2648 809 2679 initium
833 2648 968 2689 legitimi
991 2648 1097 2680 cultus
1119 2655 1167 2680 est
1186 2659 1236 2680 re·

1014 204 1154 235 EPls'r.
1181 204 1241 235 AD
1266 203 1514 234 nEssRAEOS

1262 2266 1323 2298 !in
1364 2265 1433 2305 lege
1471 2266 1673 2297 restitissent.

2199 206 2258 237 112

1290 299 1481 332 conciliatio.
1520 298 1647 330 Deinde
1670 300 1743 340 quia
1761 300 1885 331 nullum
1903 310 1982 340 opus
2000 301 2043 331 ita
2063 311 2177 340 purum
2196 305 2257 342 est,

1291 343 1445 382 omnique
1478 342 1602 373 macula
1634 353 1780 382 vacuum,
1812 349 1847 374 ut
1876 353 1932 382 per
1961 353 1995 375 se
2030 344 2096 374 Deo
2126 343 2259 383 placeat,

1292 396 1421 416 necesse
1451 391 1499 416 est
1523 384 1746 424 purgationem
1770 397 1809 416 ex
1834 386 1991 426 sanguine
2013 386 2136 417 Christi
2160 386 2257 418 inter-

1290 430 1402 459 venire
1425 437 1507 466 quae
1531 427 1671 458 maculas
1693 438 1804 459 omnes
1827 428 1939 459 deleat.
1989 428 2033 459 Et
2055 428 2186 469 elegans
2209 434 2258 461 est

1291 471 1459 501 antithesis
1483 470 1566 500 inter
1591 469 1695 501 Deum
1721 471 1830 502 vivum
1855 478 1886 502 et
1909 481 2006 511 opera
2029 477 2164 502 mortua.

1378 513 1426 544 15.
1461 513 1509 544 Ac
1541 514 1709 551 propterea
1745 514 1817 545 novi
1850 514 2027 546 testamenti.
2084 513 2257 546 Concludit

1291 567 1355 586 non
1391 557 1452 586 iam
1488 555 1626 595 amplius
1659 555 1721 586 alio
1754 557 1919 588 sacerdote
1953 567 2034 596 opus
2061 567 2143 593 esse.
2181 557 2258 597 quia

1290 598 1441 629 Christus
1469 597 1527 628 sub
1558 608 1641 628 novo
1673 604 1865 630 testamento
1896 600 1954 631 has
1984 604 2091 639 partes
2114 600 2256 640 impleat.

1290 641 1401 681 Neque
1418 641 1503 671 enim
1521 640 1653 673 Christo
1670 641 1817 673 vendicat
1833 642 1987 673 honorem
2012 642 2197 674 mediatoris
2222 650 2257 674 ut

1290 684 1342 714 alii
1375 695 1446 715 cum
1477 694 1513 713 eo
1544 684 1667 714 interea
1696 690 1863 723 maneant,
1894 685 1948 716 sed
1978 685 2143 716 contendit
2171 685 2256 716 alios

1289 737 1400 757 omncs
1431 736 1499 757 esse
1529 726 1692 757 abdicatos
1721 736 1821 766 quum
1851 728 2030 759 iniunctum
2055 728 2114 758 fuit
2138 738 2256 759 munus

1290 769 1428 800 Christo.
1475 768 1539 800 Sed
1570 779 1632 808 quo
1663 769 1788 809 plenius
1819 770 1850 801 id
1877 770 2055 808 confirmet,
2084 770 2181 801 simul
2206 780 2256 801 re·

1290 819 1397 842 censet
1432 822 1495 851 quo
1529 811 1624 842 modo
1656 811 1842 843 mediatoris
1868 813 1973 844 officio
2004 813 2174 844 defunctus
2205 813 2255 850 sit,

1290 865 1404 894 nempe
1427 860 1530 885 morte
1554 853 1783 886 intercedente.
1830 854 1866 887 Si
1890 855 1949 887 hoc
1971 856 2004 886 in
2029 856 2096 886 solo
2120 856 2256 887 Christo

1290 898 1458 937 reperitur,
1475 897 1545 928 aliis
1563 897 1710 928 omnibus
1727 897 1832 929 deest:
1857 899 2012 938 sequitur,
2027 899 2132 938 ipsum
2150 900 2254 930 solum

1288 940 1409 971 iustum
1444 950 1513 970 esse
1548 939 1767 970 mediatorem.
1817 940 2059 972 Commemorat
2091 947 2256 981 praeterea

1290 983 1354 1013 vim
1385 989 1416 1014 et
1446 983 1593 1014 effectum
1625 983 1737 1013 mortis
1766 983 1849 1021 eius,
1883 993 1981 1023 quum
2011 983 2086 1015 dicit
2115 984 2254 1015 solutum

1288 1035 1357 1056 esse
1391 1036 1447 1065 pro
1471 1025 1608 1065 peccatis
1641 1026 1789 1065 pretium,
1823 1035 1904 1065 quae
1933 1026 1992 1057 sub
2023 1026 2129 1065 priore
2158 1031 2254 1058 testa-

1289 1073 1398 1100 mento
1422 1068 1521 1099 deleri
1546 1068 1702 1108 pecudum
1727 1069 1886 1108 sanguine
1909 1078 1971 1098 non
1996 1072 2163 1107 poterant:
2187 1070 2255 1110 qui-

1289 1111 1346 1142 bus
1377 1110 1484 1142 verbis
1508 1110 1645 1142 Iudaeos
1676 1121 1694 1141 a
1725 1111 1795 1151 lege
1825 1111 1864 1142 ad
1889 1110 2057 1142 Christum
2088 1111 2255 1143 traducere

1288 1154 1399 1184 voluit.
1438 1153 1520 1185 Nam
1545 1154 1571 1184 si
1595 1156 1686 1184 tanta
1707 1159 1757 1184 est
1774 1153 1855 1194 legis
1871 1153 2083 1191 imbecillitas,
2107 1157 2143 1184 ut
2159 1164 2255 1194 quae-

1287 1207 1415 1236 eunque
1439 1196 1609 1236 expiandis
1632 1196 1770 1237 peccatis
1794 1196 1935 1228 remedia
1958 1196 2098 1234 adhibet,
2122 1196 2255 1228 minime

1288 1245 1450 1280 praestent
1483 1238 1566 1279 quod
1600 1240 1757 1280 figurant:
1793 1239 1865 1279 quis
1898 1239 1931 1270 in
1966 1248 2004 1270 ea
2035 1243 2190 1279 tanquam
2221 1240 2255 1271 in

1288 1289 1384 1321 portu
1419 1282 1587 1322 quiescat?
1638 1282 1711 1313 Hoc
1745 1282 1876 1322 inquam
1912 1291 2012 1313 unum
2044 1282 2170 1313 abunde
2201 1292 2256 1313 eos

1287 1325 1456 1356 stimulare
1479 1324 1589 1355 debuit
1611 1324 1651 1355 ad
1673 1325 1886 1364 expetendam
1910 1324 1991 1365 legis
2009 1325 2255 1356 correctionem:

1287 1368 1361 1407 quia
1391 1368 1459 1398 fieri
1490 1378 1551 1398 non
1584 1373 1708 1407 poterat
1739 1369 1817 1407 quin
1846 1373 2000 1408 perpetuo
2023 1367 2112 1398 anxii
2136 1372 2255 1399 essent.

1288 1410 1409 1442 Contra
1440 1409 1492 1440 ubi
1523 1409 1562 1441 ad
1586 1409 1755 1441 Christum
1780 1416 1914 1441 ventum
1944 1414 2003 1448 est,
2033 1411 2107 1449 quia
2129 1411 2164 1441 in
2186 1410 2256 1450 ipso

1289 1453 1473 1484 obtinemus
1506 1453 1634 1492 plenam
1670 1452 1938 1493 redemptionem,
1972 1452 2054 1483 nihil
2089 1458 2138 1484 est
2171 1452 2255 1493 quod

1289 1506 1347 1527 nos
1377 1495 1514 1535 amplius
1544 1495 1703 1527 sollicitet.
1750 1496 1838 1536 Ergo
1867 1496 1917 1527 his
1941 1495 2048 1527 verbis
2076 1495 2180 1536 legem
2204 1495 2254 1526 in·

1288 1539 1409 1574 firmat,
1445 1541 1481 1569 ut
1509 1538 1544 1569 in
1573 1548 1643 1569 eam
1671 1539 1856 1570 recumbere
1882 1538 1993 1569 Iudaei
2023 1538 2188 1569 desinant:
2223 1541 2255 1568 et

1287 1586 1372 1612 stare
1395 1582 1427 1612 in
1452 1581 1583 1612 Christo
1606 1581 1706 1617 docet,
1731 1582 1806 1621 quia
1829 1582 1861 1612 in
1886 1581 1955 1621 ipso
1980 1581 2142 1620 reperitur
2163 1580 2256 1621 quid-

1288 1624 1363 1663 quid
1398 1623 1549 1664 pacandis
1582 1624 1787 1656 conscientiis
1817 1624 1926 1664 expeti
1954 1628 2067 1664 potest.
2119 1622 2155 1655 Si
2184 1623 2256 1663 quis

1288 1673 1396 1698 autem
1420 1672 1511 1707 roget
1533 1677 1641 1698 annon
1662 1669 1797 1698 remissa
1818 1667 1940 1698 fuerint
1962 1666 2108 1707 patribus
2126 1670 2256 1706 peccata.

1288 1710 1384 1740 etiam
1407 1709 1467 1740 sub
1490 1710 1568 1750 lege,
1594 1710 1732 1741 tenenda
1754 1714 1803 1741 est
1824 1709 1941 1741 solutio
1960 1719 2057 1749 quam
2075 1713 2152 1740 ante
2172 1707 2254 1740 dixi:

1288 1753 1387 1783 fuisse
1411 1752 1553 1791 remissa,
1577 1752 1633 1783 sed
1656 1752 1779 1784 Christi
1804 1753 1975 1784 beneficio:
2006 1762 2082 1792 ergo
2106 1751 2192 1792 quod
2215 1751 2256 1782 ad

1287 1801 1437 1827 externas
1450 1795 1663 1835 expiationes,
1676 1805 1801 1835 semper
1814 1796 2008 1826 tenebantur
2020 1799 2110 1825 reatu
2122 1793 2254 1834 alligati.

1287 1838 1360 1869 Hac
1379 1838 1503 1869 ratione
1520 1837 1644 1869 Paulus
1661 1838 1737 1869 dicit
1752 1838 1887 1879 (Coloss.
1903 1838 1932 1875 2,
1951 1837 2012 1879 14),
2035 1837 2138 1877 legem
2156 1837 2255 1868 fuisse

1288 1881 1538 1921 chirographum
1556 1881 1647 1912 nobis
1663 1881 1870 1912 contrarium.
1898 1881 1981 1912 Nam
1998 1890 2097 1920 quum
2114 1879 2256 1920 prodiret

1288 1924 1321 1954 in
1352 1924 1493 1954 medium
1523 1929 1683 1963 peccator,
1716 1933 1815 1964 seque
1845 1923 1916 1954 Deo
1947 1923 2118 1954 obnoxium
2151 1922 2256 1963 palam

1288 1967 1501 2006 profiteretur,
1518 1972 1549 1997 et
1562 1967 1732 1998 innoxium
1746 1967 1865 1997 animal
1879 1965 2056 2003 mactando,
2072 1975 2106 1996 se
2119 1965 2255 2006 dignum

1288 2015 1421 2040 aeterna
1450 2014 1554 2040 morte
1578 2020 1648 2040 esse
1670 2015 1873 2049 agnosceret:
1902 2009 1977 2049 quid
2001 2009 2256 2048 consequebatur

1288 2062 1328 2082 ex
1358 2062 1415 2082 sua
1438 2052 1579 2090 victima,
1610 2053 1671 2083 nisi
1700 2052 1783 2092 quod
1807 2057 1943 2083 mortem
1968 2061 2056 2082 suam
2081 2051 2141 2083 hoc
2164 2050 2253 2090 quasi

1290 2094 1504 2134 chirographo
1533 2094 1747 2134 obsignabat?
1794 2094 1943 2134 Denique
1966 2097 2045 2125 tunc
2067 2093 2196 2124 demum
2218 2092 2252 2122 in

1289 2142 1491 2176 peccatorum
1515 2138 1703 2168 remissione
1722 2138 1977 2178 acquiescebant,
2000 2146 2098 2176 quum
2115 2135 2254 2174 respice·
2280 2170 2283 2172 μ

1290 2185 1363 2210 rent
1390 2180 1421 2210 in
1445 2180 1621 2211 Christum.
1666 2179 1760 2219 Quod
1784 2181 1811 2211 si
1835 2180 1923 2211 solus
1946 2179 2067 2211 Christi
2090 2182 2254 2218 respectus

1291 2229 1418 2261 peccata
1447 2222 1587 2259 abstulit,
1618 2233 1786 2263 nunquam
1817 2223 1865 2254 illi
1895 2223 2030 2254 fuissent
2060 2220 2195 2258 liberati,
2226 2220 2252 2250 si

1734 2266 1930 2297 Pronuntiat
1966 2263 2095 2304 quidem
2133 2261 2253 2299 David,

1291 2307 1416 2339 beatum
1448 2319 1516 2339 esse
1547 2308 1705 2339 hominem
1736 2309 1788 2339 cui
1811 2319 1877 2339 non
1901 2309 2101 2347 imputantur
2124 2311 2254 2345 peccata

1289 2350 1388 2391 (Psal.
1413 2351 1462 2388 32,
1487 2351 1534 2390 2):
1562 2350 1616 2382 sed
1645 2356 1680 2381 ut
1703 2350 1796 2382 huius
1820 2349 2026 2382 beatitudinis
2048 2349 2090 2380 sit
2112 2358 2253 2388 compos,

1291 2404 1419 2425 necesse
1458 2393 1569 2430 habet,
1606 2392 1719 2424 relicta
1757 2393 1840 2433 lege,
1881 2392 2038 2424 coniicere
2073 2391 2182 2423 oculos
2219 2392 2253 2421 in

1289 2436 1468 2467 Christum.
1506 2436 1590 2467 Nam
1613 2436 1640 2467 si
1663 2436 1696 2466 in
1720 2435 1791 2476 lege
1813 2436 1953 2473 haereat,
1975 2444 2144 2474 nunquam
2160 2441 2252 2465 reatu

1262 2493 1264 2522 ἑ
1288 2480 1457 2510 eximetur.

1377 2522 1439 2561 Qui
1461 2522 1558 2553 vocati
1579 2524 1659 2560 sunt,
1678 2521 1925 2561 promissionem,
1948 2523 1998 2552 etc.
2037 2520 2112 2552 Huc
2129 2525 2254 2561 spectat

1262 2589 1263 2600 ἶ
1289 2564 1434 2596 divinum
1459 2575 1536 2606 erga
1559 2574 1616 2595 nos
1646 2563 1766 2601 foedus,
1790 2564 1877 2594 utin
1894 2563 1975 2594 filios
2002 2563 2144 2603 adoptati
2168 2563 2253 2594 vitae

1288 2614 1436 2638 aeternae
1455 2608 1584 2639 tandem
1601 2606 1702 2637 simus
1718 2606 1882 2637 haeredes.
1926 2605 1997 2638 Hoc
2019 2606 2141 2638 Christi
2159 2606 2252 2637 bene-

1288 2651 1359 2681 ficio
1390 2660 1448 2682 nos
1476 2649 1626 2689 consequi
1649 2649 1742 2681 docet
1764 2649 1944 2689 apostolus:
1976 2649 2061 2680 unde
2091 2652 2188 2689 patet,
2217 2648 2252 2679 in
