2513 3126
150 202 213 233 373

152 303 247 340 petuo
269 308 377 330 secum
403 297 518 335 trahat,
543 308 604 329 nou
629 295 759 327 dubium
784 298 832 326 est
855 295 931 335 quin
955 295 1007 326 hic
1030 300 1117 327 note-

153 350 214 373 tur.
261 340 326 373 Sed
356 341 520 381 quaeritur
549 340 674 375 iterum,
703 337 892 378 quibusnam
917 337 1043 370 indiciis
1066 349 1116 370 co-

152 393 307 424 gnoscere
341 383 499 424 possimus
530 380 658 413 letalem
703 390 772 412 esse
812 379 953 412 hominis
995 391 1117 412 casum.

153 426 224 458 Nisi
247 426 333 457 enim
357 429 444 458 certa
467 425 534 456 eius
563 423 608 454 rei
632 425 717 454 esset
739 423 889 463 cognitio,
919 424 1041 455 frustra
1063 434 1116 455 ex-

152 469 274 510 ciperet
296 468 468 509 apostolus,
500 476 563 497 non
587 476 656 496 esse
684 475 741 505 pro
765 465 825 497 hoc
856 466 977 505 peccati
1001 476 1119 507 genere

152 510 318 544 orandum.
356 509 482 542 Licebit
504 518 579 549 ergo
602 508 764 539 interdum
788 512 940 547 statuere,
964 508 1048 540 sitne
1065 508 1118 540 de-

153 554 297 595 ploratus
327 552 379 593 qui
408 550 531 587 cecidit,
567 560 608 581 an
638 550 744 583 adhuc
776 550 865 582 locus
895 551 937 582 sit
967 551 1118 583 remedio.

154 597 195 628 Id
216 596 339 637 quidem
360 603 465 626 verum
486 603 549 625 esse
570 593 687 633 fateor.-
708 595 734 625 et
749 603 786 625 ex
796 594 956 633 praesenti
974 594 1036 626 loco
1051 594 1120 625 sine

152 637 356 672 controversia
377 635 535 668 evincitur.
581 635 647 667 Sed
670 636 745 676 quia
768 637 931 668 rarissime
959 637 1019 668 hoc
1039 636 1120 668 acei-

153 682 209 720 dit,
231 687 262 713 et
279 681 366 711 Deus
387 679 559 710 immensas
578 678 702 719 gratiae
717 689 794 710 suae
811 679 940 711 divitias
955 689 1119 710 commen-

154 725 243 763 dans,
266 732 323 753 nos
346 731 403 752 suo
426 721 575 761 exemplo
595 721 816 754 misericordes
839 732 909 753 esse
925 722 1030 754 iubet:
1055 732 1119 753 nou

153 771 272 798 temere
293 765 327 795 in
350 774 541 804 quemquam
573 763 740 796 ferendum
763 769 812 795 est
835 765 948 796 mortis
971 769 1121 796 aeternae

152 808 322 840 iudicium:
356 806 462 846 potius
488 817 547 838 nos
580 806 698 839 caritas
732 807 771 838 ad
808 807 889 838 bene
922 807 1119 848 sperandum

152 852 268 883 flectat.
298 848 392 888 Quod
415 848 441 880 si
463 848 630 890 desperata
654 849 859 890 quorundam
882 850 1032 890 impietas
1055 860 1120 881 non

152 903 242 926 secus
275 892 367 924 nobis
401 897 550 932 apparet,
588 903 624 924 ac
658 892 685 923 si
718 891 881 924 Dominus
914 903 985 924 eam
1020 892 1120 933 digito

151 939 356 972 monstraret,
386 945 454 965 non
483 939 532 966 est
555 934 639 975 quod
663 940 823 966 certemus
849 945 923 967 cum
950 935 1034 967 iusto
1057 934 1121 967 Dei

150 977 279 1015 iudicio,
304 977 355 1009 vel
377 977 601 1009 clementiores
624 988 660 1009 eo
683 988 753 1009 esse
776 983 976 1018 appetamus.

238 1020 288 1052 17.
325 1020 435 1052 Omnis
463 1020 629 1052 iniustitia.
688 1020 786 1052 Varie
818 1025 922 1061 potest
953 1021 1005 1052 hic
1032 1020 1121 1052 locus

151 1063 279 1104 exponi.
317 1062 402 1094 Nam
425 1063 501 1094 siin
525 1064 762 1095 adversativam
779 1063 931 1102 resolvas,
957 1074 1021 1095 non
1038 1063 1121 1094 male

151 1105 311 1138 constabit
334 1116 449 1137 sensus
471 1105 532 1138 hoc
555 1106 663 1139 modo:
695 1106 838 1138 Tametsi
865 1106 971 1138 omnis
993 1105 1120 1138 iniusti-

152 1149 197 1181 tia
223 1154 389 1189 peccatum
411 1153 468 1188 est,
497 1149 623 1189 aliquod
655 1154 763 1180 tamen
793 1153 842 1180 est
865 1153 1031 1190 peccatum
1056 1159 1122 1180 non

154 1191 194 1224 ad
217 1196 365 1223 mortem.
410 1190 523 1231 Aeque
546 1193 641 1223 etiam
666 1196 857 1232 congrueret
881 1191 1029 1224 diversus
1051 1202 1122 1224 sen-

153 1245 222 1272 sus,
257 1234 332 1275 quia
361 1239 528 1274 peccatum
557 1239 605 1266 est
632 1234 737 1266 omnis
768 1234 940 1272 iniustitia,
975 1234 1050 1266 inde
1072 1244 1121 1266 se-

154 1277 267 1318 quitur
290 1276 420 1316 aliquod
444 1287 513 1308 esse
536 1282 702 1318 peccatum
726 1287 791 1308 non
814 1277 854 1308 ad
874 1281 1020 1309 mortem.
1055 1277 1123 1309 Alii

153 1329 308 1352 omnem
343 1319 601 1352 iniustitiam
636 1320 797 1360 accipiunt
826 1330 884 1360 pro
915 1325 998 1352 tota:
1032 1330 1069 1352 ac
1095 1320 1122 1351 si

155 1363 277 1395 diceret
306 1362 479 1403 apostolus,
511 1365 689 1404 peccatum,
721 1362 759 1393 de
789 1373 851 1402 quo
874 1363 950 1403 agit,
981 1373 1049 1395 esse
1073 1362 1121 1394 in-

154 1405 295 1437 iustitiae
318 1405 494 1436 cumulum.
539 1405 610 1446 Ego
633 1410 741 1437 tamen
771 1405 908 1446 primam
934 1405 986 1437 vel
1008 1416 1121 1437 secun-

155 1448 227 1480 dam
245 1448 480 1488 expositionem
496 1447 648 1480 libent-ius
665 1448 852 1488 amplector:
872 1452 904 1479 et
921 1448 995 1489 quia
1010 1448 1122 1480 eodem

155 1490 311 1528 recidunt,
337 1490 471 1522 liberum
496 1491 641 1531 relinquo
664 1491 835 1523 lectoribus
858 1491 1023 1529 iudicium,
1048 1496 1122 1522 utra

155 1534 197 1566 sit
219 1535 333 1574 aptior.

242 1577 292 1609 18.
323 1575 476 1608 Novimus
506 1577 586 1617 quod
614 1577 757 1617 quisquis
785 1587 823 1608 ex
849 1576 928 1608 Deo.
976 1575 1014 1608 Si
1041 1576 1124 1608 filios

154 1619 217 1652 Dei
247 1630 343 1660 puros
374 1620 506 1651 omnino
536 1624 569 1650 et
597 1620 758 1651 immunes
781 1630 800 1651 a
830 1624 959 1660 peccato
982 1630 1051 1651 esse
1073 1619 1123 1651 iu·

155 1662 292 1703 telligas,
323 1662 404 1694 sicut
434 1663 565 1695 fanatici
595 1662 804 1701 contendunt,
834 1672 942 1694 secum
966 1662 1124 1703 pugnabit

155 1704 330 1746 apostolus.
380 1704 465 1736 Nam
496 1705 556 1737 hoc
586 1704 681 1737 modo
710 1710 862 1737 mutuum
893 1705 977 1737 inter
1008 1706 1124 1737 fratres

156 1748 309 1788 precandi
342 1747 484 1779 studium
519 1747 654 1780 tolleret.
709 1748 798 1789 Ergo
834 1759 915 1780 non
949 1758 1124 1788 peccare

157 1790 232 1822 dicit
255 1791 309 1831 qui
333 1800 397 1821 non
420 1801 549 1831 prorsus
572 1801 590 1822 a
613 1791 718 1832 gratia
741 1790 804 1823 Dei
827 1790 993 1823 excidunt.
1037 1791 1125 1822 Hinc

156 1839 263 1865 autem
298 1833 417 1864 inferre
448 1833 562 1874 voluit,
597 1833 755 1865 orandum
789 1844 848 1874 pro
882 1834 1031 1866 omnibus
1062 1834 1125 1865 Dei

156 1875 232 1907 filiis
261 1885 347 1908 esse:
380 1876 455 1916 quia
483 1876 522 1908 ad
544 1881 682 1907 mortem
706 1886 771 1908 non
795 1881 938 1917 peccant.
982 1876 1125 1908 Additur

158 1918 311 1959 probatio,
333 1919 418 1958 quod
435 1919 579 1960 quisquis
595 1930 636 1950 ex
652 1918 723 1950 Deo
740 1920 871 1961 genitus
887 1924 945 1959 est,
969 1929 1003 1951 se
1018 1920 1124 1961 ipsum

157 1966 280 1993 servat:
311 1961 372 1993 hoc
394 1966 451 2000 est,
478 1962 624 1994 continet
647 1972 681 1993 se
704 1962 736 1993 in
762 1963 823 1994 Dei
846 1963 979 1994 timore:
1010 1973 1068 1994 nec
1090 1973 1125 1994 se

156 2005 201 2035 ita
231 2003 332 2044 abripi
364 2004 495 2045 patitur,
525 2012 563 2036 ut
595 2005 755 2037 exstincto
777 2005 908 2045 pietatis
931 2015 1027 2037 sensu
1056 2005 1123 2036 dia-

157 2046 229 2078 bolo
253 2051 285 2078 et
307 2047 396 2078 carni
419 2050 523 2079 totum
547 2057 581 2079 se
604 2048 779 2088 permittat.
817 2048 899 2079 Nam
925 2058 1023 2088 quum
1047 2047 1124 2080 dicit

158 2099 234 2121 non
266 2089 379 2130 tangi
411 2100 498 2121 eum
522 2100 540 2121 a
570 2090 770 2131 maligno,
807 2091 847 2122 ad
878 2091 974 2122 letale
1004 2090 1124 2123 vulnus

158 2131 363 2163 referendum
387 2136 443 2164 est.
481 2132 593 2172 Neque
617 2133 704 2164 enim
728 2144 747 2164 a
770 2132 912 2165 Satanae
937 2133 1124 2165 vulneribus

157 2175 273 2207 intacti
304 2179 435 2206 manent
464 2175 522 2207 filii
543 2175 623 2207 Dei:
653 2175 709 2207 sed
737 2176 782 2207 ita
811 2175 885 2207 fidei
908 2176 1022 2218 clypeo
1053 2187 1125 2218 pro-

158 2217 288 2258 pulsant
318 2218 386 2249 eius
416 2218 509 2258 ictus,
538 2223 573 2250 ut
603 2219 736 2250 minime
762 2218 801 2250 ad
824 2228 879 2250 cor
901 2220 1007 2260 ipsum
1030 2230 1126 2261 pene-

158 2264 254 2292 trent.
300 2260 410 2299 Quare
438 2271 604 2301 nunquam
628 2261 662 2292 in
685 2262 763 2301 ipsis
791 2262 1011 2303 exstinguitur
1033 2263 1126 2303 spiri-

159 2302 254 2334 tualis
278 2303 353 2334 vita.
398 2303 470 2335 Hoc
502 2303 587 2335 istud
615 2309 663 2336 est
694 2315 772 2336 non
805 2315 991 2345 peccare,
1026 2316 1125 2346 quum

159 2344 314 2377 labuntur
337 2346 465 2385 quidem
489 2345 598 2378 fideles
620 2347 811 2378 infirmitate
833 2348 956 2379 carnis:
986 2348 1042 2380 sed
1066 2348 1126 2380 sub

160 2398 256 2419 onere
276 2389 395 2428 peccati
419 2394 562 2430 gemunt,
591 2389 652 2421 sibi
676 2390 854 2431 displicent,
879 2390 986 2422 Deum
1011 2390 1126 2423 timere

162 2439 226 2461 non
249 2430 410 2463 desinunt.

247 2472 356 2505 Servat
381 2484 413 2506 se
441 2474 555 2514 ipsum.
601 2474 695 2514 Quod
720 2475 780 2507 Dei
808 2475 972 2516 proprium
995 2477 1054 2514 est,
1086 2476 1126 2508 ad

163 2524 220 2545 nos
243 2517 405 2548 transfert.
440 2517 524 2549 Nam
548 2518 574 2549 si
598 2518 732 2558 quisque
755 2524 900 2550 nostrum
917 2518 1031 2550 salutis
1047 2529 1125 2550 suae

162 2557 203 2588 sit
224 2563 341 2598 custos,
363 2559 516 2591 miserum
540 2561 601 2592 erit
625 2561 830 2601 praesidium.
866 2561 979 2601 Itaque
1003 2566 1126 2602 patrem

163 2603 254 2640 rogat
283 2599 431 2632 Christus
458 2602 585 2641 (Iohan.
611 2603 660 2642 17,
686 2604 738 2645 11)
768 2608 804 2636 ut
833 2614 891 2636 nos
921 2609 1036 2643 servet,
1066 2604 1127 2636 hoc

163 2643 231 2682 opis
266 2647 393 2674 nostrae
424 2654 488 2675 non
521 2656 589 2678 esse
623 2647 816 2688 significans.
870 2647 1002 2678 Patroni
1033 2647 1127 2679 liberi

1035 194 1183 230 CAPUT
1217 198 1254 231 V.

2080 206 2143 237 374

1171 296 1295 328 arbitrii
1340 308 1449 330 vocem
1481 300 1574 332 istam
1608 301 1781 341 arripiunt,
1828 306 1863 332 ut
1892 301 1966 333 inde
1996 301 2144 341 probent,

1171 339 1290 380 partim
1314 340 1375 371 Dei
1398 342 1513 382 gratia,
1542 343 1661 383 partim
1686 354 1761 376 vero
1786 344 1917 384 propria
1941 344 2059 376 virtute
2084 355 2142 376 nos

1171 382 1295 414 servari
1326 392 1345 413 a
1371 389 1509 423 peccato.
1555 386 1657 426 Atqui
1688 397 1753 417 non
1782 386 2048 419 animadvertunt
2076 397 2140 418 non

1172 424 1290 456 habere
1314 436 1332 456 a
1355 436 1389 457 se
1412 426 1489 465 ipsis
1516 427 1626 460 fideles
1648 428 1828 461 custodiam
1852 429 1891 461 de
1914 439 1977 470 qua
2001 429 2142 469 loquitur

1172 467 1346 507 apostolus.
1392 467 1459 500 Nec
1477 481 1554 502 sane
1578 470 1629 503 hic
1654 481 1767 502 eorum
1792 472 1944 504 virtutem
1969 472 2142 512 praedicat,

1173 510 1264 550 quasi
1281 509 1410 550 proprio
1427 518 1528 543 marte
1544 524 1577 544 se
1593 513 1795 545 custodiant:
1820 515 1876 545 sed
1894 517 2022 546 tantum
2039 513 2141 554 docet,

1173 562 1227 584 eos
1251 552 1394 584 Satanae
1416 554 1574 592 resistere,
1606 561 1640 587 ut
1663 557 1731 588 eius
1763 556 1835 587 telis
1867 567 2031 597 nunquam
2062 557 2141 588 leta-

1173 594 1247 626 liter
1276 595 1497 627 vulnerentur.
1551 598 1678 630 Scimus
1708 602 1814 630 autem
1848 609 1912 630 nou
1944 599 2015 631 aliis
2044 609 2141 640 quam

1173 637 1235 669 Dei
1267 638 1366 669 armis
1396 638 1573 671 instructos
1602 651 1758 681 pugnare.
1805 640 1945 673 Servant
1968 652 2043 683 ergo
2067 652 2101 674 se
2125 652 2143 673 a

1173 686 1301 720 peccato
1324 680 1446 718 fideles,
1468 686 1624 721 quatenus
1647 694 1666 714 a.
1689 683 1760 716 Deo
1781 688 1966 716 servantur.

1260 764 1309 797 19.
1344 765 1498 798 Novimus
1529 767 1609 806 quod
1638 778 1674 799 ex
1702 768 1769 801 Deo
1798 779 1924 800 sumus:
1957 771 1983 800 et
2011 768 2146 800 mundus

1171 810 1251 839 totus
1283 808 1318 840 in
1350 809 1490 848 maligno
1517 810 1642 848 positus
1669 814 1720 842 est.
1775 811 1827 843 20.
1861 811 2017 843 Novimus
2035 813 2146 843 ‘autem

1172 851 1254 890 quod
1273 850 1363 890 filius
1385 850 1449 883 Dei
1469 852 1561 890 venit,
1583 854 1610 884 et
1631 853 1714 885 dedit
1735 854 1825 886 nobis
1847 854 2089 895 intelligentiam,
2113 856 2146 885 ut

1172 903 1388 934 coynoscamus
1410 893 1501 926 illum
1529 905 1649 926 verum:
1678 899 1706 927 et
1726 907 1835 928 sumus
1856 897 1891 928 in
1912 897 1980 936 ipso
2001 907 2081 937 vero,
2111 897 2146 927 in

1171 936 1237 976 filio
1265 937 1334 968 eius
1358 936 1433 968 Iesu
1457 936 1586 969 Christo.
1632 937 1694 970 Hic
1722 942 1766 970 est
1788 949 1878 971 verus
1900 939 2001 977 Deus,
2031 941 2059 971 et
2082 939 2146 970 vita

1174 981 1306 1010 aeterna.
1352 979 1404 1010 21.
1428 978 1548 1020 Filioli,
1579 981 1723 1013 custodite
1751 992 1802 1013 vos
1824 981 1862 1013 ab
1884 981 1987 1014 idolis.
2032 981 2144 1013 Amen.

1263 1064 1312 1096 19.
1346 1063 1401 1096 Ex
1433 1063 1502 1096 Deo
1539 1074 1656 1097 sumus.
1712 1066 1766 1097 Ex
1797 1067 1961 1107 superiore
2000 1066 2146 1099 doctrina

1175 1107 1275 1138 sumit
1307 1107 1503 1138 exhortandi
1537 1108 1716 1140 materiam.
1767 1108 1851 1141 Nam
1880 1109 1964 1149 quod
1995 1111 2028 1141 in
2058 1119 2145 1141 com-

1176 1160 1274 1181 mune
1305 1150 1529 1190 pronuntiavit
1559 1150 1598 1182 de
1625 1151 1773 1183 omnibus
1796 1152 1858 1183 Dei
1882 1152 1966 1190 filiis,
1996 1161 2083 1184 nunc
2106 1151 2145 1184 ad

1175 1203 1239 1229 eos.
1271 1192 1388 1233 quibus
1408 1192 1528 1230 scribit,
1559 1193 1794 1225 accommodat:
1825 1194 1920 1235 idque
1951 1197 1988 1226 ut
2014 1205 2067 1227 eos
2091 1195 2148 1226 sti·

1175 1235 1277 1266 mulet
1306 1235 1346 1266 ad
1379 1235 1559 1267 cavendum
1595 1240 1775 1276 peccatum,
1811 1241 1842 1268 et
1871 1237 1911 1268 ad
1942 1237 2146 1278 repellendos

1177 1277 1319 1310 Satanae
1350 1277 1492 1310 insultus
1515 1278 1646 1310 animet.
1689 1278 1874 1311 Observent
1903 1280 2039 1312 lectores
2063 1280 2146 1311 hanc

1176 1320 1304 1352 demum
1328 1331 1397 1352 esse
1419 1331 1530 1352 veram
1554 1321 1660 1359 fidem,
1686 1332 1766 1362 quae
1790 1322 1852 1354 Dei
1886 1323 2024 1363 gratiam
2054 1322 2147 1354 nobis

1175 1362 1225 1405 (ut
1248 1363 1294 1395 ita
1324 1362 1442 1405 dicam)
1470 1363 1621 1404 applicat.
1667 1364 1778 1404 Neque
1807 1365 1895 1396 enim
1925 1365 2005 1396 alios
2034 1365 2145 1396 fideles

1176 1406 1321 1447 agnoscit
1350 1406 1523 1446 apostolus,
1557 1406 1619 1438 nisi
1642 1407 1696 1447 qui
1719 1418 1753 1439 se
1776 1408 1808 1439 in
1832 1407 1978 1439 ordinem
2001 1407 2145 1439 filiorum

1176 1448 1239 1480 Dei
1268 1453 1456 1490 aggregant.
1502 1449 1570 1481 Nec
1598 1460 1673 1481 vero
1702 1450 1898 1490 probabilem
1928 1450 2145 1482 coniecturam

1175 1491 1226 1533 (ut
1247 1491 1425 1532 loquuntur
1447 1492 1625 1534 sophistae)
1655 1503 1712 1533 pro
1740 1492 1859 1524 fiducia
1881 1494 2010 1534 ingerit.
2056 1492 2146 1524 Dicit

1176 1534 1263 1566 enim
1294 1544 1366 1566 nos
1399 1534 1517 1567 scire.
1569 1534 1705 1566 Summa
1735 1535 1797 1567 huc
1828 1535 1945 1574 tendit,
1977 1545 2077 1575 quum
2106 1546 2147 1567 ex

1176 1577 1247 1608 Deo
1270 1577 1372 1618 geniti
1394 1577 1506 1615 simus,
1530 1578 1669 1610 dandam
1691 1588 1761 1610 esse
1783 1588 1915 1618 operam
1934 1582 1971 1610 ut
1990 1589 2009 1610 a
2024 1577 2147 1610 mundo

1176 1621 1337 1660 segregati
1370 1620 1541 1660 probemus
1584 1621 1668 1652 vitae
1700 1621 1887 1659 sanctitate,
1927 1631 1991 1652 non
2025 1620 2147 1653 frustra

1177 1662 1217 1694 ad
1241 1667 1369 1694 tantum
1393 1662 1547 1694 honorem
1567 1674 1625 1695 nos
1643 1663 1739 1696 fuisse
1755 1667 1896 1696 vocatos.
1930 1663 2022 1696 Haec
2038 1668 2146 1695 autem

1177 1705 1354 1737 admonitio
1378 1705 1471 1737 valde
1494 1706 1555 1746 piis
1578 1707 1726 1738 omnibus
1749 1706 1930 1738 necessaria
1953 1711 2012 1738 est.
2057 1706 2146 1746 Quo-

1176 1758 1303 1789 cunque
1331 1749 1417 1779 enim
1448 1753 1578 1780 vertant
1605 1749 1725 1787 oculos,
1756 1748 1860 1781 Satan
1890 1754 2019 1789 paratas
2049 1748 2147 1781 habet

1177 1791 1355 1829 illecebras,
1378 1790 1494 1831 quibus
1510 1802 1564 1824 eos
1586 1802 1605 1823 a
1621 1792 1689 1823 Deo
1705 1791 1852 1824 abducat.
1886 1791 2029 1824 Difficile
2044 1791 2147 1832 igitur

1177 1833 1242 1866 illis
1272 1833 1356 1866 foret
1385 1838 1509 1866 rectum
1537 1834 1675 1875 gradum
1705 1839 1832 1873 tenere,
1866 1834 1928 1866 nisi
1963 1833 2065 1875 pluris
2087 1844 2146 1866 sua

1176 1877 1241 1909 illis
1274 1880 1359 1908 esset
1400 1877 1523 1909 vocatio
1558 1887 1655 1917 quam
1686 1877 1794 1909 omnia
1824 1876 1937 1908 mundi
1970 1876 2147 1909 obstacula.

1178 1920 1266 1961 Ergo
1300 1924 1336 1950 ut
1365 1918 1461 1960 probe
1494 1919 1534 1951 ad
1564 1919 1754 1952 certandum
1784 1920 1900 1951 muniti
1930 1919 2046 1958 simus,
2081 1919 2146 1951 duo

1177 1962 1256 1994 haec
1280 1962 1418 1994 tenenda
1446 1967 1539 1994 sunt:
1570 1962 1726 1994 mundum
1750 1972 1938 2003 perversum
1962 1972 2040 2000 esse,
2071 1968 2104 1993 et
2128 1973 2146 1994 a

1178 2006 1248 2037 Deo
1264 2015 1334 2037 esse
1351 2009 1494 2037 nostram
1512 2006 1722 2037 vocationem.
1757 2004 1825 2037 Sub
1849 2004 1985 2036 mundi
2007 2004 2146 2043 nomine,

1179 2059 1242 2080 non
1267 2048 1401 2080 dubium
1425 2052 1474 2080 est
1498 2048 1575 2089 quin
1599 2051 1703 2079 totum
1728 2048 1907 2079 humanum
1930 2057 2034 2089 genus
2057 2058 2147 2089 apos-

1178 2091 1260 2123 tolus
1279 2090 1538 2131 comprehendat.
1574 2090 1683 2130 Quum
1706 2091 1743 2122 in
1768 2090 1954 2132 maligno
1979 2090 2146 2131 positum

1177 2144 1269 2166 esse
1307 2133 1400 2173 dicit,
1440 2133 1500 2165 sub
1539 2132 1678 2166 Satanae
1718 2133 1900 2174 principatu
1940 2144 2014 2165 eum
2054 2133 2146 2166 locat.

1176 2177 1250 2209 Non
1279 2186 1356 2217 ergo
1385 2181 1434 2208 est
1462 2187 1519 2208 cur
1547 2176 1705 2207 mundum
1736 2177 1846 2216 fugere
1869 2175 2061 2213 dubitemus,
2092 2176 2147 2216 qui

1177 2224 1360 2259 contempto
1389 2218 1460 2250 Deo
1496 2218 1638 2251 Satanae
1667 2219 1700 2250 in
1731 2219 1924 2250 servitutem
1956 2229 1989 2250 se
2030 2218 2146 2250 tradit:

1179 2273 1242 2294 non
1272 2267 1321 2293 est
1351 2272 1408 2293 cur
1431 2267 1612 2293 metuamus
1635 2261 1702 2293 eius
1725 2261 1904 2299 dissidium,
1937 2261 2013 2301 quia
2036 2271 2054 2292 a
2075 2261 2146 2293 Deo

1179 2305 1302 2337 alienus
1325 2309 1384 2336 est.
1426 2304 1584 2345 Denique,
1608 2303 1733 2344 quando
1757 2308 1856 2335 totam
1881 2308 2032 2335 naturam
2055 2314 2146 2336 occu-

1179 2351 1234 2389 pat
1257 2347 1427 2387 corruptio,
1450 2347 1656 2388 abnegationi
1675 2346 1724 2378 sui
1740 2346 1870 2378 studere
1887 2346 2005 2378 debent
2020 2346 2147 2378 fideles:

1178 2390 1306 2432 quando
1335 2390 1369 2421 in
1400 2390 1521 2422 mundo
1547 2389 1627 2421 nihil
1650 2394 1776 2430 praeter
1799 2388 1959 2420 malitiam
1982 2394 2014 2420 et
2036 2390 2146 2430 pravi-

1179 2439 1278 2465 tatem
1302 2433 1452 2472 cernitur,
1475 2434 1564 2465 carni
1587 2437 1618 2464 et
1641 2432 1791 2473 sanguini
1807 2431 1992 2463 valedicant
2016 2443 2146 2465 necesse

1179 2481 1236 2513 est,
1268 2480 1302 2507 ut
1327 2476 1431 2507 Deum
1463 2480 1645 2516 sequantur.
1691 2475 1797 2506 Simul
1826 2479 1937 2506 tamen
1960 2474 2145 2506 addendum

1178 2524 1228 2550 est
1251 2518 1388 2549 alterum
1410 2518 1501 2557 illud,
1532 2517 1635 2549 Deum
1660 2528 1729 2549 esse
1751 2518 1806 2558 qui
1830 2518 1917 2558 ipsos
1941 2518 2078 2556 vocavit,
2110 2521 2146 2549 ut

1178 2562 1247 2593 eius
1270 2560 1465 2601 praesidium
1487 2560 1632 2593 omnibus
1649 2560 1761 2592 mundi
1778 2565 1809 2591 et
1825 2559 1968 2592 Satanae
1987 2561 2146 2593 machinis

1179 2608 1352 2645 opponant.

1265 2647 1315 2679 20.
1341 2646 1494 2679 Novimus
1516 2647 1616 2678 autem
1638 2646 1718 2686 quod
1737 2646 1825 2686 filius
1848 2645 1911 2677 Dei
1932 2646 2023 2679 venit.
2062 2646 2148 2686 Quia

1892 2704 1942 2730 24*
