2513 3126
118 186 178 218 341

119 283 224 324 prima
246 283 428 324 propositio,
457 283 615 315 neminem
639 290 714 312 vere
738 289 847 310 amare
870 279 987 311 fratres
1010 279 1086 319 quin

120 327 179 359 hoc
209 326 313 366 reipsa
341 330 487 366 testetur,
521 324 642 365 quoties
665 332 744 354 usus
765 322 918 362 postulat.
962 321 1087 360 Altera,

121 375 279 409 quantum
301 369 436 409 quisque
459 366 618 399 facultatis
642 364 747 402 habet,
774 369 907 396 eatenus
930 364 1087 404 obstringi

121 412 161 443 ad
186 412 303 443 fratres
326 410 496 442 iuvandos:
521 408 595 449 quia
613 407 774 438 Dominus
798 407 857 438 hoc
881 407 974 438 modo
998 407 1088 438 nobis

119 454 304 495 suppeditat
332 452 529 485 exercendae
563 450 708 482 caritatis
739 450 916 482 materiam.
969 450 1088 487 Tertia,

120 497 327 538 spectandam
365 506 434 527 esse
470 494 624 533 cuiusque
662 493 903 524 necessitatem:
943 493 1017 533 quia
1053 497 1088 523 ut

120 540 257 580 quisque
280 539 349 571 cibo
372 542 404 569 et
425 543 503 577 potu
527 535 660 576 indiget,
683 540 738 566 aut
754 536 825 566 aliis
842 536 937 567 rebus
953 545 1087 576 quarum

120 583 213 614 nobis
235 580 379 622 suppetit
400 580 501 619 copia,
524 579 570 609 ita
593 578 735 610 officium
760 583 906 609 nostrum
927 578 1088 617 implorat.

121 624 260 664 Quarta,
291 622 413 654 nullam
447 621 706 657 beneficentiam,
740 621 802 652 nisi
836 625 875 662 τῆ
904 619 1089 662 συμπαθεία

120 668 303 704 coniuncta,
340 665 410 696 Deo
447 665 582 704 placere.
640 663 736 695 Multi
774 664 807 694 in
841 666 979 704 speciem
1014 667 1089 695 sunt

120 709 278 747 liberales,
308 707 362 747 qui
394 713 500 738 tamen
531 707 669 738 fratrum
702 706 839 737 miseriis
863 707 995 738 minime
1019 712 1088 737 tan-

120 757 251 793 guntur.
295 750 420 781 Verum
449 749 614 791 apostolus
645 749 800 789 praecipit
823 749 997 789 aperienda
1019 759 1088 780 esse

122 796 260 826 viscera:
295 792 378 832 quod
408 793 445 824 fit
475 793 550 824 dum
574 792 739 824 induimus
763 792 830 823 fere
853 792 992 824 eundem
1015 802 1088 823 sen-

120 847 200 875 sum,
226 840 263 867 ut
285 835 422 866 aliorum
447 835 540 867 malis
564 845 628 867 non
651 845 744 866 secus
767 834 1029 867 condolescamus
1052 844 1088 866 ac

121 878 250 911 nostris.

206 920 332 952 Caritas
346 920 419 953 Dei.
455 920 519 952 Hic
542 920 581 952 de
605 920 759 952 fratribus
783 920 956 961 diligendis
971 920 1088 962 agitur.

120 964 285 1004 Quorsum
315 973 392 1005 ergo
423 974 566 995 amorem
589 964 651 995 Dei
682 963 849 994 nominat?
896 964 1020 1003 Nempe
1044 968 1089 994 te-

120 1006 262 1038 nendum
293 1011 342 1038 est
373 1006 452 1038 illud
476 1006 680 1046 principium,
712 1007 782 1038 fieri
807 1016 872 1038 non
898 1017 988 1047 posse
1011 1005 1089 1046 quin

119 1049 184 1081 Dei
220 1049 338 1081 caritas
381 1050 517 1080 fratrum
565 1059 708 1081 amorem
745 1050 779 1080 in
818 1050 908 1081 nobis
946 1054 1089 1090 generet.

121 1093 231 1133 Atque
260 1092 320 1124 hoc
348 1092 445 1123 modo
469 1093 569 1123 nostri
593 1102 670 1133 erga
692 1103 726 1124 se
747 1092 865 1124 amoris
889 1093 1090 1132 experimen-

122 1140 190 1166 tum
219 1136 306 1175 capit
329 1135 434 1172 Deus,
465 1134 541 1166 dum
572 1136 623 1167 sui
653 1141 801 1174 respectu
830 1135 973 1166 homines
1001 1134 1091 1175 diligi

123 1178 228 1210 iubet:
263 1177 531 1218 quemadmodum
562 1178 682 1209 Psalm.
708 1179 756 1216 16,
787 1179 816 1218 2,
845 1178 997 1210 habetur:
1028 1177 1092 1209 Be-

123 1221 266 1262 nignitas
289 1231 361 1251 mea
385 1221 424 1251 ad
449 1224 479 1252 te
503 1231 566 1252 non
591 1221 760 1261 pertingit:
785 1221 840 1253 sed
864 1231 941 1261 erga
963 1227 1093 1252 sanctos

123 1264 177 1304 qui
199 1263 233 1294 in
257 1268 344 1294 terra.
366 1267 452 1302 sunt,
484 1263 633 1295 voluntas
656 1274 728 1295 mea
751 1266 784 1295 et
806 1263 949 1296 studium
973 1273 1091 1294 meum.

211 1306 261 1338 18.
297 1305 346 1337 Ne
377 1306 547 1347 diligamus
579 1316 725 1338 sermone.
779 1306 951 1339 Concessio
983 1312 1031 1338 est
1062 1307 1093 1337 in

123 1349 183 1381 hoc
217 1349 324 1389 priore
354 1349 509 1381 membro.
563 1349 675 1389 Neque
707 1349 792 1380 enim
825 1350 936 1390 lingua
966 1353 1093 1380 tantum

124 1392 258 1432 diligere
282 1402 465 1431 possumus:
489 1391 545 1424 sed
568 1393 643 1433 quia
666 1392 747 1424 falso
767 1392 827 1424 hoc
844 1392 937 1423 multi
960 1392 1094 1428 iactant,

123 1445 237 1466 eorum
270 1435 483 1473 simulationi,
518 1436 563 1466 rei
595 1445 712 1466 nomen
743 1435 891 1467 concedit
920 1435 1094 1476 apostolus,

124 1483 159 1509 nt
194 1487 290 1518 saepe
324 1478 394 1508 fieri
428 1477 519 1509 solet.
575 1477 779 1518 Quamquam
814 1477 915 1510 altero
950 1478 1095 1509 membro

124 1531 234 1551 eorum
269 1521 448 1552 vanitatem
487 1522 648 1561 coarguit,
683 1531 782 1561 quum
817 1521 988 1552 veritatem
1027 1531 1096 1552 esse

125 1567 234 1603 negat,
258 1562 320 1594 nisi
343 1563 377 1593 in
399 1574 505 1603 opere.
540 1563 595 1595 Sic
618 1563 704 1595 enim
722 1563 838 1596 resolvi
855 1564 972 1595 debent
989 1564 1096 1599 verba,

125 1616 190 1637 non
224 1605 437 1646 profiteamur
467 1606 579 1647 lingua
609 1617 667 1638 nos
697 1617 819 1645 amare,
853 1606 908 1638 sed
939 1617 1035 1647 opere
1065 1606 1097 1637 id

125 1649 314 1688 probemus:
340 1649 415 1688 quia
437 1649 516 1681 haec
539 1649 669 1681 demum
691 1660 767 1681 vera
790 1654 839 1681 est
862 1651 980 1682 amoris
1004 1650 1095 1681 ratio.

215 1733 264 1765 19.
299 1733 342 1765 Et
375 1735 408 1766 in
450 1735 503 1767 hoc
541 1736 750 1776 coynoscimus
783 1736 864 1776 quod
898 1746 936 1767 ea:
970 1737 1099 1768 veritate

126 1786 236 1808 sumus
269 1779 295 1808 εί
327 1786 429 1809 coram
462 1779 531 1817 ipso
559 1779 819 1819 persuadebimus
851 1779 946 1811 corda
980 1782 1098 1811 nostra.

126 1819 178 1850 20.
214 1819 300 1858 Quod
329 1821 357 1851 si
388 1824 505 1853 accuset
534 1831 588 1853 uos
618 1831 668 1853 cor
696 1825 850 1860 nostrum,
891 1825 967 1854 certe
999 1823 1101 1854 maior

127 1865 170 1894 est
192 1861 281 1894 Deus
309 1863 398 1894 corde
426 1866 542 1904 nostro,
577 1867 603 1896 et
631 1865 713 1897 novit
737 1866 852 1896 omnia.
898 1865 949 1897 21.
973 1865 1100 1905 Dilecta,

126 1906 156 1936 si
189 1914 240 1936 cor
270 1908 409 1937 nostrum
438 1917 492 1938 uos
523 1917 583 1938 nou
614 1910 742 1948 accuset,
774 1908 924 1948 fiduciam
954 1908 1102 1940 habemus

128 1958 201 1988 crya
224 1948 341 1980 Deum:
385 1948 435 1980 22.
459 1952 486 1981 et
507 1951 537 1981 si
560 1951 636 1990 quid
652 1951 847 1991 petierimus,
869 1952 1040 1992 accipimus
1063 1951 1101 1983 ab

128 2001 176 2022 eo.-
208 1991 284 2030 quia
305 1994 472 2031 praecepta
503 1994 569 2024 eius
591 2004 759 2032 servamus,
794 1996 821 2025 et
843 2004 922 2034 quae
944 2004 1048 2026 coram
1070 2004 1102 2025 eo

122 2033 245 2073 placent
265 2034 408 2073 facimus.

217 2118 265 2149 19.
290 2119 331 2150 Et
355 2120 388 2150 in
412 2119 464 2151 hoc
487 2122 703 2162 cognoscimus.
749 2122 876 2154 Nomen
900 2122 1103 2154 veritatis

129 2161 257 2193 diverso
288 2173 372 2193 nunc
402 2173 498 2193 sensu
522 2165 650 2204 accipit:
685 2165 741 2197 sed
765 2166 896 2206 elegans
919 2171 968 2197 est
991 2175 1102 2206 proso-

130 2205 292 2244 nomasia,
334 2205 371 2236 Si
406 2215 482 2236 vere
516 2208 680 2246 proximos
715 2208 900 2249 diligimus,
935 2209 1010 2241 hinc
1044 2219 1103 2240 nos

130 2247 251 2278 habere
275 2248 498 2279 testimouium
522 2249 604 2288 quod
629 2251 729 2282 simus
753 2263 793 2282 ex
819 2251 887 2283 Deo
911 2252 1023 2293 geniti,
1047 2251 1103 2291 qui

133 2290 253 2322 veritas
285 2294 348 2322 est:
384 2291 434 2322 vel
465 2291 550 2331 quod
573 2291 634 2324 Dei
668 2294 789 2326 veritas
821 2295 926 2326 locum
955 2295 987 2325 in
1012 2294 1103 2325 nobis

132 2333 258 2364 habeat.
304 2333 442 2374 Semper
472 2339 580 2365 autem
610 2336 858 2374 meminerimus,
894 2348 958 2369 non
984 2338 1103 2368 habere

133 2386 190 2407 nos
231 2386 272 2407 ex
312 2377 447 2408 caritate
488 2377 636 2408 notitiam
676 2389 772 2418 quam
814 2381 891 2412 dicit
929 2380 1103 2421 apostolus,

133 2419 225 2458 quasi
255 2419 331 2449 inde
361 2419 499 2459 petenda
528 2420 570 2451 sit
601 2421 714 2453 salutis
736 2423 905 2455 certitudO.
951 2424 995 2454 Et
1018 2429 1104 2455 certe

134 2471 198 2491 non
230 2461 361 2493 aliunde
390 2463 610 2503 cognoscimus
640 2474 697 2495 nos
728 2476 798 2497 esse
822 2466 884 2497 Dei
915 2466 1007 2507 filios,
1042 2466 1103 2497 nisi

135 2504 210 2543 quia
245 2505 419 2544 gratuitam
454 2516 545 2536 suam
575 2506 777 2546 adoptionem
808 2509 956 2540 cordibus
985 2509 1104 2540 nostris

135 2557 191 2586 per
222 2547 370 2586 spiritum
403 2558 497 2578 suum
531 2548 693 2589 obsignat:
729 2556 760 2581 et
793 2562 851 2583 nos
885 2557 1008 2583 certum
1037 2553 1104 2583 eius

136 2589 252 2629 pignus
282 2590 315 2620 in
340 2589 471 2621 Christo
493 2590 635 2622 oblatum
669 2592 731 2623 fide
765 2594 999 2634 amplectimur.
1045 2595 1105 2626 Est

135 2632 235 2672 igitur
259 2632 374 2664 caritas
398 2634 534 2665 accessio
558 2634 608 2665 vel
633 2635 864 2668 adminiculum
898 2638 1033 2669 inferius
1065 2637 1105 2669 ad

998 182 1147 214 CAPUT
1171 182 1234 213 111.

2057 184 2121 216 :342

1140 279 1215 310 fidei
1239 279 1409 310 fulturam:
1435 291 1498 312 non
1522 280 1769 312 fundamentum
1794 291 1856 321 quo
1879 281 2003 312 nititur.
2046 281 2116 313 Cur

1141 332 1217 362 ergo
1251 321 1328 353 dicit
1363 323 1538 362 apostolus,
1584 323 1939 355 Persuadebimus
1977 334 2115 355 coram

1142 364 1223 395 Deo
1246 364 1370 395 corda
1393 366 1557 397 nostra?
1595 365 1721 405 Nempe
1745 366 1795 398 his
1820 367 1927 398 verbis
1951 366 2117 404 admonet,

1141 417 1206 438 non
1240 407 1417 439 consistere
1451 408 1546 440 fidem
1581 408 1651 440 sine
1683 408 1766 440 bona
1789 409 1995 441 conscientia.
2042 409 2116 441 Nou

1141 449 1224 489 quod
1249 449 1323 480 inde
1346 450 1469 481 oriatur
1492 451 1668 491 persuasio,
1697 457 1752 482 aut
1777 452 1924 491 pendeat,
1959 451 2014 484 sed
2039 453 2117 492 quia

1142 497 1219 524 tunc
1249 492 1379 524 demum
1411 503 1494 529 vere.
1529 504 1595 524 non
1627 493 1794 532 fallaciter,
1828 494 1867 525 de
1899 500 2009 527 nostra
2040 505 2116 526 cum

1143 535 1212 565 Deo
1249 535 1478 566 coniunctione
1516 537 1660 576 persuasi
1698 546 1828 574 sumus,
1869 537 1945 568 dum
1983 538 2117 578 spiritus

1141 577 1244 609 sancti
1274 577 1416 609 efficacia
1439 578 1470 609 in
1494 580 1627 610 caritate
1652 585 1761 611 nostra
1785 589 1820 610 se
1845 580 1974 618 profert.
2021 580 2116 612 Sem-

1142 630 1199 660 per
1222 620 1310 651 enim
1333 620 1410 660 quid
1435 628 1510 660 agat
1532 622 1707 661 apostolus,
1741 622 1925 661 expendere
1953 624 2116 654 convenit.

1142 662 1230 702 Quia
1262 663 1350 694 enim
1384 663 1492 694 fictam
1526 669 1557 695 et
1591 664 1736 696 fallacem
1771 664 1846 696 fidei
1884 665 2117 704 professionem

1142 706 1284 744 damnat,
1320 715 1384 736 non
1416 706 1509 737 aliter
1538 717 1645 738 coram
1670 707 1739 739 Deo
1769 707 1906 739 solidam
1937 709 2117 747 persuasio-

1142 758 1217 779 nem
1252 748 1345 780 nobis
1379 754 1528 780 constare
1563 749 1651 787 dicit,
1687 760 1784 790 quam
1819 750 1847 781 si
1881 750 1951 781 eius
1985 751 2118 790 spiritus

1142 791 1285 822 fructum
1309 791 1456 823 caritatis
1479 792 1513 822 in
1537 792 1627 823 nobis
1651 793 1800 832 proferat.
1843 793 1987 824 Tametsi
2011 798 2117 824 autem

1143 834 1285 874 disiungi
1316 845 1334 865 a
1364 834 1426 865 fide
1457 845 1521 865 non
1552 841 1654 874 potest
1679 836 1761 867 bona
1783 836 1988 873 conscientia,
2023 846 2118 867 nemo

1143 882 1253 908 tamen
1292 877 1352 908 rite
1390 876 1467 908 inde
1504 877 1633 917 colliget
1671 878 1906 918 respiciendum
1945 878 1985 910 ad
2019 889 2118 919 opera

1144 926 1254 951 nostra
1277 930 1359 958 esse,
1382 924 1420 951 ut
1443 919 1537 951 nobis
1561 921 1653 951 firma
1676 921 1718 952 sit
1742 922 1919 961 persuasio.

1229 962 1279 994 20.
1325 962 1411 1003 Quod
1450 962 1480 993 si
1519 965 1645 995 accuset.
1705 964 1827 995 Probat
1869 975 1908 995 ex
1949 969 2120 1001 contrario,

1144 1004 1267 1036 frustra
1302 1016 1418 1036 nomen
1453 1009 1485 1037 et
1518 1006 1656 1046 speciem
1696 1006 1813 1038 habere
1848 1006 2121 1045 Christianorum,

1145 1058 1225 1088 quos
1254 1048 1357 1080 bonae
1387 1049 1600 1080 conscientiae
1629 1049 1848 1080 testimonium
1872 1049 1990 1081 deficit.
2038 1049 2121 1081 Nam

1145 1091 1171 1122 si
1196 1091 1266 1131 quis
1290 1091 1374 1122 male
1397 1091 1457 1123 sibi
1481 1092 1628 1123 conscius
1651 1097 1710 1130 est,
1742 1097 1774 1122 et
1796 1092 1925 1132 proprio
1949 1092 2048 1124 animi
2072 1093 2122 1124 sui

1146 1145 1243 1165 sensu
1278 1134 1462 1173 damnatur,
1497 1134 1598 1165 multo
1634 1135 1741 1166 minus
1775 1135 1908 1175 effugiet
1942 1135 2004 1167 Dei
2040 1135 2122 1166 iudi-

1147 1177 1248 1208 cium:
1273 1178 1419 1217 sequitur
1434 1188 1521 1218 ergo,
1546 1177 1647 1208 malae
1663 1178 1878 1209 conscientiae
1897 1178 2122 1218 inquietudine

1148 1220 1293 1251 subverti
1316 1219 1423 1251 fidem.
1470 1221 1597 1251 Deum
1622 1220 1744 1251 corde
1768 1224 1912 1252 nostro
1935 1221 2121 1252 maiorem

1149 1265 1253 1300 vocat,
1288 1267 1435 1303 respectu
1465 1263 1588 1295 iudicii:
1623 1264 1697 1303 quia
1721 1263 1843 1295 scilicet
1867 1263 1970 1295 multo
1994 1264 2122 1295 acutius

1150 1305 1258 1338 videat
1292 1316 1390 1346 quam
1425 1316 1492 1344 nos,
1527 1312 1558 1337 et
1592 1307 1696 1337 acrius
1726 1307 1878 1346 inquirat,
1914 1312 1945 1337 et
1976 1307 2123 1338 severius

1149 1347 1277 1380 iudicet.
1323 1348 1397 1388 Qua
1426 1349 1549 1380 ratione
1580 1349 1656 1380 dicit
1679 1349 1811 1389 Paulus,
1846 1349 1972 1380 etiamsi
2001 1348 2124 1380 nullius

1149 1392 1195 1423 rei
1212 1392 1272 1423 sibi
1292 1392 1439 1423 conscius
1463 1392 1513 1429 sit,
1538 1402 1601 1423 non
1626 1397 1734 1423 tamen
1758 1396 1930 1432 propterea.
1953 1392 2124 1423 iustificari

1149 1433 1192 1476 (1.
1212 1434 1286 1466 Cor.
1307 1435 1336 1473 4,
1366 1434 1409 1475 4).
1454 1435 1609 1475 Agnoscit
1635 1436 1730 1474 enim,
1755 1434 1965 1475 quantumvis
1987 1435 2125 1466 sollicite

1150 1477 1191 1509 ad
1214 1477 1356 1509 officium
1380 1478 1528 1509 intentus
1552 1478 1602 1514 sit,
1626 1478 1659 1509 in
1684 1477 1796 1509 multis
1820 1482 1930 1509 tamen
1953 1488 1988 1509 se
2004 1487 2125 1516 errare,

1150 1525 1183 1552 et
1197 1520 1258 1552 sibi
1274 1520 1442 1561 ignoscere
1458 1525 1565 1552 errata
1582 1531 1637 1560 per
1653 1521 1911 1562 incogitantiam,
1935 1530 2018 1560 quae
2032 1520 2125 1552 Deus

1151 1563 1393 1595 animadvertit.
1439 1563 1510 1595 Hoc
1539 1574 1616 1604 ergo
1650 1563 1720 1595 vult
1750 1563 1923 1603 apostolus,
1957 1564 2027 1595 fieri
2060 1574 2124 1595 uon

1151 1617 1242 1647 posse
1268 1611 1302 1637 ut
1319 1606 1383 1638 Dei
1402 1606 1553 1638 iudicium
1578 1606 1721 1647 effugiat,
1746 1617 1840 1647 quem
1869 1612 1966 1647 urget
1989 1617 2026 1638 ac
2049 1617 2126 1637 con-

1151 1650 1284 1691 stringit
1321 1660 1380 1681 sua
1416 1650 1516 1689 ipsius
1554 1650 1759 1681 conscientia.
1820 1648 1945 1681 Eodem
1983 1650 2126 1690 pertinet

1152 1693 1238 1733 quod
1262 1703 1337 1724 mox
1359 1693 1495 1730 subiicit,
1524 1692 1630 1724 Deum
1654 1693 1763 1724 omnia
1787 1691 1908 1723 videre.
1955 1691 2126 1732 Quomodo

1153 1736 1242 1768 enim
1272 1735 1411 1767 laterent
1441 1746 1521 1776 quae
1552 1746 1610 1767 nos
1641 1735 1752 1767 videre
1782 1735 1937 1775 cogimur,
1972 1735 2027 1775 qui
2050 1745 2128 1775 prae

1153 1779 1209 1810 illo
1238 1789 1349 1810 sumus
1380 1778 1528 1817 hebetes,
1563 1779 1705 1819 adeoque
1735 1778 1841 1810 caeci?
1887 1776 1943 1809 Sic
1972 1787 2049 1818 ergo
2076 1788 2127 1809 re-

1153 1821 1253 1859 solve,
1277 1821 1365 1853 Deus
1389 1832 1489 1861 quum
1512 1821 1622 1852 omnia
1642 1821 1761 1860 videat,
1791 1821 1885 1861 longe
1908 1821 2055 1861 superior
2077 1826 2128 1853 est

1154 1865 1251 1897 corde
1281 1870 1401 1896 nostro.
1453 1864 1612 1905 Copulam
1643 1865 1731 1895 enim
1763 1864 1830 1896 vice
1860 1864 1997 1895 causalis
2028 1864 2126 1904 parti-

1154 1908 1246 1940 culae
1276 1907 1376 1948 accipi
1408 1917 1527 1939 novum
1558 1918 1622 1938 non
1656 1912 1714 1939 est.
1761 1907 1857 1938 Nunc
1882 1916 1997 1938 sensus
2020 1907 2129 1938 clarus

1155 1956 1220 1983 est:
1245 1961 1360 1990 nempe
1377 1961 1474 1991 quum
1498 1950 1594 1982 altius
1617 1953 1765 1990 penetret
1781 1950 1843 1980 Dei
1866 1949 2008 1990 cognitio
2031 1960 2127 1989 quam

1156 1994 1370 2026 conscientiae
1404 1998 1532 2025 nostrae
1565 2004 1688 2029 sensus,
1722 1993 1886 2024 neminem
1919 2002 2027 2024 coram
2058 1992 2129 2033 ipso

1158 2047 1250 2077 posse
1285 2037 1473 2073 consistere,
1512 2036 1574 2067 nisi
1609 2046 1704 2076 quem
1739 2036 1878 2067 sustinet
1910 2035 2127 2067 conscientiae

1156 2080 1338 2120 integritas.
1384 2078 1449 2110 Sed
1473 2078 1525 2111 hic
1547 2079 1694 2110 obiicitur
1717 2078 1879 2119 quaestio:
1915 2077 2050 2110 Certum
2080 2082 2130 2109 est

1158 2133 1195 2154 eo
1216 2122 1355 2162 stuporis
1378 2121 1541 2153 interdum
1566 2122 1716 2162 reprobos
1740 2121 1884 2162 demergi
1900 2131 1919 2152 a
1936 2120 2068 2158 Satana,
2093 2123 2128 2151 ut

1157 2165 1243 2196 mala
1272 2175 1348 2196 suae
1380 2165 1519 2205 amplius
1550 2175 1614 2196 non
1637 2165 1789 2202 sentiant,
1813 2175 1849 2196 ac
1872 2165 1942 2195 sine
1965 2164 2073 2195 dolore
2097 2169 2129 2194 et

1158 2214 1245 2239 metu
1269 2207 1552 2249 (quemadmodum
1576 2208 1652 2239 dicit
1675 2207 1811 2248 Paulus)
1841 2218 1951 2239 secure
1975 2207 2129 2250 ruantjn

1156 2261 1250 2283 suum
1274 2251 1452 2281 interitum.
1498 2250 1631 2282 Certum
1655 2251 1754 2281 etiam
1777 2255 1834 2287 est,
1868 2250 2053 2290 hypocritas
2076 2261 2127 2281 so-

1157 2295 1222 2325 lere
1244 2294 1303 2325 sibi
1328 2293 1476 2333 blandiri,
1506 2304 1543 2325 ac
1565 2294 1703 2332 superbe
1727 2299 1934 2324 contemnere
1958 2291 2020 2323 Dei
2044 2292 2128 2323 iudi-

1157 2338 1259 2369 cium:
1294 2337 1370 2376 quia
1403 2336 1483 2367 falsa
1517 2337 1659 2367 iustitiae
1692 2336 1842 2376 opinione
1865 2335 1954 2372 ebrii,
1990 2336 2128 2375 peccatis

1156 2381 1223 2412 suis
1242 2390 1305 2410 non
1325 2384 1515 2419 tanguntur.
1553 2379 1734 2419 Responsio
1758 2378 1860 2410 facilis
1883 2385 1941 2416 est,
1965 2378 2036 2409 ideo
2059 2378 2129 2409 falli

1157 2422 1352 2464 hypocritas,
1387 2422 1461 2461 quia
1490 2422 1593 2453 lucem
1618 2422 1773 2462 fugitant:
1808 2421 1879 2452 ideo
1903 2421 1985 2451 nihil
2008 2422 2129 2452 sentire

1156 2465 1316 2505 reprobos,
1346 2466 1420 2504 quia
1443 2475 1462 2496 a.
1484 2464 1555 2495 Deo
1579 2466 1740 2496 recedunt.
1787 2464 1857 2494 Imo
1881 2463 1971 2495 nulla
1994 2469 2042 2495 est
2066 2464 2129 2495 nisi

1157 2510 1189 2540 in
1212 2508 1343 2539 latebris
1366 2507 1469 2538 malae
1491 2508 1706 2538 conscientiae
1729 2507 1895 2538 securitas.
1947 2506 2012 2538 Sed
2037 2517 2130 2546 apos-

1158 2551 1241 2582 tolus
1282 2551 1333 2582 hic
1371 2550 1409 2581 de
1443 2550 1650 2581 conscientiis
1682 2550 1825 2589 loquitur
1859 2560 1938 2589 quas
1972 2549 2062 2581 Deus
2096 2550 2129 2580 in

1158 2594 1262 2625 lucem
1287 2598 1460 2633 extractas,
1491 2592 1529 2624 ad
1555 2593 1696 2624 tribunal
1720 2603 1815 2624 suum
1839 2593 1933 2633 cogit,
1964 2599 1996 2624 et
2019 2592 2130 2624 iudicii

1157 2637 1205 2669 sui
1236 2647 1334 2668 sensu
1364 2638 1501 2667 exercet.
1555 2635 1760 2676 Quamquam
1792 2635 1852 2667 hoc
1883 2646 2008 2676 quoque
2035 2646 2130 2675 gene-

1875 2695 1925 2720 22*
