2912 4368
378 762 438 791 4613
1192 756 1332 786 El‘lffl'.
1360 754 1491 784 l’ETltl
1522 754 1548 783 ll
2311 753 2369 782 4034

379 859 448 889 Hoc
473 867 575 887 :iuti-m
602 856 733 894 apostoli
759 855 927 885 consilium
953 861 1009 889 est,
1043 854 1123 884 iram
1152 853 1209 882 Dei
1235 852 1345 882 adver-

378 944 416 973 ad
442 951 624 972 saut-torum
651 940 861 970 imitationem
888 950 944 969 nos
969 939 1125 969 hortetur.

463 987 490 1013 «3,
525 984 669 1013 <ivitates
695 983 905 1013 Sodomorum.
953 982 1021 1012 IIoc
1053 981 1182 1011 divinae
1214 980 1346 1010 ultionis

379 1029 456 1058 adeo
479 1026 684 1057 mciiiorabilo
709 1027 765 1055 l'uit
791 1024 986 1064 exemplum,
1018 1031 1053 1054 ut
1077 1024 1245 1063 scriptura,
1270 1033 1346 1062 quo-

379 1072 438 1100 tics
462 1070 499 1099 de
525 1069 697 1099 universali
724 1069 893 1107 impiorum
915 1067 1013 1097 exitio
1031 1067 1179 1105 loquitur,
1204 1066 1242 1096 ad
1262 1066 1347 1096 hunc

379 1121 488 1152 typum
520 1112 584 1142 soro
618 1111 747 1141 alludat.
796 1111 871 1140 Ideo
896 1110 971 1141 dicit
998 1110 1124 1145 Petrus,
1155 1109 1347 1139 constitutus

378 1166 445 1185 osse
471 1155 528 1184 lius
553 1154 649 1184 urbes
674 1155 703 1183 in
730 1153 926 1192 exemplum.
966 1153 1050 1182 Vere
1075 1152 1203 1191 quidem
1230 1151 1288 1182 hoe
1310 1151 1347 1182 de

378 1198 447 1228 aliis
468 1197 528 1227 dici
547 1202 660 1236 potest,
688 1197 740 1226 sod
760 1196 912 1235 quiddam
931 1196 1096 1235 singulare
1114 1199 1204 1225 notat
1223 1194 1347 1229 Petrus,

377 1241 451 1280 quia
484 1241 560 1271 haec
594 1240 764 1278 praecipua
796 1240 836 1269 sit
865 1246 893 1268 et
922 1239 994 1268 viva
1018 1239 1133 1278 imago.
1180 1237 1249 1268 Imo
1274 1237 1349 1276 quia

378 1283 538 1314 Dominus
570 1283 649 1312 irum
674 1293 762 1312 suum
789 1281 944 1311 adversus
968 1282 1082 1320 impios
1107 1285 1255 1311 testatum
1281 1290 1349 1309 esse

380 1326 517 1356 voluerit
552 1324 687 1355 saeculis
723 1325 889 1354 omnibus:
932 1325 1026 1354 sicuti
1061 1334 1157 1363 quum
1194 1323 1346 1362 populum

379 1379 475 1399 suum
509 1379 547 1398 ex
575 1370 723 1407 Aegypto
749 1368 893 1406 redemit,
926 1368 956 1396 in
982 1367 1041 1397 hac
1066 1377 1128 1396 una
1151 1367 1255 1405 gratia
1280 1376 1348 1403 per·

380 1419 509 1451 petuam
550 1411 640 1440 nobis
680 1410 826 1449 depinxit
865 1409 1016 1440 ecclesiae
1052 1410 1196 1439 salutem.
1255 1407 1349 1446 Quod

380 1456 474 1484 etiam
500 1454 657 1492 expressit
677 1453 782 1491 Iudas,
808 1463 941 1492 poenam
967 1452 1051 1492 ignis
1075 1451 1197 1482 aeterni
1223 1460 1350 1480 vocans.

466 1497 493 1527 S.
532 1496 615 1526 Nam
650 1496 746 1526 oculis
780 1498 806 1526 ct
840 1496 979 1526 auribus.
1033 1494 1141 1534 Vulgo
1173 1497 1349 1532 exponunt,

382 1540 469 1571 Loth
500 1539 601 1570 oculis
632 1545 663 1568 et
693 1538 824 1569 auribus
856 1540 975 1569 iustum
1004 1538 1110 1575 fuisse,
1142 1537 1216 1575 quia
1240 1545 1351 1565 omncs

382 1584 450 1613 eius
467 1592 580 1613 sensus
598 1592 614 1611 a
631 1582 804 1612 sceleribus
818 1582 977 1612 Sodomae
994 1580 1214 1611 abhorrerent.
1240 1579 1352 1608 Potest

381 1631 487 1656 tamen
513 1624 642 1654 auditus
667 1631 695 1654 et
722 1624 892 1663 adspectus
916 1624 978 1654 alio
1003 1623 1131 1653 referri:
1157 1628 1190 1651 ut
1214 1621 1255 1650 sit
1279 1631 1350 1651 sen-

380 1678 451 1699 sus:
477 1668 584 1706 Quum
610 1668 714 1697 iustus
740 1667 794 1697 illo
818 1670 927 1706 ageret
952 1667 1037 1697 inter
1061 1665 1254 1699 §od-unitas,
1281 1663 1351 1693 visu

382 1714 413 1741 et
439 1712 550 1741 auditu
575 1709 782 1741 excruciabat
806 1711 955 1740 animam.
1003 1708 1106 1739 Multa
1131 1707 1216 1737 enim
1242 1706 1353 1736 audire

381 1759 412 1784 et
435 1753 543 1784 videre
568 1760 714 1784 coactum
740 1753 837 1783 fuisse
861 1753 988 1789 scimus,
1014 1761 1093 1790 quae
1118 1751 1185 1780 eius
1209 1749 1351 1779 animum

381 1797 496 1827 misere
522 1802 716 1834 torquerent.
764 1797 899 1825 Summa
923 1795 984 1825 hue
1009 1794 1099 1830 redit,
1124 1798 1273 1823 sanctum
1299 1791 1351 1822 ho-

381 1841 510 1877 minem⁷
538 1849 637 1878 quum
662 1844 745 1869 esset
770 1839 921 1869 vitiorum
945 1838 1088 1867 omnium
1114 1835 1269 1875 prodigiis
1292 1845 1351 1865 un·
1377 1835 1378 1838 ’

383 1883 478 1921 dique
507 1881 650 1918 obrutus,
682 1892 743 1911 nou
770 1888 876 1911 tamen
902 1890 919 1909 a
943 1887 1028 1910 recto
1052 1889 1148 1910 cursu
1173 1878 1350 1908 deflexisse.

383 1925 463 1956 Plus
498 1932 605 1954 autem
637 1924 790 1963 exprimit
821 1924 935 1953 Petrus
966 1932 1062 1961 quam
1094 1924 1202 1958 antea,
1237 1931 1352 1960 nempe

383 1968 468 2008 quod
503 1967 700 1997 voluntarios
744 1967 902 1996 cruciatus
937 1965 1042 1995 iustus
1077 1964 1165 1995 Loth
1201 1963 1380 1994 subieritt'

383 2011 477 2041 sicuti
508 2020 564 2049 par
595 2014 651 2046 est,
684 2020 746 2039 non
775 2018 873 2048 parvo
898 2007 1006 2038 dolore
1030 2007 1115 2041 affici
1139 2008 1208 2047 pios
1232 2016 1352 2042 omnes

384 2053 439 2084 ubi
473 2053 630 2083 mundum
666 2062 756 2082 ruere
789 2051 900 2082 vident
935 2051 967 2081 in
1001 2060 1096 2081 omne
1131 2050 1206 2081 mali
1240 2059 1352 2089 genus.

385 2096 458 2134 Quo
488 2096 591 2136 magis
623 2104 750 2125 necesse
774 2099 830 2131 est,
863 2104 920 2124 nos
944 2094 1080 2133 propriis
1103 2092 1242 2133 peccatis
1266 2093 1354 2131 inge-

385 2139 529 2169 miscere.
582 2138 690 2176 Atque
726 2137 785 2168 hoe
821 2136 1012 2167 nominatim
1043 2136 1151 2176 posuit
1182 2135 1354 2175 apostolus,

384 2192 439 2218 ne,
474 2181 526 2212 ubi
558 2182 675 2220 passim
707 2188 874 2220 grassatur
904 2179 1066 2219 impietas,
1103 2179 1255 2209 vitiorum
1287 2177 1354 2208 ille-

386 2224 488 2255 cebris
519 2224 603 2263 capti
633 2228 663 2253 et
692 2223 852 2261 inebriati,
884 2232 947 2252 una
971 2232 1043 2253 cum
1068 2222 1139 2253 aliis
1162 2232 1219 2252 nos
1243 2220 1351 2261 perda-

385 2278 473 2297 mus:
499 2268 551 2297 sed
578 2267 665 2296 hunc
689 2265 831 2296 dolorem
853 2276 870 2296 a
887 2265 1027 2295 Domino
1044 2264 1247 2296 benedictum
1266 2274 1354 2304 prae-

387 2310 527 2340 feramus
550 2309 700 2340 omnibus
725 2308 837 2339 mundi
862 2308 989 2339 delitiis.

472 2395 500 2427 9.
527 2395 619 2426 Novit
643 2394 798 2425 Dominus
817 2395 890 2433 pios
914 2404 950 2424 ea*
973 2393 1133 2425 tentatione
1155 2393 1280 2432 eripere,
1310 2393 1357 2423 in-

387 2439 484 2469 iustos
527 2441 627 2468 autem
672 2438 704 2468 sin
746 2438 827 2468 diem
867 2438 975 2468 iudicia·
1008 2436 1183 2475 puniendos
1219 2446 1358 2466 servare.-

392 2482 439 2511 10.
458 2481 645 2519 praesertim
672 2490 742 2511 vero
765 2489 813 2511 eos
836 2480 889 2519 qni
906 2483 978 2518 post
1001 2489 1123 2510 carnem
1145 2479 1178 2509 in
1200 2479 1357 2517 concupis-

389 2525 487 2554 centia
513 2523 694 2562 pollutionis
717 2522 886 2561 ambulant,
916 2523 1156 2554 dominationem
1177 2521 1359 2559 despiciunt,

389 2566 533 2605 audaces,
554 2566 718 2605 praefacti,
736 2566 789 2604 qai
805 2566 1000 2597 excellentias
1016 2575 1076 2597 non
1092 2567 1234 2595 verentur
1245 2564 1359 2603 probro

390 2608 528 2647 afficere:
575 2609 623 2640 11.
655 2619 748 2647 quam
777 2609 877 2647 anyeli
906 2609 960 2648 qni
988 2611 1059 2639 sunt
1088 2608 1192 2639 robore
1213 2610 1239 2637 et
1257 2609 1359 2646 poten-

391 2651 435 2681 tia
465 2651 607 2689 maiores,
640 2661 677 2681 ne
705 2652 809 2689 ferant
832 2652 982 2682 adversas
1004 2651 1078 2682 illas
1099 2660 1202 2682 coram
1225 2649 1360 2681 Domino

391 2694 639 2725 contumeliosam
666 2694 824 2725 inflictum.

479 2778 507 2809 9.
534 2778 627 2809 Novit
651 2778 818 2809 Dominus,
858 2778 929 2809 Hoc
952 2780 1091 2818 primum
1115 2778 1249 2809 offendit
1273 2777 1360 2807 infir—

393 2831 472 2860 mos,
508 2820 593 2860 quod
622 2831 720 2860 quum
745 2821 840 2851 anxie
864 2823 1024 2860 suspirent
1048 2821 1167 2855 fideles,
1203 2819 1362 2860 praesenti

394 2864 455 2895 Dei
479 2863 600 2894 auxilio
625 2874 689 2894 non
714 2864 821 2894 statim
847 2864 1013 2894 levantur:
1037 2865 1113 2903 quin
1137 2864 1242 2904 potius
1265 2863 1362 2893 inter-

395 2907 470 2937 dum
495 2916 549 2937 eos
573 2906 650 2936 sinit
673 2906 832 2937 Dominus
857 2906 1008 2937 diuturno
1032 2907 1135 2937 taedio
1155 2910 1186 2937 et
1210 2906 1363 2945 languore

396 2948 497 2980 veluti
528 2948 767 2980 contabescere:
798 2949 911 2979 deinde
941 2955 1008 2979 tum
1038 2949 1168 2988 impune
1192 2948 1365 2979 lasciviunt
1389 2946 1391 2952 '

395 2992 488 3023 mali:
523 2999 553 3022 et
584 2992 713 3022 interim
744 2991 815 3022 silet
839 2991 928 3022 Deus
957 2992 1046 3031 quasi
1071 2991 1111 3021 ad
1135 2992 1276 3030 ipsorum
1300 3001 1364 3022 see-

395 3034 463 3065 lera
486 3035 684 3066 conniveret.
716 3034 787 3066 Hoc
811 3034 929 3073 duplex
952 3033 1140 3065 scandalum
1164 3044 1251 3064 nune
1274 3043 1363 3063 aver-

396 3079 435 3107 tit
464 3077 590 3108 Petrus.
636 3077 813 3108 Dominum
844 3077 930 3108 enim
961 3077 1042 3107 scire
1073 3081 1211 3107 testatur
1240 3075 1366 3115 quando

398 3130 437 3150 ex
466 3121 645 3151 tentatione
668 3120 738 3160 pios
761 3120 884 3159 eripere
908 3119 1064 3160 expediat.
1111 3118 1235 3157 Quibus
1259 3118 1366 3149 verbis

398 3162 558 3202 admonet,
593 3162 651 3193 has
680 3163 726 3193 illi
758 3168 864 3202 partes
892 3161 1118 3202 relinquendas
1142 3171 1226 3192 esse:
1259 3162 1366 3201 itaque

398 3206 557 3244 patienter
589 3205 771 3236 durandum
803 3205 836 3236 in
861 3205 1100 3242 tentationibus,
1135 3214 1194 3235 nee
1218 3204 1366 3235 deficien-

1372 880 1373 887 ,
1399 852 1474 881 dum
1493 861 1577 881 csse:
1603 850 1627 879 si
1646 850 1773 888 quando
1790 860 1882 880 suam
1900 849 2054 880 advorsus
2073 849 2185 887 impios
2211 848 2367 880 ultionem

378 912 433 931 sus
459 899 608 938 reprobos
634 899 675 928 ita
703 897 794 927 nobis
818 896 876 926 sub
900 896 998 927 oculis
1020 907 1145 935 ponere,
1171 898 1205 925 ut
1224 895 1346 925 interea
1372 906 1373 914 ι

1399 895 1535 924 dill‘crut.
1596 893 1683 923 llaec
1723 893 1896 923 consolatio
1936 891 2027 923 nobis
2064 892 2155 921 valde
2192 893 2371 922 necessaria

1399 942 1456 967 cst.
1500 936 1587 965 Solet
1604 936 1689 965 cuim
1710 935 1862 974 obrepere
1888 936 1947 965 ista
1970 934 2133 974 cogitatio,
2159 934 2193 964 Si
2213 933 2370 964 Dominus

1399 991 1472 1009 suos
1505 979 1620 1007 habt-ro
1650 978 1717 1007 vult
1742 978 1894 1017 integros,
1926 988 1982 1008 cur
2007 988 2068 1007 nou
2093 987 2204 1007 omnes
2228 986 2371 1006 seorsum

1400 1022 1517 1059 colligit
1545 1021 1575 1050 iii
1602 1020 1741 1060 aliquem
1768 1026 1873 1050 terrae
1898 1020 2063 1059 angulum,
2088 1024 2122 1048 ut
2146 1030 2179 1049 se
2197 1024 2308 1049 mutuo
2333 1019 2370 1049 ad

1400 1064 1603 1094 sanctitatem
1640 1064 1796 1093 incitent?
1844 1064 1911 1093 Cur
1944 1062 2036 1092 malis
2068 1073 2120 1092 eos
2153 1061 2320 1101 permiscet
2355 1071 2373 1091 a

1374 1107 1516 1146 *quibus
1558 1106 1793 1145 inquinentur?
1850 1106 1913 1137 Ubi
1954 1110 2061 1136 autem
2098 1105 2187 1135 Deus
2222 1104 2281 1135 hoc
2315 1103 2373 1134 sibi

1402 1160 1517 1180 munus
1550 1149 1691 1179 vindicat
1723 1148 1854 1179 iuvandi
1890 1158 1963 1179 suos
1995 1158 2030 1178 ac
2062 1147 2250 1187 protegendi
2277 1157 2315 1176 ne
2341 1149 2373 1177 in

1401 1192 1574 1223 certamine
1606 1192 1764 1231 deliciunt,
1801 1192 1924 1222 animos
1955 1190 1993 1221 ad
2024 1195 2153 1220 strenue
2182 1189 2373 1220 certandum

1402 1235 1592 1274 colligimus.
1640 1234 1729 1265 Ilaec
1756 1244 1881 1265 summa
1904 1238 1951 1265 est
1976 1233 2091 1273 prioris
2115 1233 2260 1271 membri,
2293 1232 2375 1263 hanc

1403 1279 1462 1317 piis
1511 1277 1660 1307 omnibus
1707 1277 1809 1317 legem
1852 1276 2025 1316 praescribi
2068 1286 2086 1306 a
2129 1275 2287 1314 Domino,
2343 1278 2376 1304 ut

1405 1320 1500 1351 variis
1519 1319 1750 1350 tentationibus
1767 1320 1958 1359 probentur:
1984 1319 2038 1350 sod
2060 1318 2097 1348 de
2121 1328 2270 1349 successu
2296 1317 2375 1348 bene

1404 1363 1596 1403 sperandum
1641 1372 1726 1400 esse,
1768 1364 1844 1402 quia
1876 1362 2018 1393 eiusdem
2054 1361 2175 1392 auxilio
2212 1370 2374 1400 nunquam

1404 1404 1599 1437 destituendi
1624 1406 1697 1436 sint.

1490 1448 1627 1478 Iniustos
1657 1450 1768 1478 autem.
1820 1447 1892 1478 Hoc
1924 1448 2065 1478 membro
2095 1446 2236 1477 ostendit
2270 1445 2376 1475 Deum

1403 1493 1448 1522 sic
1472 1491 1589 1521 iudicia
1611 1500 1669 1521 sua
1694 1490 1861 1529 moderari,
1893 1493 1929 1520 ut
1951 1490 2050 1521 malos
2074 1489 2112 1520 ad
2146 1496 2274 1529 tempus
2299 1488 2377 1519 tole-

1404 1534 1513 1571 raudo,
1550 1544 1613 1563 non
1645 1539 1753 1563 tamen
1786 1533 1904 1563 inultos
1935 1533 2104 1572 relinquat.
2160 1533 2211 1563 Ita
2243 1532 2377 1562 nimiam

1405 1577 1642 1608 festinationem
1661 1577 1801 1615 corrigit,
1826 1585 1889 1615 qua
1909 1576 2097 1616 praecipites
2124 1575 2198 1606 ferri
2223 1575 2377 1606 solemus:

1404 1620 1594 1660 praesertim
1629 1618 1681 1649 ubi
1707 1620 1774 1658 ipsa
1798 1618 1954 1650 scelerum
1979 1618 2142 1649 attrocitas
2167 1628 2223 1648 nos
2247 1617 2378 1657 gravius

1406 1663 1564 1693 vulnerat.
1589 1662 1681 1692 Tunc
1694 1662 1780 1692 enim
1796 1661 1953 1692 vellemus
1969 1660 2080 1691 eodem
2096 1665 2257 1691 momento
2273 1659 2378 1690 Deum

1405 1706 1591 1736 fulminare:
1628 1705 1653 1735 si
1678 1709 1789 1743 cessat,
1825 1715 1889 1735 non
1914 1704 2041 1735 videtur
2064 1704 2205 1744 amplius
2228 1712 2297 1733 esse
2331 1703 2379 1733 iu-

1405 1748 1467 1778 dex
1500 1747 1620 1779 mundi.
1668 1748 1755 1787 Ergo
1780 1758 1818 1778 ne
1842 1746 2029 1787 ‘temporalis
2057 1747 2118 1777 ista
2141 1746 2297 1778 scelerum
2322 1744 2381 1775 im-

1404 1792 1533 1830 punitas
1558 1801 1615 1821 nos
1639 1790 1815 1830 perturbet,
1840 1790 1871 1820 in
1897 1790 2083 1820 memoriam
2105 1789 2229 1820 reducit
2250 1788 2379 1825 Petrus,

1405 1840 1563 1864 statutum
1580 1844 1649 1864 esse
1670 1845 1686 1864 a
1705 1833 1845 1863 Domino
1870 1833 1978 1864 iudicii
2002 1833 2104 1863 diem:
2130 1832 2200 1863 ideo
2226 1831 2379 1869 reprobos

1406 1878 1538 1907 minime
1562 1887 1693 1916 poenam
1719 1877 1871 1916 effugere,
1898 1882 2062 1915 utcunque
2087 1886 2151 1905 non
2176 1875 2284 1905 statim
2312 1873 2380 1904 exi-

1406 1923 1511 1959 gatur.
1570 1919 1743 1959 Emphasis
1774 1924 1822 1949 est
1852 1919 1884 1949 in
1917 1918 2014 1949 verbo
2041 1917 2259 1949 servandi:
2294 1926 2330 1947 ac
2353 1916 2379 1946 si

1408 1963 1536 1998 diceret,
1569 1973 1630 1993 non
1664 1972 1733 1993 esse
1761 1962 1886 2001 elapsos
1909 1971 1949 1992 ex
1974 1961 2036 1992 Dei
2061 1971 2167 1998 manu,
2200 1959 2253 1990 sed
2280 1958 2381 1989 teneri

1407 2005 1539 2036 occultis
1570 2004 1708 2036 vinculis
1741 2005 1940 2043 constrictos,
1975 2009 2010 2034 ut
2043 2003 2215 2043 aliqnando
2242 2003 2275 2032 in
2299 2001 2382 2032 iudi-

1407 2050 1491 2079 cium
1523 2047 1705 2078 trahantur.
1751 2047 1965 2086 Participium
1988 2045 2237 2087 κολαζομένους,
2268 2054 2379 2084 quam-

1410 2091 1458 2122 vis
1485 2091 1524 2121 sit
1549 2091 1726 2131 praesentis
1751 2090 1915 2130 temporis,
1938 2090 1983 2121 sic
2006 2095 2113 2120 tamen
2137 2088 2254 2119 resolvi
2279 2086 2382 2127 debet,

1407 2134 1531 2166 servari
1556 2133 1752 2172 puniendos:
1785 2133 1845 2168 vel,
1874 2135 1910 2163 ut
1935 2133 2123 2172 puniantur.
2164 2131 2247 2161 Nam
2272 2130 2311 2161 ab
2335 2129 2383 2160 ul-

1410 2177 1480 2207 timi
1514 2177 1622 2207 iudicii
1647 2177 1890 2216 exspectatione
1914 2175 2056 2215 pendere
2080 2183 2139 2205 nos
2162 2173 2260 2211 iubet,
2291 2175 2328 2203 ut
2351 2173 2383 2203 in

1409 2230 1465 2259 spe
1490 2221 1521 2250 et
1546 2219 1701 2258 patientia
1726 2229 1827 2258 usque
1851 2218 1891 2248 ad
1915 2218 1999 2249 vitae
2022 2218 2120 2248 finem
2146 2216 2332 2247 militemus.

1496 2262 1545 2292 10.
1563 2261 1752 2293 Praesertim
1771 2271 1840 2292 vero
1864 2270 1922 2300 eos,
1947 2263 1998 2292 etc.
2033 2260 2097 2292 Hic
2121 2259 2159 2291 ad
2186 2258 2381 2300 hypothesin

1409 2305 1583 2344 descendit,
1609 2305 1792 2344 generalem
1811 2304 1988 2334 doctrinam
2005 2314 2062 2335 suo
2088 2303 2237 2334 instituto
2261 2311 2382 2333 accom-

1410 2348 1554 2379 modans.
1601 2347 1684 2378 Nam
1717 2347 1762 2378 illi
1792 2347 1956 2387 negotium
1988 2352 2057 2377 erat
2086 2355 2159 2377 cum
2189 2344 2382 2385 prostitutae

1411 2391 1572 2430 nequitiae
1590 2390 1788 2421 hominibus:
1815 2389 1906 2420 docet
1922 2399 1999 2429 ergo
2019 2389 2087 2420 fieri
2112 2398 2176 2419 non
2194 2397 2286 2427 posse
2306 2387 2382 2427 quin

1412 2433 1574 2464 horribilis
1606 2433 1749 2464 vindicta
1779 2433 1864 2472 ipsos
1896 2437 2035 2463 maneat.
2089 2431 2198 2470 Quum
2230 2430 2317 2461 enim
2347 2429 2385 2460 de

1412 2476 1561 2507 omnibus
1593 2486 1710 2515 poenas
1742 2480 1932 2515 sumpturus
1956 2476 1996 2506 sit
2020 2474 2121 2511 Deus,
2151 2473 2308 2513 quomodo
2331 2472 2385 2503 isti

1413 2518 1589 2550 evaderent
1605 2520 1658 2558 qui
1683 2518 1863 2549 belluarum
1887 2518 1920 2548 in
1944 2528 2066 2548 morem
2091 2527 2124 2548 se
2148 2516 2320 2556 proiiciunt
2344 2514 2385 2546 ad

1412 2571 1506 2592 omne
1530 2561 1711 2600 flagitium?
1758 2560 1979 2591 Ambulare
2010 2565 2100 2600 post
2126 2568 2303 2597 carnem,
2337 2562 2386 2589 est

1414 2605 1504 2634 carni
1535 2603 1698 2634 addictum
1730 2613 1815 2634 esse:
1849 2604 1943 2635 sicuti
1968 2604 2062 2634 bruta
2086 2601 2237 2633 animalia
2262 2601 2386 2632 ratione

1414 2653 1445 2678 et
1477 2647 1595 2677 iudicio
1629 2656 1692 2676 non
1718 2652 1866 2685 aguntur,
1898 2646 1953 2676 sed
1977 2646 2083 2677 earnis
2107 2655 2183 2676 suae
2207 2643 2384 2684 appetitum

1414 2700 1471 2729 pro
1495 2699 1620 2720 summo
1645 2688 1724 2719 duce
1749 2689 1876 2719 habent.
1919 2689 1983 2719 Per
2006 2686 2384 2727 concupiscentiam

1415 2732 1672 2772 pollutionis
1689 2731 1840 2771 intelligit
1860 2731 1967 2762 foedas
1991 2736 2023 2762 et
2045 2731 2201 2761 effraenes
2225 2728 2383 2764 libidines,

1416 2776 1469 2806 ubi
1501 2775 1623 2806 abiecto
1653 2774 1781 2805 honesti
1809 2773 1925 2812 studio,
1959 2783 2156 2812 excussoque
2181 2771 2310 2811 pudore,
2345 2770 2385 2802 ad

1416 2818 1652 2849 immunditiem
1682 2817 1829 2848 feruntur
1860 2816 2016 2847 homines.
2062 2816 2152 2847 Haec
2179 2815 2283 2854 prima
2308 2816 2384 2845 nota

1417 2867 1465 2891 est
1489 2871 1585 2900 quam
1610 2860 1655 2891 eis
1678 2860 1787 2897 inurit,
1819 2859 1903 2899 quod
1936 2859 2082 2890 homines
2112 2858 2176 2888 sint
2207 2857 2327 2897 impuri
2351 2866 2386 2887 ac

1418 2904 1579 2943 nequitiae
1603 2902 1710 2934 dediti.
1757 2903 1949 2941 Sequuntur
1973 2902 2054 2932 aliae
2082 2907 2184 2937 notae,
2217 2899 2302 2939 quod
2333 2898 2385 2930 do-

1417 2946 1627 2977 minationem
1645 2945 1832 2985 despiciant,
1856 2955 1913 2975 nec
1938 2948 2114 2975 vereantur
2137 2942 2333 2974 contumelia
2355 2947 2386 2973 et

1418 2990 1540 3029 probris
1558 2989 1686 3020 afficere
1705 2988 1852 3018 homines
1876 2997 1956 3027 quos
1973 2986 2062 3018 Deus
2086 2986 2260 3017 honorifico
2284 2984 2386 3026 gradu

1418 3032 1580 3072 dignatur.
1612 3032 1694 3062 Nam
1712 3030 1792 3062 duas
1812 3031 1890 3062 istas
1913 3030 2114 3069 loquutiones
2138 3028 2247 3060 eodem
2271 3028 2385 3059 refero.

1418 3075 1594 3114 Postquam
1627 3075 1713 3105 enim
1743 3072 1832 3111 dixit,
1864 3073 2065 3113 contemptui
2094 3072 2156 3103 illis
2187 3081 2256 3103 esse
2286 3070 2386 3101 domi-

1419 3118 1598 3148 nationem:
1634 3117 1730 3148 huius
1764 3116 1841 3147 mali
1875 3116 1995 3146 iontem
2028 3126 2105 3147 mox
2136 3114 2264 3151 indicat,
2301 3112 2385 3154 quod

1420 3160 1594 3192 audaces
1635 3161 1700 3191 sint
1737 3168 1773 3190 ae
1814 3158 2051 3199 praefracti.
2114 3158 2283 3189 Postremo
2325 3165 2384 3196 quo

1420 3203 1522 3244 magis
1552 3206 1728 3244 exaggeret
1756 3212 1867 3233 eorum
1898 3201 2096 3242 superbiam,
2130 3200 2206 3231 dieit
2236 3209 2290 3231 eos
2321 3208 2385 3229 non
