2513 3126
154 203 219 236 453

156 311 283 342 quoque
312 300 499 332 animantur
530 299 568 330 ad
599 296 827 336 constantiam,
861 296 935 328 dum
968 297 1121 329 certiores

157 345 197 376 de
213 353 365 385 prospero
380 342 558 375 vocationis
574 350 720 373 successu
738 339 927 371 redduntur.
954 340 1002 371 Ac
1019 339 1122 379 primo

157 387 286 428 quidem
323 397 356 417 se
387 385 550 417 oculatum
583 393 652 414 esse
685 387 799 414 testem
838 382 953 414 asserit
987 382 1120 413 Petrus:

157 430 233 470 quia
263 428 401 470 gloriam
425 427 555 463 Christi,
586 435 683 466 quam
713 426 897 462 annuntiat,
928 427 995 466 ipse
1022 425 1123 456 oculis

156 472 359 513 spectaverit.
394 470 488 502 Hanc
511 468 660 500 notitiam
679 468 828 508 captiosis
848 468 963 500 fabulis
979 467 1121 509 opponit,

156 514 270 556 quales
293 513 488 546 comminisci
509 511 606 542 astuti
625 510 773 541 homines
789 510 893 542 solent
909 510 1122 551 illaqueandis

155 557 348 598 simplicium
373 554 542 586 mentibus.
584 553 690 585 Vetus
713 553 874 593 interpres
897 554 989 585 fictas
1012 553 1122 585 vertit:

155 600 326 636 Erasmus,
371 601 439 628 arte
472 596 676 636 compositas.
730 596 811 627 Mihi
844 596 972 627 videtur
1005 596 1123 627 subtile

155 643 196 674 ad
234 641 408 673 fallendum
449 639 621 670 artificium
663 639 776 670 notari.
837 639 920 670 Nam
959 638 1122 670 interdum

156 685 291 718 Graecis
309 688 358 715 est
374 682 509 713 verbum
526 681 724 723 σοφίζεσθαι.
757 681 885 713 Scimus
902 685 1008 713 autem
1026 692 1122 722 quan-

154 736 222 760 tum
245 725 342 758 studii
361 724 550 766 impendant
571 725 717 756 homines
742 724 866 755 frivolis
883 725 1028 766 argutiis,
1053 729 1122 755 tan-

155 776 223 802 tum
254 769 327 810 quia
357 767 477 808 aliquid
507 767 728 799 delectationis
750 766 880 798 habent.
926 767 1035 807 Quare
1060 778 1122 798 non

154 814 261 845 minus
289 811 372 842 serio
402 810 611 851 applicandae
642 815 717 841 sunt
741 814 863 841 mentes
887 810 926 841 ad
950 810 1123 841 veritatem

153 856 285 887 minime
315 853 459 885 fallacem
490 858 523 884 et
546 853 724 884 doctrinam
749 853 883 884 minime
907 853 1123 894 nugatoriam,

153 898 208 930 sed
238 907 320 937 quae
343 895 478 938 gloriam
503 896 561 928 filii
585 896 647 927 Dei
671 895 763 927 nobis
789 905 862 927 cum
886 896 989 927 salute
1013 900 1124 927 nostra

151 939 314 982 patefacit.

240 1003 357 1036 Christi
387 1003 560 1043 potentiam
594 1005 621 1034 et
654 1002 829 1034 adventurn.
885 1002 958 1034 Non
991 1002 1122 1034 dubium

150 1047 232 1088 quin
256 1046 307 1078 his
334 1046 467 1078 vocibus
490 1045 647 1085 evangelii
671 1055 831 1077 summam
849 1045 1124 1085 comprehendere

149 1090 306 1122 voluerit:
339 1095 375 1120 ut
404 1094 491 1120 certe
521 1087 603 1119 nihil
627 1093 756 1128 praeter
779 1087 947 1120 Christum
970 1089 1123 1126 continet,

149 1133 184 1164 in
214 1143 276 1173 quo
307 1131 486 1163 absconditi
516 1137 594 1162 sunt
623 1141 736 1162 omnes
766 1131 944 1170 sapientiae
968 1131 1124 1163 thesauri.

150 1175 244 1207 Duas
279 1181 385 1206 autem
419 1179 528 1214 partes
561 1174 712 1205 distincte
745 1174 854 1213 ponit:
889 1184 1005 1215 nempe
1039 1174 1124 1214 quod

150 1217 319 1249 exhibitus
348 1217 382 1248 in
416 1227 513 1248 carne
543 1217 639 1247 fuerit
669 1215 837 1248 Christus:
873 1216 988 1248 deinde
1018 1217 1124 1257 qualis

151 1261 193 1293 sit
228 1261 332 1292 virtus
366 1260 436 1291 eius
470 1265 503 1290 et
536 1259 689 1291 efficacia.
747 1258 801 1291 Sic
837 1261 923 1290 enim
959 1260 1123 1300 integrum

150 1303 308 1335 habemus
337 1301 554 1342 evangelium,
584 1302 640 1334 ubi
669 1312 743 1333 eum
767 1302 823 1342 qui
847 1303 1024 1342 promissus
1046 1303 1123 1334 olim

150 1346 256 1378 fuerat
285 1345 478 1385 redemptor,
508 1348 629 1376 scimus
659 1355 676 1376 e
703 1344 791 1376 coelo
815 1345 952 1384 venisse,
980 1345 1124 1377 induisse

150 1399 282 1421 carnem
312 1393 467 1428 nostram,
496 1394 661 1419 versatum
690 1398 762 1419 esse
792 1388 824 1419 in
855 1388 987 1426 mundo,
1019 1395 1124 1419 morte

153 1442 224 1463 esse
255 1431 455 1468 defunctum,
486 1437 518 1462 et
545 1430 675 1462 tandem
698 1432 925 1463 resurrexisse.
972 1431 1124 1463 Secundo

152 1474 207 1506 ubi
236 1475 334 1506 finem
366 1474 481 1505 horum
509 1474 656 1505 omnium
687 1478 718 1505 et
740 1474 882 1505 fructum
912 1475 1121 1515 percipimus:

152 1527 269 1557 nempe
285 1523 322 1548 ut
337 1522 422 1549 esset
437 1516 528 1548 Deus
544 1516 726 1548 nobiscum:
747 1518 783 1547 ut
798 1522 922 1548 certum
939 1517 1123 1557 adoptionis

150 1565 281 1592 nostrae
303 1560 423 1600 pignus
438 1560 472 1590 in
488 1570 521 1591 se
538 1559 721 1591 exhiberet:
745 1565 783 1590 ut
800 1560 934 1599 spiritus
952 1561 1002 1592 sui
1018 1560 1124 1601 gratia

149 1604 297 1643 perfusos
324 1614 344 1634 a
372 1603 478 1634 carnis
511 1602 768 1642 inquinamentis
792 1607 957 1643 purgaret,
988 1613 1025 1635 ac
1047 1613 1121 1635 con-

149 1651 291 1678 secraret
320 1645 391 1677 Deo
421 1646 454 1676 in
479 1645 615 1685 templa:
647 1650 685 1676 ut
707 1645 746 1676 ab
769 1645 882 1677 inferis
904 1656 1056 1687 emersos,
1087 1646 1121 1677 in

149 1689 275 1721 coelum
298 1688 476 1720 attolleret:
502 1694 537 1719 ut
559 1688 716 1720 sacrificio
738 1688 854 1720 mortis
872 1699 950 1720 suae
973 1690 1121 1729 expiaret

149 1736 283 1772 peccata
305 1731 435 1762 mundi:
460 1737 496 1762 ut
519 1741 578 1762 nos
597 1731 683 1771 patri
702 1731 903 1763 conciliaret:
925 1736 959 1763 ut
978 1732 1122 1764 iustitiae

150 1785 188 1806 ac
211 1775 299 1806 vitae
322 1774 414 1805 nobis
437 1778 520 1805 esset
543 1779 645 1805 autor.
690 1773 782 1805 Haec
804 1775 859 1814 qui
882 1780 980 1815 tenet,
1003 1775 1065 1807 rite
1087 1775 1122 1806 in

151 1817 319 1858 evangelio
342 1817 485 1857 profecit.

237 1881 425 1921 spectatores
450 1881 538 1921 facti.

150 1924 273 1956 servire
288 1924 433 1963 Christo,
452 1929 507 1955 aut
523 1924 645 1955 similes
661 1934 730 1955 esse
746 1924 909 1965 apostolis,
929 1925 982 1965 qui
999 1929 1121 1956 temere

149 1968 182 1999 in
214 1971 402 2008 suggestum
429 1966 612 2007 prosiliunt,
643 1971 679 1998 ut
702 1966 741 1998 de
765 1967 1038 2007 speculationibus
1060 1967 1120 1999 sibi

149 2010 268 2051 ignotis
298 2011 451 2051 garriant.
504 2009 568 2040 Hie
597 2010 683 2041 enim
716 2010 845 2041 demum
876 2011 1040 2051 legitimus
1071 2015 1121 2042 est

147 2052 211 2084 Dei
236 2052 390 2093 minister,
413 2052 464 2084 cui
488 2056 605 2084 testata
628 2057 678 2084 est
694 2053 868 2091 doctrinae,
892 2063 989 2093 quam
1007 2053 1117 2092 tradit,

148 2095 282 2126 veritas.
329 2094 400 2126 Non
425 2095 508 2136 quod
532 2095 681 2127 omnibus
707 2100 830 2127 constet
852 2096 965 2127 eadem
987 2097 1120 2127 certitu-

589 1880 676 1913 Hinc
705 1881 887 1923 colligimus
917 1891 1120 1922 nequaquam

148 2138 232 2170 dinis
256 2138 356 2168 ratio:
387 2147 460 2168 nam
490 2138 573 2178 quod
598 2138 715 2169 Petrus
739 2149 773 2170 se
796 2143 996 2179 praesentem
1021 2139 1119 2171 fuisse

147 2180 235 2217 dicit,
260 2191 359 2221 quum
379 2180 507 2211 coelesti
524 2181 653 2212 oraculo
676 2182 907 2222 pronuntiatus
927 2182 988 2213 fuit
1003 2181 1117 2214 Chris-

147 2228 202 2255 tus
225 2223 312 2254 filius
337 2222 407 2262 Dei,
431 2227 496 2254 tres
519 2223 621 2254 solum
644 2228 722 2256 tunc
745 2224 898 2256 aderant:
922 2224 977 2255 alii
1001 2225 1116 2256 nihilo-

147 2267 258 2298 minus
281 2266 388 2297 idonei
413 2265 542 2296 fuerunt
564 2270 679 2298 testes:
712 2277 828 2308 nempe
851 2268 928 2308 quia.
950 2270 998 2299 tot
1020 2268 1117 2299 mira·

148 2309 229 2341 culis
253 2309 362 2340 intuiti
386 2313 479 2339 erant
494 2307 618 2340 Christi
641 2309 788 2350 gloriam,
812 2314 843 2341 et
859 2310 986 2341 illustre
1003 2310 1119 2342 divini-

149 2352 227 2383 tatis
250 2352 319 2383 eius
336 2352 499 2392 specimen
523 2351 558 2382 in
573 2353 808 2384 resurrectione
824 2352 1014 2385 habuerant.
1050 2353 1118 2385 Nos

150 2403 229 2426 vero
259 2394 353 2426 aliter
384 2394 461 2426 certi
488 2398 648 2434 quatenus
670 2395 816 2435 expedit:
848 2396 924 2428 licet
946 2396 1031 2428 enim
1054 2407 1118 2428 non

150 2437 366 2469 resurrexerit
397 2442 472 2468 ante
503 2436 611 2468 oculos
643 2442 771 2468 nostros
799 2437 967 2478 Christus,
1001 2439 1120 2471 scimus

151 2484 259 2511 tamen
278 2489 297 2510 a
326 2479 441 2520 quibus
472 2479 510 2511 de
538 2489 636 2510 manu
666 2480 700 2510 in
722 2490 852 2511 manum
875 2482 1004 2522 prodita
1027 2482 1119 2514 nobis

150 2522 248 2553 fuerit
282 2522 351 2554 eius
385 2522 586 2554 resurrectio.
644 2522 688 2553 Et
721 2523 843 2554 accedit
874 2525 1012 2556 interius
1045 2535 1120 2556 con-

152 2565 307 2596 scientiae
336 2566 575 2597 testimonium:
610 2565 665 2596 illa
694 2565 824 2605 inquam
855 2567 988 2606 spiritus
1013 2567 1120 2609 obsig-

151 2608 242 2638 natio
259 2617 341 2647 quae
356 2618 469 2639 omnes
485 2617 638 2640 sensuum
652 2608 854 2648 probationes
871 2609 966 2650 longe
980 2616 1120 2650 superat.

150 2649 275 2681 Verum
306 2650 564 2689 meminerimus,
599 2650 805 2692 evangelium
835 2651 928 2683 initio
958 2662 999 2683 ex
1030 2654 1121 2694 vagis

1056 199 1206 232 CAPUT
1230 198 1255 232 I.

2088 200 2152 232 454

1176 296 1359 328 rumoribus
1400 307 1463 328 non
1502 296 1601 329 fuisse
1640 298 1836 329 conflatum:
1877 297 1932 329 sed
1973 298 2144 338 apostolos.

1175 350 1298 379 eorum,
1322 349 1403 380 quae
1427 339 1586 378 viderant,
1612 341 1817 373 authenticos
1841 341 1940 372 fuisse
1964 350 2146 380 praecones.

1260 383 1309 414 17.
1327 382 1451 422 Accepit
1468 382 1550 413 enim
1566 393 1586 413 a
1602 382 1668 413 Deo
1686 386 1787 423 patre.
1822 383 2021 423 Exemplum
2041 393 2143 415 unum

1176 435 1253 465 prae
1282 425 1354 456 aliis
1384 425 1475 466 eligit
1504 426 1723 465 memorabile,
1756 427 1788 457 in
1817 437 1878 466 quo
1901 425 2053 458 Christus
2076 436 2147 458 coe-

1175 468 1247 499 lesti
1277 468 1379 508 gloria
1411 472 1561 505 ornatus,
1595 468 1800 508 conspicuam
1835 469 1963 500 divinae
1997 469 2147 509 magnifi-

1175 510 1299 541 centiae
1323 511 1461 550 speciem
1485 510 1589 541 tribus
1619 510 1785 550 discipulis
1810 511 1967 550 praebuit.
2002 511 2145 543 Tametsi

1176 558 1284 583 autem
1316 564 1379 584 non
1404 563 1515 584 omnes
1540 553 1695 585 historiae
1718 554 1976 586 circumstantias
2000 558 2147 586 recenset

1176 595 1303 632 Petrus,
1334 606 1398 627 uno
1430 601 1537 627 tamen
1561 595 1660 627 verbo
1682 606 1736 627 eas
1759 595 1915 636 designat,
1947 607 2045 637 quum
2070 597 2147 629 dicit

1176 637 1342 669 allatam
1378 649 1467 670 esse
1500 649 1639 671 vocem
1674 649 1693 670 a
1730 638 1959 679 magnifica
1996 639 2145 680 gloria.

1177 680 1241 711 Hic
1274 681 1360 711 enim
1395 692 1509 713 sensus
1542 686 1604 720 est,
1643 681 1726 722 quod
1764 681 1844 712 nihil
1879 680 1945 713 illic
1979 686 2144 714 terrenum

1176 723 1451 764 conspiciebatur:
1487 724 1541 756 sed
1571 724 1718 756 coelestis
1744 724 1887 764 undique
1918 724 2068 756 maiestas
2098 735 2144 756 re-

1176 766 1332 807 fulgebat.
1391 767 1531 798 Proinde
1562 767 1743 807 colligenda
1776 772 1853 798 sunt
1886 767 2146 807 magnificentiae

1176 809 1270 849 signa
1304 819 1384 849 quae
1417 813 1553 841 narrant
1586 810 1812 850 evangelistae.
1865 809 1975 849 Atque
2005 810 2050 840 ita
2077 811 2146 841 fieri

1177 852 1332 892 oportuit,
1362 861 1425 892 quo
1454 856 1594 884 sanctior
1624 857 1707 883 esset
1730 853 1828 890 vocis,
1857 862 1938 892 quae
1969 851 2067 883 allata
2089 860 2147 891 est,

1177 895 1352 926 autoritas:
1375 895 1647 934 quemadmodum
1664 895 1810 926 videmus
1833 905 1900 926 non
1923 895 2021 926 semel
2046 906 2064 926 a
2080 895 2146 926 Do-

1177 937 1266 968 mino
1297 937 1394 969 fuisse
1425 938 1555 969 factum.
1606 937 1719 977 Neque
1753 937 1840 968 enim
1867 948 1968 978 quum
2003 938 2148 978 patribus

1177 980 1329 1020 loquutus
1351 985 1410 1021 est,
1433 981 1537 1012 nudas
1560 982 1688 1011 tantum
1706 990 1801 1011 voces
1824 990 1998 1020 personare
2021 981 2054 1011 in
2074 991 2148 1012 aere

1177 1023 1296 1054 voluit:
1327 1023 1383 1055 sed
1411 1023 1529 1055 additis
1558 1023 1759 1063 praesentiae
1789 1033 1867 1054 suae
1890 1023 2059 1064 symbolis,
2090 1033 2148 1055 sua

1176 1076 1246 1097 esse
1268 1066 1398 1098 oracula
1418 1069 1558 1098 testatus
1581 1070 1638 1098 est.

1265 1109 1329 1141 Hie
1357 1111 1400 1140 est
1426 1109 1515 1149 filius
1541 1119 1638 1141 meus.
1684 1108 1823 1140 Perinde
1850 1108 1933 1140 hanc
1955 1119 2068 1141 vocem
2091 1109 2148 1140 ad-

1177 1152 1266 1185 ducit
1282 1152 1409 1193 Petrus,
1434 1162 1470 1184 ac
1493 1153 1519 1184 si
1543 1152 1611 1184 sola
1634 1151 1673 1183 ad
1697 1152 1827 1192 plenam
1850 1152 2011 1193 evangelii
2031 1162 2145 1192 appro-

1177 1196 1340 1227 bationem
1357 1196 1534 1227 sufficeret:
1559 1195 1655 1235 idque
1674 1195 1752 1226 iure.
1789 1194 1872 1226 Nam
1891 1194 1945 1225 ubi
1963 1195 2149 1235 agnoscitur

1176 1238 1330 1270 Christus
1346 1238 1473 1279 qualem
1490 1248 1563 1269 eum
1583 1238 1675 1269 nobis
1693 1237 1788 1268 affert
1811 1241 1912 1277 pater,
1936 1237 2014 1269 haec
2030 1238 2147 1269 ultima

1177 1286 1227 1312 est
1256 1281 1433 1321 sapientiae
1462 1285 1591 1312 nostrae
1619 1285 1714 1311 meta.
1760 1279 1834 1311 Duo
1857 1285 1934 1311 sunt
1958 1280 2054 1312 huius
2077 1291 2148 1312 sen-

1177 1324 1299 1355 tentiae
1311 1324 1467 1355 membra.
1492 1323 1588 1363 Quod
1604 1323 1691 1354 enim
1708 1323 1826 1354 dicitur
1841 1323 1906 1355 Hic
1921 1327 1979 1362 est,
1995 1333 2146 1364 magnam

1177 1367 1275 1399 habet
1304 1367 1488 1407 emphasin:
1521 1377 1635 1407 nempe
1665 1365 1751 1397 hunc
1778 1376 1849 1397 esse
1877 1366 1967 1397 illum
1992 1366 2146 1397 Messiam

1177 1410 1232 1450 qui
1270 1411 1363 1441 toties
1401 1410 1578 1450 promissus
1615 1410 1728 1440 fuerat.
1789 1408 1956 1449 Quidquid
1993 1419 2070 1449 ergo
2108 1408 2146 1440 de

1177 1453 1300 1485 Messia
1328 1453 1362 1483 in
1391 1452 1462 1494 lege
1492 1457 1523 1484 et
1555 1451 1722 1494 prophetis
1752 1451 1899 1490 habetur,
1930 1451 1991 1482 hac
2013 1451 2146 1483 demon-

1176 1496 1334 1527 stratione
1356 1500 1450 1536 pater
1472 1496 1506 1526 in
1527 1496 1596 1527 eius
1619 1504 1791 1535 personam
1814 1495 1946 1532 confert,
1971 1504 2067 1534 quem
2085 1495 2146 1526 isto

1176 1539 1281 1580 elogio
1297 1539 1508 1571 commendat.
1542 1538 1655 1570 Altero
1672 1538 1816 1569 membro
1833 1538 2020 1578 pronuntiat
2036 1537 2146 1569 Chris-

1176 1587 1246 1613 tum
1281 1592 1351 1613 esse
1385 1582 1487 1613 filium
1521 1591 1633 1621 suum,
1668 1581 1701 1611 in
1733 1591 1795 1621 quo
1829 1584 1916 1612 totus
1948 1590 2038 1611 amor
2068 1590 2145 1612 suus

1176 1625 1297 1656 residet
1319 1634 1356 1656 ac
1378 1625 1535 1656 consistit.
1579 1623 1675 1656 Unde
1697 1623 1852 1663 sequitur,
1881 1633 1946 1655 non
1969 1623 2064 1654 aliter
2086 1633 2146 1654 nos

1177 1667 1267 1709 diligi
1291 1678 1387 1708 quam
1411 1667 1445 1698 in
1468 1667 1554 1708 ipso:
1579 1677 1638 1698 nec
1661 1666 1738 1698 alibi
1762 1666 1980 1707 quaerendum
1997 1675 2065 1697 esse
2082 1665 2144 1697 Dei

1176 1721 1328 1742 amorem.
1363 1710 1453 1742 Haec
1475 1710 1578 1742 obiter
1599 1720 1686 1741 nunc
1708 1710 1867 1750 attingere
1889 1708 1969 1740 mihi
1989 1709 2069 1740 satis
2088 1714 2145 1740 est.

1263 1754 1312 1785 18.
1334 1753 1376 1785 In
1397 1756 1495 1785 monte
1516 1755 1628 1785 sancto.
1663 1752 1811 1784 Montem
1831 1756 1977 1783 sanctum
1995 1751 2144 1792 appellat,

1175 1807 1237 1837 qua
1261 1797 1386 1828 ratione
1408 1801 1495 1827 terra
1517 1800 1630 1828 sancta
1653 1795 1780 1833 dicitur,
1804 1795 1835 1826 in
1859 1804 1922 1835 qua
1946 1794 2030 1825 Mosi
2055 1794 2145 1826 Deus

1175 1840 1336 1880 apparuit.
1389 1839 1592 1880 Quocunque
1626 1838 1712 1870 enim
1747 1838 1869 1870 accedit
1899 1836 2075 1876 Dominus,
2108 1842 2144 1868 ut

1173 1888 1223 1914 est
1254 1883 1326 1914 fons
1357 1883 1462 1914 omnis
1491 1882 1685 1919 sanctitatis,
1720 1880 1920 1921 praesentiae
1949 1889 2027 1911 suae
2049 1879 2145 1911 odore

1174 1926 1283 1956 omnia
1313 1925 1502 1957 sanctificat.
1549 1926 1658 1965 Atque
1686 1924 1746 1955 hac
1769 1924 1956 1964 loquutione
1978 1922 2141 1961 docemur,

1173 1979 1238 2000 non
1269 1968 1365 1999 modo
1395 1972 1581 1999 reverenter
1605 1968 1711 1998 Deum
1734 1967 1881 2006 excipere
1904 1965 2086 2006 ubicunque
2109 1976 2145 1996 se

1172 2011 1323 2050 ostendit,
1354 2011 1410 2042 sed
1441 2011 1537 2042 etiam
1569 2019 1629 2041 nos
1653 2010 1692 2041 ad
1720 2010 1922 2041 sanctitatem
1946 2018 2142 2048 comparare,

1172 2054 1268 2085 simul
1293 2064 1328 2086 ac
1353 2053 1444 2085 nobis
1467 2053 1717 2094 appropinquat:
1750 2051 2020 2093 quemadmodum
2046 2052 2142 2082 etiam

1173 2097 1292 2138 populo
1329 2096 1520 2128 mandatum
1558 2096 1634 2137 fuit,
1675 2106 1773 2136 quum
1815 2095 1866 2125 lex
1906 2093 2143 2134 promulganda

1171 2144 1256 2171 esset
1285 2140 1319 2170 in
1349 2144 1459 2171 monte
1491 2138 1592 2171 Sinai.
1642 2139 1686 2170 Et
1716 2138 1771 2169 illa
1801 2142 1849 2168 est
1879 2136 2040 2178 generalis
2070 2136 2140 2168 doc-

1171 2183 1272 2214 trina:
1296 2182 1410 2214 Sancti
1434 2186 1547 2223 estote,
1571 2182 1646 2222 quia
1669 2191 1728 2222 ego
1750 2184 1888 2217 sanctus,
1912 2180 1965 2220 qui
1984 2180 2018 2210 in
2035 2179 2140 2211 medio

1173 2226 1272 2257 vestri
1296 2224 1416 2257 habito.

1258 2311 1308 2343 19.
1332 2310 1375 2342 Et
1390 2310 1537 2342 habemus
1552 2310 1722 2350 firmiorem
1731 2307 1946 2348 propheticum
1961 2317 2141 2347 sermonem,

1170 2355 1222 2388 cui
1249 2353 1427 2394 benefacitis
1455 2353 1657 2391 attendentes,
1689 2355 1838 2391 tanquam
1872 2351 2012 2382 lucernae
2041 2360 2142 2390 appa-

1170 2397 1253 2429 renti
1274 2397 1310 2428 in
1331 2397 1498 2437 caliyinoso
1520 2396 1591 2437 loco,
1622 2395 1710 2427 donec
1732 2394 1856 2426 illuceat
1878 2394 1953 2433 dies,
1983 2394 2009 2423 et
2030 2393 2141 2433 lucifer

1171 2441 1296 2473 oriatur
1318 2440 1352 2471 in
1374 2439 1520 2471 cordibus
1543 2439 1670 2470 vestris:
1713 2437 1764 2468 20.
1788 2436 1842 2468 hoc
1858 2437 2000 2476 primum
2021 2436 2141 2476 coquito

1171 2483 1252 2523 quod
1281 2483 1382 2514 omnis
1401 2482 1563 2522 prophetia
1584 2481 1758 2520 scripturae
1782 2480 1928 2519 privatae
1959 2479 2141 2518 interpreta-

1170 2526 1265 2558 tionis
1298 2535 1359 2557 non
1390 2527 1441 2557 est.
1494 2525 1544 2556 21.
1576 2523 1682 2562 Neque
1713 2523 1796 2554 enim
1823 2522 1974 2553 voluntate
2006 2520 2143 2552 hominis

1171 2567 1272 2601 allata
1299 2571 1342 2600 est
1371 2568 1528 2608 quondam
1552 2565 1735 2606 prophetia.-
1766 2564 1821 2596 secl
1850 2575 1870 2596 a
1898 2564 2016 2604 spiritu
2037 2566 2143 2596 sancto

1172 2611 1312 2651 impulsi,
1336 2611 1454 2651 loquuti
1475 2611 1546 2641 sunt
1567 2608 1666 2640 sancti
1688 2608 1752 2640 Dei
1772 2607 1920 2639 homines.

1888 2708 1937 2735 29*
