2513 3126
302 235 319 264 ἵ
1131 229 1468 262 ARGUMENTUM.
2271 228 2291 259 8

301 330 450 371 quoniam
475 328 667 365 reverentia,
695 336 791 367 quam
815 326 899 358 Mosi
923 325 1119 361 deferebant,
1142 325 1269 357 obstare

301 377 435 413 poterat,
459 371 549 403 docet
573 370 739 402 Christum
767 369 861 410 longe
892 368 1041 399 omnibus
1065 368 1267 408 praecellere.

300 416 348 447 Ac
384 419 550 455 postquam
583 413 769 444 summatim
800 412 906 452 attigit
936 410 1050 451 quibus
1085 410 1268 443 nominibus

300 457 484 498 praecellat,
507 456 698 488 nominatim
721 454 853 496 angelos
877 454 922 485 illi
947 453 1116 493 submittit,
1138 459 1174 484 ut
1196 464 1267 485 cum

300 500 362 532 illis
386 499 526 539 reliquos
557 508 667 530 omnes
697 503 791 539 cogat
819 498 851 528 in
883 496 1038 528 ordinem.
1084 495 1269 528 Prudenter

300 549 405 574 autem
431 542 491 574 hac
514 542 640 573 ratione
659 540 876 582 progreditur:
901 549 976 570 nam
1001 539 1026 570 si
1050 549 1069 570 a
1084 539 1175 570 Mose
1198 548 1267 570 coe-

300 586 407 625 pisset.
432 585 536 625 magis
559 584 668 615 odiosa
691 584 802 615 fuisset
824 582 1031 623 comparatio.
1073 581 1136 613 Ubi
1160 586 1268 613 autem

298 638 339 659 ex
362 627 530 668 scripturis
561 631 696 662 constat,
726 626 880 657 coelestes
910 634 1036 665 quoque
1068 624 1268 664 principatus

298 670 464 702 subsidere
484 670 567 702 infra
584 669 767 701 Christum:
789 678 854 699 non
873 673 920 699 est
935 678 992 698 cur
1008 671 1134 698 recuset
1151 667 1266 704 Moses,

299 713 351 745 vel
380 713 467 744 ullus
497 713 656 753 quispiam
688 710 886 750 mortalium,
918 709 982 741 illis
1013 710 1197 750 aggregari:
1233 716 1269 740 ut

299 766 395 796 supra
420 766 531 786 omnes
555 760 619 786 tam
645 754 793 786 homines
823 763 917 793 quam
942 752 1073 794 angelos
1096 752 1182 784 filius
1205 751 1267 784 Dei

298 799 449 830 emineat.
494 798 608 838 Itaque
642 801 815 837 postquam
847 795 979 837 angelos
1013 794 1176 835 apostolus
1209 795 1268 826 sub

298 841 423 874 Christi
447 840 622 872 dominium
647 844 680 871 et
702 842 893 880 potestatem
917 838 1050 879 redegit,
1080 848 1155 868 mox
1179 838 1267 878 quasi

299 890 429 924 sumpta
445 883 570 921 fiducia,
587 884 709 923 quanto
725 882 856 913 inferior
871 881 914 912 sit
926 881 1046 921 Moses,
1066 881 1265 920 pronuntiat:

299 937 412 967 nempe
447 930 603 966 quantum
638 925 747 956 differt
779 934 895 956 servus
929 934 947 954 a
981 923 1122 955 domino.
1174 922 1268 963 Quod

299 980 376 1010 ergo
407 969 510 1000 tribus
544 968 657 1009 primis
689 967 848 1008 capitibus
878 966 1047 998 Christum
1077 965 1109 997 in
1140 974 1269 998 summo

299 1011 401 1054 gradu
418 1011 619 1052 principatus
635 1010 776 1049 collocat,
795 1010 858 1042 huc
874 1009 986 1048 tendit,
1005 1013 1040 1040 ut
1055 1019 1092 1040 eo
1119 1008 1269 1049 loquente

298 1065 409 1087 omnes
432 1054 560 1092 sileant,
591 1064 649 1086 nec
678 1053 852 1094 quidquam
883 1062 940 1084 nos
970 1051 1126 1092 impediat
1148 1052 1268 1092 quomi-

297 1107 359 1129 nus
382 1098 450 1129 eius
481 1097 646 1129 doctrinae
675 1095 810 1128 solidam
834 1095 1033 1126 audientiam
1057 1099 1267 1135 praestemus.

297 1140 502 1180 Quamquam
533 1139 673 1172 secundo
702 1139 805 1179 capite
835 1148 909 1170 eum
939 1137 1031 1169 nobis
1060 1137 1170 1169 fratris
1199 1137 1269 1169 loco

300 1184 332 1214 in
356 1193 452 1215 carne
475 1187 586 1214 nostra
610 1192 802 1223 proponens,
824 1181 886 1212 hoc
904 1180 999 1212 modo
1023 1190 1081 1211 nos
1100 1180 1208 1219 allicit,
1233 1184 1269 1211 ut

298 1226 452 1258 libentius
487 1236 545 1257 nos
575 1230 657 1257 totos
690 1224 735 1256 illi
772 1224 990 1256 devovcamus
1023 1233 1060 1255 ac
1093 1223 1268 1254 tradamus.

300 1269 344 1300 Et
368 1268 464 1300 simul
488 1268 730 1300 exhortationes
759 1267 928 1307 minasque
950 1266 1115 1304 admiscet,
1146 1265 1173 1297 si
1196 1266 1268 1306 quis

300 1311 352 1343 vel
384 1311 423 1342 ad
453 1310 693 1351 obsequendum
721 1311 763 1342 sit
792 1309 924 1347 tardior,
957 1309 1007 1341 vel
1037 1310 1268 1341 contumaciter

299 1358 477 1395 repugnet:
507 1353 603 1394 idque
633 1354 699 1394 agit
722 1363 821 1394 prope
843 1353 882 1383 ad
907 1353 1004 1383 finem
1036 1362 1136 1392 usque
1162 1352 1268 1391 quarti

300 1397 426 1438 capitis.
466 1396 548 1428 Inde
572 1397 690 1428 transit
713 1396 752 1427 ad
775 1395 1002 1437 explicandum
1020 1394 1144 1426 Christi
1164 1404 1268 1425 sacer-

301 1439 442 1471 dotium:
474 1440 565 1471 cuius
594 1449 671 1471 vera
701 1444 732 1470 et
762 1449 843 1479 pura
874 1438 1016 1479 cognitio
1046 1448 1159 1469 omnes
1187 1437 1269 1478 legis

301 1482 521 1515 caeremonias
543 1482 660 1514 abolet.
705 1481 769 1514 Sed
793 1481 846 1513 ubi
870 1481 1012 1513 breviter
1036 1485 1162 1511 tantum
1186 1480 1268 1511 indi-

300 1526 387 1557 cavit
406 1535 500 1565 quam
525 1525 637 1556 debeat
652 1524 744 1556 nobis
768 1524 847 1556 illud
871 1534 940 1556 esse
956 1523 1102 1562 amabile,
1125 1528 1157 1554 et
1173 1533 1269 1563 quam

301 1568 448 1600 suaviter
471 1568 670 1608 acquiescere
689 1567 723 1598 in
739 1578 776 1599 eo
791 1567 897 1607 liceat,
921 1566 1084 1607 paulisper
1107 1565 1147 1597 ad
1165 1566 1269 1598 incre-

301 1610 424 1651 pandos
448 1610 585 1642 Iudaeos
614 1610 804 1652 digreditur,
835 1620 872 1642 eo
894 1609 978 1650 quod
1008 1609 1042 1640 in
1071 1609 1185 1650 primis
1208 1609 1271 1640 ele-

300 1654 429 1690 mentis,
452 1658 607 1694 tanquam
630 1655 733 1694 pueri,
756 1653 964 1690 haesitarent,
988 1652 1041 1683 ubi
1061 1652 1157 1683 etiam
1179 1652 1271 1692 gravi

301 1701 334 1728 et
356 1706 470 1728 severa
488 1696 730 1728 denuntiatione
753 1707 806 1728 eos
826 1700 934 1728 terret.
976 1694 1160 1727 Periculum
1185 1695 1270 1725 enim

301 1749 371 1771 esse
395 1750 434 1771 ne
458 1739 485 1771 si
501 1739 540 1770 ad
560 1739 790 1780 proficiendum
808 1739 886 1770 adeo
909 1739 975 1770 sint
991 1748 1117 1779 segneS,
1139 1737 1270 1768 tandem

302 1781 496 1813 abiiciantur
529 1792 548 1813 a
580 1781 733 1813 Domino.
790 1782 913 1813 Verum
947 1781 1031 1812 hanc
1064 1780 1270 1820 asperitatem

302 1835 379 1856 mox
403 1828 569 1865 temperat,
603 1835 704 1865 quum
729 1824 805 1855 dicit
831 1824 965 1856 meliora
993 1834 1027 1855 se
1058 1832 1204 1864 sperare:
1235 1827 1272 1854 ut

301 1877 413 1899 eorum
443 1868 551 1907 potius
585 1867 708 1899 animos
735 1867 839 1908 erigat
868 1867 906 1898 ad
939 1866 1080 1898 studium
1111 1866 1271 1906 profectus

301 1920 396 1951 quam
432 1910 570 1942 deiiciat.
613 1910 733 1941 Postea
765 1910 806 1941 ad
841 1909 1008 1941 sacerdotii
1044 1909 1269 1940 tractationem

301 1953 403 1984 redit:
427 1953 460 1984 in
484 1963 548 1994 qua
571 1952 662 1984 docet
684 1953 798 1993 primo,
830 1952 959 1984 differre
990 1953 1096 1993 ipsum
1119 1961 1137 1982 a
1168 1951 1269 1982 veteri

301 1995 481 2027 sacerdotio
503 1995 587 2036 quod
610 1995 670 2027 sub
693 1996 764 2036 lege
783 1995 852 2033 fuit,
877 1995 990 2027 deinde
1014 2004 1085 2026 esse
1101 1998 1269 2035 praestan-

302 2039 375 2076 tius,
409 2038 493 2079 quod
522 2039 555 2069 in
580 2039 649 2070 eius
680 2038 784 2070 locum
817 2038 976 2075 succedat,
1006 2044 1036 2068 et
1066 2036 1271 2068 iureiurando

302 2081 484 2114 sanciatur:
518 2081 602 2122 quod
636 2085 804 2123 aeternum
839 2082 890 2119 sit,
924 2090 1113 2122 semperque
1147 2081 1270 2120 vigeat:

1321 325 1405 366 quod
1430 326 1481 366 qui
1512 335 1548 357 eo
1572 325 1730 366 fungitur,
1761 326 1924 357 Aaronem
1955 327 1988 356 et
2011 324 2150 365 reliquos
2179 335 2291 358 omnes

1322 379 1360 399 ex
1392 378 1509 409 genere
1540 368 1676 406 levitico,
1707 368 1828 400 honore
1857 372 1996 408 superet.
2047 367 2192 407 Quorum
2224 379 2290 400 om-

1321 412 1410 442 nium
1435 410 1658 442 adumbratam
1682 410 1779 442 fuisse
1802 411 1977 451 imaginem
2002 411 2033 441 in
2058 420 2195 451 persona
2211 411 2290 443 Mel-

1321 453 1469 485 chisedec
1503 453 1652 485 ostendit.
1712 453 1787 493 Quo
1821 459 1928 485 autem
1963 453 2083 485 certius
2120 453 2291 495 abrogatas

1321 507 1390 528 esse
1413 496 1493 536 legis
1516 497 1733 528 caeremonias
1755 496 1879 537 probet,
1902 497 1933 527 in
1958 495 2055 527 alium
2080 496 2177 528 finem
2199 497 2291 528 insti-

1322 543 1410 570 tutas
1447 548 1512 569 una
1548 548 1621 570 cum
1659 538 1867 571 tabernaculo
1905 539 2004 570 fuisse
2044 543 2289 570 commemorat:

1322 591 1436 621 nempe
1459 586 1495 612 ut
1517 581 1646 613 coelesti
1670 586 1840 622 prototypo
1863 582 2033 613 servirent.
2074 581 2168 613 Unde
2186 581 2288 622 sequi-

1322 629 1385 664 tur,
1409 634 1473 655 non
1497 634 1566 656 esse
1590 624 1623 654 in
1647 623 1711 656 illis
1732 624 1946 656 manendum:
1972 624 2032 656 nisi
2053 624 2191 656 velimus
2211 634 2288 656 con·

1322 671 1444 707 tempta
1482 669 1567 698 meta
1604 667 1638 697 in
1671 666 1777 698 medio
1812 667 1882 699 viae
1919 667 2073 699 desidere.
2142 666 2193 698 Ad
2230 666 2291 699 hoc

1322 709 1478 741 Icremiae
1517 709 1621 741 locum
1659 708 1799 749 adducit,
1836 709 1891 741 ubi
1929 710 2130 750 promittitur
2167 719 2289 741 novum

1322 756 1562 790 testamentum,
1585 750 1669 792 quod
1693 751 1773 782 nihil
1790 751 1877 783 aliud
1900 757 1950 785 est
1972 763 2067 793 quam
2085 752 2203 783 veteris
2219 761 2286 784 cor-

1321 795 1430 826 rectio.
1475 794 1569 826 Unde
1592 794 1746 834 sequitur,
1772 794 1937 826 infirmum
1961 795 2040 827 illud
2065 795 2161 827 fuisse
2185 799 2216 826 et
2238 805 2290 826 ca-

1321 837 1448 869 ducum.
1485 837 1601 868 Postea
1625 836 1663 868 de
1686 836 1898 868 similitudine
1921 837 2196 878 congruentiaque
2219 848 2288 869 um-

1321 881 1450 912 brarum
1475 885 1506 911 et
1537 880 1683 911 veritatis
1706 880 1738 910 in
1762 879 1894 911 Christo
1924 880 2087 912 exhibitae
2110 881 2289 921 disputans,

1321 923 1494 963 concludit,
1528 923 1622 954 unico
1653 922 1775 954 Christi
1805 922 1959 954 sacrificio
1989 923 2161 964 abrogatos
2190 923 2290 955 fuisse

1322 966 1404 997 ritus
1432 976 1543 997 omnes
1574 975 1592 996 a
1619 965 1711 997 Mose
1738 965 1923 996 institutos:
1958 966 2032 1006 quia
2061 971 2217 1006 perpetua
2248 967 2289 997 sit

1322 1009 1418 1040 huius
1441 1008 1587 1040 sacrificii
1610 1008 1760 1046 efficacia,
1783 1008 1864 1039 etin
1888 1018 1925 1039 eo
1948 1019 2013 1039 non
2029 1009 2123 1040 modo
2138 1007 2289 1040 absoluta

1321 1052 1362 1082 sit
1387 1052 1460 1082 novi
1485 1051 1668 1082 testamenti
1692 1050 1826 1091 sanctio,
1853 1050 1908 1082 sed
1932 1061 2046 1082 verum
2070 1055 2101 1082 et
2123 1051 2289 1091 spirituale

1322 1094 1595 1134 complementum
1629 1093 1757 1125 externi
1779 1093 1868 1125 illius
1901 1093 2080 1134 sacerdotii,
2114 1093 2199 1134 quod
2230 1093 2291 1126 sub

1322 1137 1392 1178 lege
1426 1135 1538 1177 viguit.
1591 1137 1765 1168 Doctrinae
1796 1146 1910 1168 rursus
1943 1136 2198 1168 exhortationem
2232 1147 2289 1168 an-

1322 1180 1421 1211 nectit
1437 1180 1540 1210 instar
1556 1179 1697 1210 stimuli:
1713 1183 1749 1210 ut
1764 1178 2005 1220 impedimentis
2020 1179 2170 1211 omnibus
2181 1179 2290 1211 valere

1322 1224 1425 1260 iussis,
1449 1222 1617 1254 Christum
1634 1221 1789 1263 quadecet
1815 1222 1997 1254 reverentia
2019 1222 2189 1263 excipiant.
2228 1222 2291 1253 Tot

1322 1270 1451 1306 patrum
1485 1264 1643 1305 exempla,
1677 1274 1759 1305 quae
1792 1270 1938 1296 recenset
1968 1265 2071 1305 capite
2108 1264 2291 1303 undecimo,

1322 1308 1402 1339 mihi
1442 1307 1591 1339 videntur
1629 1309 1661 1339 in
1701 1307 1788 1339 hunc
1825 1308 1922 1339 finem
1961 1317 2031 1339 esse
2068 1307 2214 1345 adducta,
2255 1311 2291 1339 ut

1322 1356 1534 1392 agnoscerent
1557 1349 1680 1389 Iudaei,
1715 1351 1742 1382 si
1773 1361 1791 1382 a
1820 1350 1912 1382 Mose
1942 1350 2079 1382 traducti
2110 1355 2220 1382 essent
2249 1349 2290 1382 ad

1321 1394 1500 1431 Christum,
1525 1393 1604 1424 adeo
1627 1403 1662 1425 se
1684 1403 1703 1424 a
1725 1393 1845 1425 sanctis
1862 1393 2006 1434 patribus
2029 1403 2094 1424 non
2118 1392 2292 1433 discedere,

1323 1442 1359 1468 ut
1383 1437 1442 1467 hac
1465 1438 1606 1468 maxime
1629 1437 1661 1468 in
1685 1446 1720 1467 re
1743 1436 1807 1467 illis
1825 1436 1985 1468 coniuncti
2010 1436 2123 1467 forent.
2162 1436 2245 1468 Nam
2262 1436 2291 1467 si

1323 1480 1494 1521 praecipua
1524 1479 1557 1510 in
1589 1479 1653 1510 illis
1684 1479 1787 1511 virtus
1816 1479 1876 1510 fuit
1906 1478 1994 1516 fides,
2032 1478 2189 1518 radixque
2223 1489 2291 1510 om-

1323 1524 1412 1554 nium
1437 1523 1616 1553 virtutum:
1641 1523 1799 1562 sequitur,
1828 1521 1912 1553 banc
1935 1531 2004 1553 esse
2034 1521 2206 1561 praecipue
2228 1531 2291 1562 qua

1323 1568 1515 1597 censeantur
1540 1564 1692 1596 Abrahae
1722 1568 1754 1596 et
1782 1564 2014 1605 prophetarum
2045 1564 2114 1595 filii.
2159 1563 2292 1602 Contra,

1324 1609 1498 1649 degeneres
1531 1618 1601 1640 esse
1631 1617 1743 1639 omnes
1776 1608 1830 1648 qui
1860 1613 1990 1648 patrum
2021 1607 2118 1638 fidem
2147 1617 2212 1638 non
2241 1617 2290 1638 se—

1323 1656 1476 1692 quuntur.
1520 1651 1591 1683 Hoc
1619 1651 1659 1682 ad
1693 1650 1853 1691 evangelii
1885 1649 2195 1681 commendationem
2225 1660 2292 1681 non

1324 1705 1438 1734 parum
1464 1693 1558 1732 valet,
1589 1693 1674 1734 quod
1703 1693 1796 1725 nobis
1818 1694 1852 1724 in
1876 1703 1912 1724 eo
1939 1703 2011 1725 cum
2035 1693 2189 1725 universa
2210 1703 2292 1733 quae

1325 1737 1363 1768 ab
1388 1737 1479 1767 initio
1503 1736 1616 1768 mundi
1632 1736 1693 1768 fuit
1717 1735 1850 1768 ecclesia
1875 1746 2050 1768 consensus
2073 1739 2123 1767 est
2138 1745 2174 1766 ac
2196 1736 2293 1767 socie-

1324 1786 1382 1811 tas.
1428 1779 1503 1810 Duo
1526 1790 1609 1820 quae
1632 1784 1806 1820 supersunt
1829 1780 1945 1820 capita,
1975 1779 2083 1810 varias
2106 1777 2293 1810 formandae

1325 1823 1411 1854 vitae
1434 1822 1674 1862 praeceptiones
1705 1822 1858 1861 continet,
1892 1821 1931 1853 de
1954 1831 2022 1862 spe,
2056 1822 2095 1852 de
2123 1821 2295 1852 tolerantia

1324 1866 1439 1905 crucis,
1463 1865 1502 1896 de
1525 1865 1778 1905 perseverantia,
1801 1865 1840 1896 de
1862 1864 2063 1906 gratitudine
2081 1873 2158 1905 erga
2176 1863 2294 1903 Deum,

1325 1908 1363 1939 de
1391 1908 1583 1947 obedientia,
1617 1908 1655 1939 de
1685 1907 1906 1939 misericordia
1935 1912 1968 1938 et
1998 1907 2142 1939 caritatis
2171 1906 2295 1946 officiis,

1325 1951 1362 1982 de
1391 1952 1547 1991 castitate,
1577 1955 1609 1982 et
1637 1950 1806 1982 similibus.
1851 1950 1994 1982 Demum
2025 1949 2193 1990 epistolam
2224 1959 2294 1989 pre-

1324 1994 1448 2025 catione
1471 1993 1609 2025 claudit:
1643 1994 1705 2025 nisi
1735 1993 1820 2034 quod
1850 2003 1940 2034 spem
1971 1992 2035 2024 illis
2064 1993 2140 2024 facit
2170 1991 2291 2024 adven-

1324 2042 1375 2068 tus
1398 2037 1458 2068 sui.
