2513 3126
281 209 325 242 35
1032 205 1175 240 Erls‘r.
1198 206 1262 239 An
1285 206 1535 240 HEBRAEOS
1855 185 1858 188 ’
2240 213 2284 245 35

283 308 454 339 Christum
486 306 596 344 flectit,
626 308 662 337 ut
692 304 731 336 dc
760 303 965 345 imploranda
995 304 1088 336 nobis
1113 304 1174 336 Dei
1197 315 1258 345 ope

284 351 329 381 sit
357 350 521 382 sollicitus.
557 348 643 387 Quid
675 346 865 387 praeterea?
904 347 1113 378 Peccatorum
1148 348 1257 388 expia-

287 393 408 424 tionem
442 393 601 430 t'acturus,
631 396 780 422 naturam
810 394 957 421 nostram
987 389 1108 427 induit,
1138 393 1176 420 ut
1208 400 1257 421 re-

286 434 519 467 conciliationis
548 433 689 473 pretium
720 432 914 464 haberemus
944 432 978 463 in
1007 441 1105 463 carne
1127 433 1257 464 nostra:

287 478 426 517 deniquo
456 481 492 507 ut
523 476 705 508 communis
735 480 869 506 naturae
899 475 970 506 iure
1004 484 1063 505 nos
1091 484 1199 506 secum
1222 475 1257 506 in

288 521 348 552 Dei
379 519 601 550 sanctuarium
630 518 859 550 introduceret.
911 516 961 548 Τὰ
992 517 1071 558 πρὸς
1101 517 1156 548 τὸν
1179 516 1257 550 θεὸν

288 562 441 603 intelligit
475 571 556 602 quae
587 561 650 594 huc
680 565 830 601 spectant
858 564 894 592 ut
927 561 1076 592 conciliet
1111 559 1258 593 homines

285 605 364 636 Deo.
415 604 496 644 Quia
530 606 631 635 auam
656 604 784 643 primus
824 603 866 635 ad
896 603 1000 636 Deum
1029 602 1176 643 {accessus
1216 605 1259 635 est

282 648 357 687 fidei
386 647 522 687 libertas,
552 647 718 678 mediatore
748 656 825 686 opus
859 649 903 678 est
924 646 978 686 qui
1000 655 1117 678 omnem
1139 645 1259 678 dubita-

282 692 394 723 tionem
416 690 542 722 exunat.

373 734 422 765 18.
454 732 508 763 Er
537 742 596 772 quo
626 732 688 771 ipsi
718 732 850 773 coutiyit.
896 732 1112 769 Exercitatus,
1145 731 1258 773 inquit,

285 776 380 808 malis
415 776 549 813 nostris,
584 784 762 815 propensus
795 779 844 806 est
877 775 918 806 ad
953 784 1046 815 opem
1082 774 1257 806 ferendam.

285 819 371 851 Nam
403 819 455 850 hic
487 817 682 858 tentatio,
714 817 797 848 nihil
829 817 915 849 aliud
940 828 1035 858 quam
1059 818 1259 858 experimen-

285 868 355 894 tum
380 862 431 893 vcl
456 860 676 900 probationem
701 860 878 901 significat:
910 863 943 891 et
966 870 1080 900 posse
1104 870 1161 900 pro
1185 860 1258 892 Ido-

285 915 385 937 neum
409 914 487 941 esse,
511 903 564 934 vel
588 903 775 944 proclivem,
800 903 850 935 vel
874 903 1161 936 accommodatum.

631 1032 814 1072 CAPUT
841 1031 916 1070 III.

373 1117 402 1148 1.
433 1116 520 1149 Unde
540 1117 659 1157 fratres
681 1117 789 1155 sancti,
819 1116 984 1148 vocationis
1007 1116 1140 1148 coelestis
1156 1118 1259 1157 parti-

284 1161 379 1200 cipes,
403 1160 592 1192 considerate
614 1160 788 1199 apostolum
811 1162 836 1190 et
853 1159 1040 1191 sacerdotem
1057 1160 1259 1200 confessionis

285 1206 425 1241 nostrae,
456 1202 615 1235 Christum
646 1202 767 1241 Iesum,
807 1203 836 1234 2.
860 1203 915 1242 qut
942 1202 1046 1242 fidelis
1076 1205 1120 1234 est
1147 1203 1175 1234 ei
1205 1204 1259 1243 qui

286 1246 442 1278 constituit
480 1246 600 1285 ipsum.-
637 1245 892 1284 quemadmodum
928 1248 955 1276 et
988 1245 1093 1277 Moses
1130 1246 1164 1277 iri
1199 1249 1260 1278 tota

285 1289 374 1321 domo
403 1289 480 1320 eius.
525 1289 554 1319 3.
579 1288 705 1320 Maiore
732 1288 846 1328 quippe
873 1289 975 1329 yloria
997 1288 1046 1319 hic
1067 1289 1182 1329 diyuus
1203 1289 1258 1320 Ῐια-

284 1332 367 1364 bitus
387 1334 431 1363 est
454 1341 547 1371 quam
566 1331 679 1370 Moses,
703 1334 816 1370 quanto
837 1332 987 1362 maiorem
1009 1331 1098 1363 habet
1114 1331 1259 1363 honorem

285 1374 467 1407 architectus
487 1375 598 1405 domus
620 1383 713 1413 quam
734 1374 815 1413 ipsa.
862 1374 892 1405 4.
917 1374 1026 1405 Omnis
1048 1375 1130 1406 enim
1151 1375 1259 1406 domus

288 1417 482 1449 construitur
511 1417 549 1448 ab
579 1416 694 1456 atiquo.
728 1417 783 1456 qui
813 1420 915 1449 autem
945 1418 1050 1449 omnia
1080 1419 1258 1458 construxit,

286 1460 378 1492 Deus
405 1462 456 1491 est.
502 1459 531 1491 5.
555 1459 599 1490 Et
622 1459 725 1491 Moses
753 1460 877 1499 quidem
904 1460 1006 1499 fidelis
1034 1461 1067 1491 in
1091 1463 1151 1492 tota
1172 1461 1258 1492 domo

287 1504 357 1534 eius
384 1505 532 1542 tanquam
562 1503 713 1543 minister,
743 1503 776 1534 in
807 1503 1016 1534 testimonium
1045 1513 1149 1535 eorum
1179 1513 1258 1542 quae

280 1548 354 1585 post
375 1546 504 1577 dicenda
527 1548 622 1577 crant.
661 1546 689 1576 6.
715 1545 858 1577 Christus
880 1548 981 1577 autem
1002 1549 1150 1586 tanquam
1169 1547 1258 1586 filius

286 1598 387 1628 supra
420 1589 543 1620 domum
578 1589 699 1628 ipsius:
731 1589 820 1620 cuius
849 1599 904 1620 uos
932 1589 1042 1620 domtus
1070 1599 1196 1628 sumus,
1228 1590 1259 1620 si

284 1631 437 1670 fiduciam
468 1634 495 1662 et
522 1631 736 1671 olor-tationem
757 1632 824 1672 spei
842 1632 885 1664 ad
904 1631 998 1671 finem
1017 1642 1114 1672 usque
1134 1632 1259 1673 firmam

285 1675 487 1706 tenuerimus.

376 1760 404 1791 1.
446 1759 532 1792 Unde
569 1760 686 1800 fratres
722 1761 832 1792 sancti.
891 1761 1022 1793 Claudit
1061 1761 1257 1801 superiorem

288 1802 470 1834 doctrinam
499 1802 570 1834 utili
602 1802 837 1842 exhortatione,
867 1808 904 1835 ut
934 1808 1058 1836 attente
1081 1808 1258 1845 agnoscant

287 1844 402 1876 Iudaei
435 1845 540 1885 qualis
569 1851 600 1876 et
624 1851 766 1886 quantus
789 1847 831 1877 sit
854 1846 1016 1878 Christus.
1063 1846 1147 1886 Quia
1171 1847 1256 1878 enim

284 1888 374 1928 prius
405 1898 478 1919 eum
512 1888 672 1920 doctorem
697 1892 729 1920 et
747 1890 930 1929 pontificem
954 1890 1161 1929 nominando,
1190 1890 1258 1921 bre-

284 1931 371 1962 viter
392 1931 529 1963 contulit
549 1941 621 1963 cum
644 1931 737 1962 Mose
760 1936 791 1962 et
814 1932 954 1971 Aarone,
978 1943 1064 1964 nunc
1086 1937 1258 1973 utrumque

285 1973 468 2005 membrum
492 1974 724 2014 complectitur.
760 1974 897 2006 Duobus
917 1976 1002 2006 enim
1022 1976 1134 2016 elogiis
1151 1975 1257 2016 ipsum

285 2020 390 2056 ornat,
414 2017 508 2047 sicuti
531 2017 690 2057 duplicem
714 2017 853 2049 sustinet
876 2028 1047 2058 personam
1071 2019 1106 2049 in
1124 2018 1258 2050 ecclesia

286 2059 359 2090 Dei.
405 2059 513 2091 Moses
546 2060 725 2100 prophetae
757 2064 789 2092 et
823 2060 961 2093 doctoris
992 2061 1113 2102 officio,
1147 2061 1256 2093 Aaron

287 2101 467 2133 sacerdotio
490 2103 622 2134 functus
637 2108 696 2134 est.
730 2104 776 2134 At
795 2103 927 2135 Christo
947 2109 1121 2144 utrumque
1139 2114 1258 2135 munus

288 2149 337 2175 est
359 2145 555 2184 impositum.
594 2145 737 2177 Proinde
760 2146 786 2178 si
810 2146 960 2179 volumus
984 2157 1056 2178 eum
1079 2147 1140 2179 rite
1156 2146 1256 2178 susci-

287 2197 373 2227 pere,
407 2188 611 2220 considerare
643 2193 770 2229 oportet
803 2189 906 2230 qualis
940 2190 998 2221 sit:
1033 2200 1091 2222 sua
1124 2191 1256 2230 inquam

287 2230 409 2262 virtute
432 2230 615 2262 induendus
638 2237 687 2263 est
710 2242 751 2263 ne
774 2242 832 2272 pro
851 2233 920 2272 ipso
942 2233 1073 2264 inanem
1097 2233 1165 2264 eius
1188 2242 1258 2264 um-

288 2272 380 2304 bram
409 2273 700 2313 apprehendamus.
752 2274 918 2315 Principio
952 2275 1085 2307 verbum
1120 2276 1258 2307 consi-

288 2315 461 2347 derandi
484 2317 609 2356 pondus
632 2317 746 2349 habet:
770 2318 931 2359 significat
953 2319 1038 2349 enim
1060 2318 1257 2360 singularem

288 2359 499 2390 attentionem
525 2360 656 2400 requiri,
680 2361 756 2400 quia
773 2361 907 2400 impune
925 2362 1086 2393 contemni
1104 2365 1258 2402 nequeat:

289 2405 322 2431 et
351 2402 446 2432 simul
476 2412 589 2433 veram
621 2403 746 2435 Christi
776 2403 920 2435 notitiam
954 2403 1162 2436 discutiendis
1190 2414 1257 2435 om-

289 2444 380 2474 nium
403 2454 549 2476 errorum
573 2445 714 2477 tenebris
737 2447 895 2478 sufficere.
932 2446 1005 2486 Quo
1028 2451 1135 2479 autem
1154 2447 1258 2487 magis

289 2495 344 2516 eos
367 2487 488 2518 animet
510 2488 549 2519 ad
574 2488 634 2520 hoc
657 2488 813 2528 studium,
842 2489 994 2521 admonet
1015 2500 1092 2521 suae
1114 2490 1257 2530 ipsorum

288 2529 477 2560 vocationis.
522 2532 570 2562 Ac
593 2531 619 2562 si
643 2530 777 2563 diceret:
801 2531 892 2563 Deus
915 2542 982 2563 non
1004 2532 1130 2573 vulgari
1153 2533 1259 2572 gratia

291 2581 349 2602 vos
379 2570 532 2612 dignatus
561 2576 620 2611 est⁷
654 2584 754 2614 quum
784 2575 818 2606 in
841 2585 980 2615 regnum
1002 2585 1096 2606 suum
1120 2574 1256 2608 vocavit.

290 2613 385 2645 Nunc
416 2618 516 2645 restat
545 2621 582 2646 ut
611 2617 644 2647 in
667 2616 837 2649 Christum
860 2622 1015 2658 tanquam
1039 2619 1109 2650 viae
1143 2617 1257 2649 ducem

290 2656 450 2689 coniectos
477 2656 623 2690 habeatis
652 2660 770 2691 oculos.
814 2660 926 2701 Neque
954 2661 1041 2692 enim
1071 2661 1166 2692 aliter
1187 2664 1257 2691 rata

1311 315 1381 336 esse
1411 308 1515 345 potest
1545 304 1673 345 piorum
1704 306 1845 347 vocatio,
1876 317 1973 347 quam
2004 308 2031 339 si
2061 310 2144 340 totos
2174 318 2208 340 se
2240 310 2281 342 ad

1310 347 1479 380 Christum
1498 351 1701 381 convertant.
1738 349 1815 381 Ideo
1834 359 1898 381 non
1921 349 2076 382 debemus
2094 350 2283 384 existimare

1312 390 1370 422 hoc
1399 389 1526 421 Iudaeis
1554 390 1630 422 solis
1659 391 1734 424 dici:
1769 392 1824 424 scd
1847 392 2032 433 generalem
2056 394 2192 434 proponi
2216 403 2282 425 om-

1311 433 1406 464 nibus
1447 432 1626 465 doctrinam
1667 434 1722 474 qui
1762 435 1794 466 in
1833 445 1969 476 regnum
2011 435 2071 467 Dei
2112 437 2284 476 pervenire

1310 476 1454 516 cupiunt,
1484 477 1521 506 ut
1544 475 1655 507 sedulo
1679 477 1848 509 attendant
1871 477 1910 508 ad
1934 478 2121 510 Christum:
2152 479 2227 519 quia
2249 481 2284 510 et

1312 519 1425 550 unicus
1456 517 1530 549 fidei
1559 522 1689 551 nostrae
1711 521 1866 562 magister
1888 524 1945 558 est,
1973 526 2005 552 et
2028 531 2099 552 eam
2123 522 2284 554 sacrificio

1311 571 1368 593 suo
1384 561 1532 593 sancivit.
1569 560 1787 595 Confessio
1809 564 1896 595 enim
1921 574 1977 604 pro
1996 563 2059 595 fide
2075 563 2127 596 hic
2143 565 2282 605 capitur.

1311 604 1359 635 Ac
1390 604 1416 634 si
1439 603 1577 635 diceret:
1607 604 1712 644 fidem,
1743 616 1839 646 quam
1871 607 2069 647 profitemur,
2100 617 2219 639 vanam
2248 611 2282 639 et

1313 646 1406 677 nihili
1430 656 1500 677 esse
1524 646 1588 678 nisi
1610 647 1645 678 in
1668 647 1837 680 Christum
1862 649 2030 681 referatur.

1397 689 1425 721 2.
1455 688 1516 728 Qui
1531 689 1634 729 fidelis
1655 693 1706 723 est.
1743 690 1990 723 Commendatio
2013 696 2063 724 est
2081 692 2285 733 apostolatus

1313 732 1445 769 Christi,
1470 736 1504 763 ut
1521 737 1590 764 tuto
1606 734 1810 773 acquiescant
1829 735 1861 766 in
1881 745 1918 766 eo
1938 735 2058 766 fideles.
2095 737 2144 767 Ac
2162 735 2282 775 duplici

1311 775 1437 815 quidem
1469 775 1598 807 nomine
1625 786 1698 807 eum
1727 777 1946 809 commendat:
1978 778 2061 818 quod
2092 783 2184 818 pater
2206 788 2282 810 eum

1312 818 1402 849 nobis
1438 817 1601 849 doctorem
1632 819 1840 859 praefecerit:
1878 826 1910 852 et
1943 820 2095 853 Christus
2128 821 2197 861 ipse
2231 822 2281 852 in-

1312 862 1456 892 iunctum
1487 861 1546 892 sibi
1576 871 1696 893 munus
1719 862 1857 894 fideliter
1880 868 2076 904 exsequutus
2105 864 2156 895 sit.
2202 862 2279 895 Duo

1311 903 1389 935 haec
1415 913 1543 944 semper
1565 905 1749 936 necessaria
1771 910 1848 937 sunt
1871 906 1910 937 ad
1934 906 2184 946 comparandam
2208 905 2280 938 doc-

1313 947 1415 977 trinae
1455 947 1670 979 autoritatem.
1726 947 1818 979 Deus
1855 948 1941 979 enim
1979 949 2066 980 solus
2103 948 2284 980 audiendus

1311 994 1366 1025 est,
1391 994 1425 1019 ut
1442 993 1508 1020 tota
1532 989 1691 1030 scriptura
1714 990 1842 1022 clamat.
1882 990 1958 1022 Ideo
1975 995 2115 1022 testatur
2132 991 2284 1024 Christus

1310 1031 1437 1073 (Iohau.
1461 1032 1584 1073 7,16)‚
1623 1043 1689 1063 non
1727 1042 1819 1064 suam
1856 1044 1926 1065 esse
1966 1033 2144 1065 doctrinam
2185 1044 2283 1075 quam

1311 1074 1442 1115 profert,
1466 1075 1523 1106 sed
1546 1075 1656 1115 patris.
1701 1075 1747 1106 Et
1769 1075 1844 1107 alibi
1873 1075 1967 1117 (Luc.
1992 1076 2022 1115 9,
2045 1076 2117 1117 48):
2142 1076 2206 1116 Qui
2229 1087 2284 1108 me

1311 1117 1435 1157 recipit,
1460 1127 1534 1148 eum
1557 1118 1672 1158 recipit
1693 1118 1747 1158 qui
1771 1119 1860 1150 misit
1882 1129 1942 1151 me.
1988 1119 2172 1159 Loquimur
2193 1120 2282 1151 enim

1312 1160 1350 1191 de
1387 1159 1528 1198 Christo,
1559 1167 1719 1201 quatenus
1751 1171 1847 1193 carne
1878 1164 1988 1193 nostra
2017 1162 2150 1193 indutus
2181 1163 2285 1201 patris

1311 1203 1457 1234 minister
1487 1208 1537 1235 est
1559 1203 1599 1234 ad
1625 1203 1817 1243 perferenda
1840 1205 1908 1236 eius
1930 1204 2095 1236 mandata.
2140 1204 2193 1236 Ad
2217 1203 2280 1236 Dei

1311 1246 1513 1278 vocationem
1551 1246 1676 1279 accedit
1715 1246 1819 1279 fidelis
1864 1248 2050 1288 sinceraque
2080 1248 2114 1278 in
2149 1247 2286 1279 Christo

1311 1288 1556 1326 administratio,
1581 1299 1661 1330 quae
1683 1289 1719 1320 in
1742 1290 1827 1322 veris
1850 1290 2010 1322 ministris
2033 1290 2217 1330 requiritur,
2241 1295 2280 1321 ut

1312 1331 1407 1363 fidem
1434 1332 1468 1363 in
1497 1332 1629 1364 ecclesia
1659 1332 1834 1364 obtineant.
1882 1332 1977 1373 Quod
2000 1333 2027 1365 si
2050 1338 2224 1373 utrumque
2247 1332 2283 1363 in

1312 1374 1441 1406 Christo
1470 1375 1646 1414 invenitur,
1678 1376 1843 1407 contemni
1874 1380 1961 1408 certe
1984 1386 2051 1407 non
2074 1380 2182 1416 potest
2205 1376 2284 1416 quin

1311 1418 1399 1449 Deus
1421 1418 1455 1449 in
1478 1418 1548 1458 ipso
1570 1421 1753 1458 spernatur.

1399 1460 1660 1500 Quemadmodum
1682 1460 1797 1492 Moses.
1834 1460 1965 1493 Omissa
1987 1461 2152 1502 paulisper
2175 1470 2285 1493 sacer-

1312 1503 1388 1535 dotii
1423 1505 1602 1542 mentione,
1638 1503 1676 1535 de
1710 1504 1890 1544 apostolatu
1924 1504 1976 1536 hic
2006 1504 2144 1536 disserit.
2197 1503 2283 1535 Nam

1312 1556 1410 1586 quum
1442 1546 1526 1578 duae
1556 1547 1623 1578 sint
1650 1551 1759 1587 partes
1787 1546 1924 1578 foederis
1953 1546 2033 1585 Dei,
2067 1546 2285 1587 promulgatio

1312 1589 1485 1627 doctrinae,
1510 1593 1541 1620 et
1564 1590 1659 1621 realis
1682 1589 1731 1631 (ut
1753 1590 1799 1621 ita
1821 1589 1947 1631 loquar)
1970 1589 2188 1622 confirmatio:
2217 1598 2284 1620 non

1312 1632 1407 1663 aliter
1436 1637 1599 1664 constaret
1630 1632 1732 1664 solida
1755 1632 1891 1664 foederis
1915 1633 2068 1673 perfectio
2091 1633 2124 1664 in
2149 1631 2283 1664 Christo

1312 1676 1373 1706 nisi
1402 1680 1577 1716 utrumque
1606 1675 1657 1707 ius
1687 1675 1722 1706 in
1751 1686 1825 1706 eum
1855 1679 2061 1717 competeret.
2106 1675 2284 1715 Postquam

1310 1728 1386 1758 ergo
1415 1718 1587 1759 utriusque
1617 1718 1765 1749 meminit
1794 1718 1931 1759 scriptor
1957 1718 2118 1759 epistolae,
2148 1717 2282 1749 tandem

1310 1771 1436 1801 quoque
1474 1760 1565 1792 brevi
1602 1762 1830 1793 exhortatione
1867 1762 2082 1793 attentionem
2115 1760 2279 1793 excitavit.

1310 1804 1405 1836 Nunc
1431 1814 1509 1835 vero
1538 1804 1716 1845 longiorem
1746 1805 1973 1836 tractationem
2002 1804 2191 1845 ingreditur.
2236 1803 2282 1834 Et

1310 1857 1329 1878 a
1359 1847 1499 1879 doctoris
1529 1847 1660 1887 quidem
1689 1847 1793 1879 officio
1822 1847 1953 1888 incipit:
1984 1846 2054 1878 ideo
2085 1857 2160 1879 cum
2187 1846 2284 1878 Mose

1309 1894 1437 1921 tantum
1474 1900 1562 1921 nunc
1598 1889 1767 1921 Christum
1806 1895 1980 1930 comparat.
2040 1889 2136 1929 Quod
2173 1893 2283 1920 autem

1312 1933 1397 1972 dicit,
1417 1934 1454 1964 in
1478 1937 1567 1964 tota
1586 1932 1719 1973 domo,
1742 1932 1783 1964 ad
1799 1933 1913 1964 Mosen
1930 1937 2036 1973 posset
2052 1932 2174 1963 referri.
2210 1932 2280 1972 Ego

1310 1977 1420 2006 tamen
1449 1975 1489 2006 ad
1510 1975 1680 2007 Christum
1711 1975 1812 2007 malo:
1843 1980 1878 2007 ut
1907 1976 2033 2006 dicatur
2062 1974 2166 2006 fidelis
2196 1974 2281 2015 patri

1310 2019 1344 2049 in
1367 2023 1435 2049 tota
1458 2019 1552 2050 domo
1575 2018 1842 2050 administranda.
1880 2018 1975 2050 Unde
1993 2018 2148 2058 sequitur,
2172 2016 2282 2048 nullos

1310 2071 1349 2092 ex
1379 2061 1513 2093 ecclesia
1537 2061 1599 2092 Dei
1628 2071 1697 2092 esse
1727 2061 1788 2093 nisi
1821 2062 1874 2102 qui
1898 2061 2066 2093 Christum
2089 2064 2280 2101 agnoscunt.

1394 2104 1424 2136 3.
1454 2103 1579 2135 Maiore
1607 2104 1731 2144 quippe.
1778 2104 1827 2135 Ne
1856 2104 2005 2136 videatur
2035 2113 2144 2144 parem
2174 2102 2280 2133 facere

1310 2146 1479 2178 Christum
1512 2147 1612 2185 Mosi,
1647 2147 1799 2178 admonet
1832 2151 1953 2187 quanto
1986 2147 2028 2178 sit
2061 2144 2278 2177 excellentior.

1309 2189 1411 2229 quue
1438 2189 1562 2221 duobus
1592 2190 1793 2230 argumentis
1824 2189 1954 2230 probat:
1987 2189 2062 2229 quia
2092 2188 2202 2219 Moses
2233 2187 2279 2218 sic

1309 2233 1449 2273 praefuit
1471 2233 1632 2270 ecclesiae,
1657 2237 1693 2263 ut
1716 2237 1824 2264 tamen
1848 2242 1923 2273 pars
1946 2232 2014 2263 eius
2037 2241 2073 2262 ac
2095 2230 2278 2262 membrum

1309 2279 1410 2307 esset:
1445 2275 1596 2307 Christus
1625 2285 1702 2308 vero
1735 2275 1930 2308 architectus
1961 2278 2010 2305 est
2039 2278 2104 2305 toto
2135 2272 2279 2304 aedificio

1310 2319 1465 2358 superior.
1510 2318 1570 2350 Ille
1594 2318 1672 2350 alios
1695 2318 1845 2359 regendo,
1876 2317 1972 2349 simul
1995 2316 2176 2357 regebatur,
2203 2315 2280 2356 quia

1310 2372 1439 2393 servus:
1468 2361 1521 2393 hic
1543 2366 1662 2399 autem,
1693 2362 1768 2401 quia
1789 2361 1877 2392 filius
1898 2362 1958 2398 est,
1982 2359 2199 2400 principatum
2222 2358 2279 2389 ob-

1311 2404 1400 2435 tinet.
1445 2404 1617 2444 Frequens
1645 2408 1694 2436 est
1721 2408 1754 2435 et
1782 2403 1961 2444 scripturae
1984 2401 2153 2433 familiaris
2175 2404 2278 2432 meta-

1310 2447 1421 2486 phora,
1443 2451 1479 2478 ut
1501 2451 1634 2479 vocetur
1657 2446 1789 2478 ecclesia
1811 2445 1926 2477 domus
1950 2445 2021 2476 Dei.
2060 2444 2147 2484 Quia
2169 2448 2280 2475 autem

1311 2500 1351 2520 ex
1384 2489 1532 2521 fidelibus
1565 2490 1777 2530 componitur,
1810 2487 1882 2519 ideo
1917 2487 2038 2529 singuli
2067 2487 2279 2518 nominantur

1311 2533 1377 2564 vivi
1399 2532 1536 2573 lapides:
1560 2531 1725 2563 interdum
1747 2531 1847 2562 etiam
1866 2540 1945 2562 vasa
1967 2530 2083 2571 quibus
2105 2530 2280 2561 instruitur

1312 2575 1434 2607 domus.
1471 2574 1573 2606 Nemo
1593 2584 1670 2615 ergo
1692 2584 1776 2605 unus
1798 2574 1843 2605 sic
1866 2573 1986 2605 eminet
2005 2573 2083 2613 quin
2099 2572 2279 2604 membrum

1311 2618 1366 2656 sit,
1404 2622 1436 2649 et
1471 2617 1531 2650 sub
1563 2627 1696 2658 corpore
1726 2616 1878 2648 universo
1912 2616 2126 2648 contineatur.
2181 2614 2280 2647 Solus

1311 2659 1401 2692 Deus
1431 2660 1627 2693 architectus
1649 2670 1748 2701 supra
1770 2669 1852 2700 opus
1875 2669 1969 2691 suum
1992 2657 2197 2691 collocandus
2220 2660 2278 2689 est.
