2513 3126
125 198 186 229 241

127 294 206 326 ficiis
236 292 469 326 consideranda
500 296 548 324 est
577 292 749 324 antithesis
778 292 862 323 inter
888 301 945 323 nos
968 294 999 323 et
1022 290 1097 321 reli-

127 347 227 377 quum
251 346 353 377 genus
377 336 569 367 humanum:
594 335 680 367 unde
703 335 819 366 melius
842 338 977 374 apparet
999 343 1095 373 quam

127 378 386 419 incomparabilis
420 378 463 410 sit
491 388 569 418 erga.
596 388 656 409 nos
685 377 747 409 Dei
777 377 920 415 bonitas,
954 375 1009 416 qui
1040 385 1098 405 nos

128 422 316 462 sanctificat,
340 431 439 461 quum
464 420 577 462 polluti
593 421 694 453 simus
712 425 843 451 natura:
867 419 974 460 elegit,
997 427 1097 457 quum

128 464 212 496 nihil
242 464 388 496 inveniat
418 465 449 495 in
479 464 571 495 nobis
600 464 662 495 nisi
694 462 823 494 foedum
853 466 885 493 et
908 460 1097 500 reprobum:

128 517 188 539 nos
218 517 258 539 ex
289 506 384 538 nihili
415 506 563 538 sordibus
591 506 752 547 peculium
782 514 877 535 suum
902 503 992 534 facit:
1028 513 1099 542 pro-

128 550 210 582 fanis
234 550 405 581 sacerdotii
432 549 585 580 honorem
609 548 751 580 confert:
781 546 934 584 Satanae,
967 544 1098 584 peccati,

130 599 161 624 et
184 593 297 624 mortis
320 593 480 632 mancipia
503 592 536 622 in
559 591 681 631 regiam
705 588 890 620 libertatem
914 587 1034 619 evehit.

221 635 260 667 Ut
288 635 414 667 virtutes
442 633 603 666 enarretis
649 631 771 663 Sedulo
798 631 896 661 finem
920 630 1099 662 vocationis

129 678 278 716 inculcat,
305 683 340 708 ut
369 687 424 709 eos
452 675 597 708 stimulet
626 673 665 705 ad
690 672 831 704 dandam
855 672 926 704 Deo
949 673 1098 713 gloriam.

129 720 267 753 Summa
293 724 401 751 autem
429 722 487 756 est,
517 717 626 748 Deum
656 716 825 747 immensis
855 715 1018 747 beneficiis
1042 726 1100 747 nos

129 764 299 804 dignatum
328 771 413 800 esse,
449 764 482 791 et
518 759 646 790 assidue
682 758 845 799 prosequi,
883 763 920 789 ut
951 769 1007 798 per
1041 768 1100 790 nos

129 806 310 837 illustretur
332 813 390 835 sua
411 802 524 843 gloria.
569 802 653 833 Nam
680 812 737 841 per
761 802 946 833 virtutes
969 801 1099 841 sapien-

129 850 217 885 tiam,
237 851 270 878 et
293 846 476 883 bonitatem,
500 848 534 876 et
553 845 741 885 potentiam,
768 849 800 875 et
823 844 980 875 iustitiam
1004 843 1100 875 intel—

128 891 207 932 ligit,
230 891 263 920 et
284 887 440 928 quidquid
464 887 528 919 tale
551 893 600 919 est
622 887 656 918 in
673 896 735 927 quo
755 887 893 928 refulget
910 887 970 918 Dei
986 887 1098 927 gloria.

127 934 230 965 Porro
263 931 322 962 has
351 932 490 962 virtutes
517 940 581 962 non
612 930 723 971 lingua
754 930 849 961 modo
876 940 1011 961 narrare
1041 940 1099 961 nos

128 975 229 1011 decet,
259 973 316 1005 sed
339 978 407 1005 tota
429 974 506 1006 vita.
552 973 642 1004 Haec
668 973 813 1005 doctrina
836 973 980 1013 quotidie
1004 972 1101 1004 medi-

128 1017 227 1049 tanda
249 1021 307 1055 est,
330 1027 368 1049 ac
389 1016 527 1057 singulis
550 1016 723 1048 momentis
746 1015 841 1047 debet
858 1016 891 1047 in
912 1017 1100 1047 memoriam

127 1070 305 1097 recurrere,
337 1060 402 1091 huc
433 1059 566 1091 tendere
589 1060 697 1090 omnia
719 1059 783 1091 Dei
806 1059 961 1090 beneficia
985 1058 1101 1100 quibus

129 1113 187 1135 nos
210 1103 321 1141 afficit,
346 1105 383 1134 ut
405 1113 463 1143 per
486 1112 545 1133 nos
565 1104 634 1134 eius
657 1102 761 1142 gloria
783 1101 996 1142 praedicetur.
1039 1101 1102 1132 No-

128 1145 265 1178 tandum
289 1146 388 1177 etiam
407 1145 491 1184 quod
511 1144 596 1185 dicit,
620 1149 793 1177 vocatos
817 1155 886 1176 0880
903 1155 942 1176 ex
960 1144 1102 1176 tenebris

129 1190 163 1220 in
193 1188 384 1220 admirabile
405 1187 469 1219 Dei
499 1187 619 1219 lumen.
664 1187 749 1219 Nam
771 1187 822 1219 his
845 1188 954 1219 verbis
977 1188 1100 1228 gratiae

129 1231 388 1272 magnitudinem
422 1230 608 1271 amplificat.
659 1230 695 1262 Si
725 1230 886 1262 Dominus
917 1230 950 1261 in
986 1231 1102 1261 itinere

130 1274 221 1306 nobis
244 1278 431 1306 occurreret
453 1273 563 1305 lumen
588 1274 830 1314 quaerentibus,
862 1274 922 1304 1100
943 1273 1102 1305 mediocre

130 1321 216 1349 esset
239 1316 446 1348 beneficium:
479 1316 535 1348 sed
560 1316 620 1348 hoc
643 1316 745 1348 multo
768 1316 991 1354 excellentius,
1018 1316 1103 1356 quod

130 1370 189 1392 nos
212 1370 254 1391 ex
283 1359 470 1401 labyrintho
494 1359 658 1391 caecitatis
689 1364 721 1390 et
750 1360 960 1391 tenebrarum
987 1359 1104 1400 abysso

129 1403 223 1435 eruit.
278 1403 375 1434 Unde
413 1402 602 1434 discendum
641 1407 691 1434 est
723 1402 828 1442 qualis
861 1402 905 1433 sit
939 1402 1104 1434 hominum

129 1445 289 1485 conditio,
320 1450 496 1486 antequam
528 1445 563 1476 in
593 1455 732 1486 regnum
761 1445 825 1477 Dei
854 1446 1105 1477 transferantur.

131 1488 239 1529 Atque
273 1489 333 1521 1100
362 1494 412 1520 est
440 1487 525 1528 quod
559 1488 605 1519 ait
634 1488 736 1520 Isaias
768 1489 833 1529 (60,
856 1488 904 1530 2):
939 1489 1106 1520 Tenebrae

132 1531 279 1572 operient
301 1536 432 1570 terram,
456 1536 487 1562 et
510 1531 614 1572 caligo
638 1531 788 1572 populos:
823 1542 921 1572 super
942 1536 974 1563 te
997 1535 1105 1562 autem

132 1574 296 1606 videbitur
318 1574 490 1612 Dominus,
520 1580 552 1606 et
574 1574 677 1615 gloria
700 1574 788 1606 illius
810 1574 845 1606 in
868 1579 901 1606 te
923 1574 1106 1615 refulgebit.

131 1617 175 1648 Et
197 1627 276 1649 sane
298 1618 369 1649 fieri
392 1617 487 1649 aliter
510 1618 623 1658 nequit
654 1618 731 1658 quin
756 1618 858 1650 simus
884 1618 917 1649 in
940 1617 1107 1658 profundis

133 1660 275 1692 tenebris
300 1660 448 1699 demersi,
477 1665 646 1700 postquam
670 1671 689 1692 a
711 1660 783 1692 Deo
805 1661 1022 1699 discessimus,
1052 1660 1107 1702 qui

132 1703 189 1734 lux
212 1708 324 1735 nostra
346 1707 405 1735 est.
450 1703 524 1743 Qua
541 1703 586 1735 de
608 1715 644 1735 re
668 1703 773 1735 fusius
796 1704 917 1744 Ephes.
941 1714 1010 1744 cap.
1034 1703 1063 1735 2.

220 1745 271 1778 10.
301 1745 483 1786 Aliquando
505 1756 565 1778 non
581 1747 729 1787 populus.
775 1747 900 1779 Locum
925 1746 1030 1779 Ossae
1053 1746 1106 1778 ad-

133 1788 223 1821 ducit
256 1789 291 1820 in
325 1789 619 1821 confirmationem:
653 1793 686 1821 et
718 1790 838 1830 optime
868 1790 1018 1821 instituto
1049 1800 1106 1821 suo

134 1831 361 1863 accommodat.
418 1832 502 1864 Nam
540 1837 710 1873 postquam
744 1832 847 1864 Oseas
880 1833 943 1864 Dei
976 1834 1107 1864 nomine

134 1874 305 1914 repudium
334 1874 464 1907 Iudaeis
494 1875 628 1914 indixit,
660 1886 751 1916 spem
781 1876 845 1908 illis
873 1876 950 1908 facit
979 1875 1107 1907 futurae

132 1917 409 1949 reconciliationis.
453 1918 526 1950 Hoc
549 1919 668 1950 Petrus
695 1929 754 1951 suo
784 1919 912 1951 saeculo
936 1919 1106 1958 impletum

132 1960 232 1992 fuisse
254 1959 420 1992 admonet:
445 1971 522 1992 nam
545 1961 609 1993 huc
625 1961 702 1993 illuc
720 1962 855 2002 dispersi
872 1965 967 1994 erant
983 1962 1106 1999 Iudaei,

133 2003 226 2042 quasi
255 2002 353 2035 laceri
381 2005 523 2044 corporis
552 2004 713 2036 membra:
750 2005 815 2036 imo
838 2005 1034 2037 videbantur
1057 2015 1106 2036 re-

133 2046 213 2077 secti
244 2056 314 2077 esse
343 2056 385 2077 ex
408 2047 469 2078 Dei
498 2047 632 2087 populo:
668 2047 778 2079 nullus
808 2048 893 2088 apud
924 2058 979 2080 eos
1003 2047 1108 2079 cultus

134 2089 297 2120 restabat:
320 2089 466 2129 gentium
489 2091 681 2131 corruptelis
704 2096 798 2122 erant
814 2091 972 2130 impliciti.
1008 2091 1107 2122 Aliud

134 2142 211 2172 ergo
240 2131 301 2163 dici
330 2142 394 2162 non
418 2135 553 2172 poterat,
582 2144 678 2174 quam
710 2144 779 2165 esse
802 2144 822 2166 a
845 2133 988 2166 Domino
1011 2145 1107 2174 repu-

134 2174 247 2206 diatos.
298 2174 410 2213 Quum
440 2180 547 2206 autem
573 2176 606 2207 in
629 2176 762 2208 Christo
789 2177 1001 2219 colliguntur,
1033 2187 1108 2209 vere

135 2228 176 2249 ex
199 2227 265 2248 non
288 2217 405 2257 populo
428 2218 512 2249 fiunt
535 2220 672 2259 populus
696 2219 767 2251 Dei.
806 2220 930 2252 Paulus
954 2220 995 2252 ad
1012 2220 1107 2251 Rom.

134 2270 204 2300 cap.
220 2260 250 2298 9,
274 2260 325 2297 26,
350 2260 412 2292 hoc
435 2261 623 2293 vaticinium
646 2261 688 2294 ad
711 2267 824 2303 gentes
847 2274 973 2303 quoque
996 2263 1107 2301 trahit,

135 2313 196 2335 nee
229 2303 407 2335 immerito:
447 2313 487 2334 ex
524 2314 587 2344 quo
623 2305 710 2336 enim
748 2311 879 2346 ruptum
913 2310 963 2337 est
996 2306 1109 2338 foedus

135 2345 280 2385 Domini,
311 2357 374 2387 quo
405 2346 472 2378 solo
502 2346 615 2378 Iudaei
646 2348 818 2387 excellunt,
849 2349 1000 2391 gentibus
1030 2351 1108 2381 sunt

136 2389 293 2429 aequales.
339 2389 435 2421 Unde
457 2389 612 2430 sequitur,
640 2393 854 2423 communiter
884 2392 924 2424 ad
954 2398 1108 2432 utrosque

137 2432 301 2470 pertinere
324 2432 411 2473 quod
435 2432 524 2464 Deus
547 2433 717 2474 promittit,
747 2439 784 2465 ut
806 2435 904 2466 faciat
925 2435 988 2466 sibi
1011 2445 1108 2476 popu-

136 2473 204 2505 lum
228 2485 269 2506 ex
292 2485 357 2507 non
381 2475 509 2516 populo.

225 2517 297 2549 Non
325 2518 505 2558 consequuti
532 2518 788 2551 misericordiam.
833 2520 905 2552 Hoc
927 2520 998 2552 ideo
1022 2520 1109 2552 addi-

138 2564 207 2607 tum
238 2560 300 2591 fuit
327 2571 346 2592 a
376 2562 542 2601 propheta,
573 2572 636 2601 quo
665 2562 781 2594 melius
810 2563 1008 2603 exprimeret
1035 2574 1108 2605 gra-

138 2607 256 2633 tuitum
273 2613 342 2634 esse
358 2603 420 2635 Dei
437 2604 557 2642 foedus,
581 2615 643 2645 quo
659 2615 717 2636 nos
733 2605 766 2636 in
785 2606 938 2646 populum
956 2608 1108 2638 assumit:

137 2655 173 2676 30
197 2645 224 2677 81
249 2645 395 2685 dixisset,
419 2656 484 2678 non
507 2647 603 2679 aliam
626 2658 695 2679 0880
718 2658 848 2680 causam
871 2659 929 2681 cur
947 2649 1108 2682 Dominus

241 2705 352 2732 Caluini
368 2713 460 2739 opera.
486 2706 545 2733 Vol.
563 2706 632 2734 LV.

1014 194 1164 226 CAPUT
1191 194 1236 225 ΙΙ.

2063 195 2128 227 242

1150 301 1208 322 nos
1242 301 1298 331 pro
1332 291 1399 322 suis
1432 293 1574 331 reputet,
1613 291 1674 322 nisi
1707 291 1783 330 quia
1820 291 1924 322 nostri
1960 291 2123 329 misertus,

1150 334 1251 372 gratis
1286 343 1343 365 nos
1377 333 1517 374 adoptat.
1571 332 1645 365 Sola
1678 334 1779 374 iyilur
1811 336 1854 366 est
1885 334 2027 373 gratuita
2061 333 2125 366 Dei

1150 375 1269 408 bonitas
1299 386 1378 416 quae
1399 386 1454 408 nos
1475 376 1553 415 facit
1574 386 1612 408 ex
1632 386 1693 408 non
1715 376 1838 416 populo,
1869 376 1934 408 Dei
1958 376 2123 416 populum,

1148 419 1195 450 vel
1217 419 1368 451 alienatos
1389 420 1542 451 conciliat.

1237 504 1286 534 11.
1317 504 1432 542 Amici,
1462 504 1608 537 adhortor
1635 515 1688 537 vos
1718 506 1866 543 tanquam
1897 504 2067 544 inquilinos
2098 507 2125 536 et

1145 547 1337 586 peregrinos,
1360 550 1394 578 ut
1417 547 1597 579 abstineatis
1616 558 1636 579 a
1651 546 1830 579 carnalibus
1845 547 2021 587 desideriis,
2045 557 2124 587 quae

1150 588 1287 619 militant
1301 590 1451 621 adversus
1465 591 1615 622 animam.
1641 591 1691 622 12.
1709 589 1976 622 Conversalionem
1990 593 2124 621 vestram

1151 631 1231 661 inter
1258 634 1360 671 yentes
1389 632 1500 664 bonam
1522 633 1678 665 habentes.-
1707 635 1741 664 ut
1762 633 1797 663 in
1820 642 1879 672 quo
1900 632 2066 664 detrahunt
2087 632 2125 664 de

1151 673 1236 705 vobis
1252 676 1401 713 tanquam
1416 676 1572 715 maleficis,
1596 686 1633 707 ex
1651 676 1737 708 bonis
1752 674 1896 715 operibus
1912 675 2124 715 aestimantes,

1149 716 1319 757 glorificent
1342 717 1445 748 Deum
1467 719 1501 750 in
1523 719 1573 750 die
1594 718 1792 751 visitationis.

1240 802 1289 833 11.
1317 801 1480 841 Tanquam
1508 804 1688 843 inquilinos.
1733 803 1828 834 Duae
1851 807 1928 834 sunt
1951 803 2047 834 huius
2069 813 2125 834 ex-

1154 844 1346 876 hortationis
1371 850 1494 884 partes:
1519 850 1553 876 ut
1577 847 1676 877 animi
1699 847 1786 878 intus
1810 846 1920 886 pravis
1943 851 1976 877 et
1999 845 2124 877 vitiosis

1153 887 1385 927 cupiditatibus
1410 888 1503 919 vacui
1528 899 1564 920 ac
1588 890 1659 928 puri
1682 890 1764 921 sint:
1794 888 1909 920 deinde
1932 893 1968 920 ut
1991 889 2126 920 honeste

1153 935 1327 961 versentur
1356 930 1442 961 inter
1472 930 1633 962 homines:
1663 942 1699 963 30
1730 933 1831 963 bonae
1862 932 1948 963 vitae
1978 931 2127 971 exemplo

1154 983 1218 1004 non
1249 978 1378 1004 tantum
1408 974 1601 1005 confirment
1633 975 1711 1013 pios,
1738 974 1794 1006 sed
1824 974 1970 1006 infideles
1999 984 2127 1014 quoque

1154 1015 1225 1047 Deo
1248 1016 1461 1047 lucrifaciant.
1496 1016 1643 1047 Primum
1667 1022 1775 1048 autem
1797 1020 1832 1048 ut
1857 1027 1875 1048 a
1898 1016 2128 1057 cupiditatibus

1153 1059 1261 1091 carnis
1285 1069 1339 1090 eos
1362 1064 1501 1098 revocet,
1524 1058 1584 1090 hoc
1606 1063 1799 1100 argumento
1823 1060 1935 1097 utitur,
1963 1059 2048 1100 quod
2071 1059 2128 1090 ad-

1154 1112 1257 1134 venae
1289 1102 1355 1133 sint
1383 1106 1416 1133 et
1446 1101 1618 1142 peregrini.
1669 1101 1724 1134 Sic
1754 1106 1863 1133 autem
1891 1112 1945 1134 eos
1975 1101 2129 1142 appellat,

1155 1156 1219 1176 non
1243 1145 1320 1185 quia
1343 1155 1362 1175 a
1384 1145 1490 1185 patria
1511 1144 1710 1182 exsularent,
1734 1155 1770 1176 ac
1793 1144 1938 1184 dissipati
1962 1150 2072 1177 essent
2093 1144 2129 1176 in

1155 1188 1295 1219 diversis
1329 1188 1531 1228 regionibus:
1567 1187 1622 1219 sed
1655 1188 1730 1228 quia
1763 1187 1821 1218 filii
1852 1187 1915 1218 Dei
1949 1188 2130 1227 ubicunque

1157 1235 1320 1262 terrarum
1337 1235 1445 1271 agant,
1462 1231 1576 1262 mundi
1592 1236 1668 1262 sunt
1684 1231 1837 1270 hospites.
1868 1230 1982 1261 Priore
1999 1230 2127 1271 quidem

1157 1284 1264 1311 sensu,
1287 1273 1379 1304 initio
1402 1273 1555 1314 epistolae
1578 1284 1632 1305 eos
1656 1274 1786 1305 vocavit
1808 1273 1992 1313 inquilinos,
2018 1283 2132 1313 quem-

1158 1316 1331 1348 admodum
1360 1326 1402 1348 ex
1431 1317 1674 1348 circumstantia
1703 1316 1764 1348 loci
1787 1322 1937 1356 apparet:
1967 1315 2023 1347 sed
2047 1315 2132 1356 quod

1159 1360 1211 1391 hic
1231 1359 1317 1396 dicit,
1342 1359 1381 1391 iis
1403 1360 1553 1391 omnibus
1575 1369 1746 1391 commune
1770 1363 1828 1390 est.
1865 1358 1943 1390 Ideo
1965 1358 2053 1389 enim
2076 1369 2133 1390 nos

1158 1402 1265 1434 carnis
1295 1402 1455 1434 desideria
1488 1402 1662 1443 implicitos
1693 1403 1821 1439 tenent,
1855 1401 1934 1441 quia
1962 1405 2070 1432 mente
2099 1401 2134 1432 in

1159 1445 1282 1477 mundo
1312 1445 1504 1482 residemus,
1535 1456 1594 1477 nec
1622 1446 1804 1486 cogitamus
1832 1444 1958 1476 coelum
1984 1454 2055 1476 esse
2078 1453 2134 1483 pa-

1160 1489 1274 1520 triam:
1298 1489 1353 1529 qui
1375 1494 1481 1520 autem
1499 1492 1654 1528 tanquam
1677 1488 1841 1529 peregrini
1858 1497 1915 1527 per
1931 1487 2015 1519 hanc
2031 1487 2133 1519 vitam

1160 1534 1343 1572 transeunt,
1373 1531 1464 1563 carni
1494 1542 1662 1571 nunquam
1690 1535 1787 1563 erunt
1809 1530 1939 1562 addicti.
1984 1529 2135 1562 Carnis

1160 1580 1268 1606 autem
1292 1574 1509 1606 desideria
1531 1574 1693 1616 intelligit,
1717 1584 1783 1605 non
1806 1577 1934 1605 tautum
1957 1582 2083 1604 crassos
2102 1577 2136 1604 et

1160 1628 1234 1650 cum
1258 1617 1433 1658 pecudibus
1455 1627 1645 1650 communes
1662 1616 1836 1658 appetitus,
1860 1616 1955 1648 sicuti
1972 1615 2134 1656 sophistae

1161 1665 1346 1701 exponunt:
1376 1660 1432 1692 sed
1461 1671 1574 1693 omnes
1604 1661 1733 1692 animae
1763 1664 1894 1691 nostrae
1923 1659 2065 1698 affectus,
2095 1657 2135 1689 ad

1161 1713 1243 1745 quos
1277 1709 1395 1735 natura
1428 1704 1564 1735 ferimur
1595 1714 1632 1735 ac
1666 1702 1824 1734 ducimur.
1882 1702 2016 1734 Certum
2050 1701 2135 1733 enim

1161 1752 1211 1779 est
1241 1747 1471 1788 cogitationem
1505 1757 1634 1778 omnem
1669 1746 1789 1784 carnis,
1822 1745 1883 1776 hoc
1916 1749 1966 1776 est
1999 1748 2136 1775 naturae

1161 1800 1228 1821 non
1264 1795 1442 1830 correctae,
1479 1790 1681 1821 inimicitiam
1718 1799 1788 1821 esse
1824 1787 1978 1820 adversus
2016 1787 2134 1825 Deum,

1161 1833 1276 1865 Roma.
1299 1833 1329 1873 8,
1353 1833 1383 1863 7.

1251 1876 1337 1916 Quae
1365 1876 1503 1908 militant
1531 1876 1682 1908 adversus
1712 1875 1860 1906 animam.
1912 1872 2013 1904 Aliud
2040 1882 2137 1913 argu-

1162 1924 1320 1959 mentum,
1344 1918 1429 1959 quod
1452 1930 1517 1950 non
1541 1919 1667 1959 possint
1689 1918 1796 1949 carnis
1820 1915 1989 1948 desideriis
2012 1925 2137 1946 morem

1163 1972 1292 2003 genere,
1320 1962 1383 1993 nisi
1412 1962 1447 1993 in
1477 1972 1569 1993 suam
1593 1961 1778 2002 perniciem.
1822 1959 1935 1999 Neque
1958 1958 2047 1989 enim
2070 1968 2136 1990 eer-

1163 2011 1273 2036 tamen
1297 2004 1349 2035 hic
1372 2008 1462 2036 notat
1485 2005 1580 2045 quale
1603 2004 1798 2036 describitur
1821 2012 1840 2033 a
1863 2002 1972 2039 Paulo,
1998 2001 2137 2041 septimo

1163 2048 1203 2080 ad
1226 2048 1323 2079 Rom.
1346 2048 1461 2088 capite,
1492 2052 1525 2079 et
1547 2048 1664 2088 quinto
1691 2046 1731 2078 ad
1755 2045 1900 2083 Galatas,
1932 2048 1970 2076 ut
1992 2045 2136 2075 animam

1163 2096 1286 2123 statuat
1309 2094 1464 2131 tanquam
1488 2091 1744 2132 antagonistam:
1768 2088 1823 2120 sed
1842 2087 1902 2119 hoc
1918 2087 2005 2126 dicit,
2028 2087 2137 2119 caruis

1163 2135 1312 2172 affectus,
1344 2137 1508 2174 utcunque
1538 2134 1602 2165 illis
1631 2133 1740 2164 anima
1770 2131 1968 2168 consentiat,
2002 2130 2037 2161 in
2066 2130 2137 2161 0108

1163 2178 1299 2209 exitium
1333 2177 1475 2208 tendere.
1526 2176 1713 2209 Socordiam
1744 2175 1830 2205 enim
1860 2178 2005 2205 nostram
2035 2172 2070 2203 in
2099 2182 2136 2203 eo

1163 2220 1280 2261 arguit,
1304 2219 1388 2259 quod
1412 2230 1513 2260 quum
1537 2220 1634 2251 anxie
1657 2218 1774 2249 intenti
1798 2217 1897 2248 simus
1916 2216 1955 2247 ad
1973 2214 2136 2247 cavendos

1164 2264 1273 2295 hostes
1301 2273 1319 2294 a
1347 2262 1463 2302 quibus
1498 2263 1649 2294 timemus
1684 2260 1828 2300 corporis
1862 2259 2057 2300 periculum:
2093 2258 2138 2289 ita

1163 2311 1280 2347 sponte
1310 2305 1511 2337 admittimus
1539 2305 1678 2337 sonticos
1701 2304 1828 2335 animae
1860 2302 1984 2339 hostes,
2012 2305 2050 2332 ut
2079 2310 2138 2332 nos

1163 2350 1366 2381 interimant:
1389 2348 1456 2380 imo
1479 2349 1570 2389 quasi
1588 2347 1735 2388 iugulum
1759 2345 1824 2377 illis
1847 2345 2051 2385 porrigimus.

1251 2392 1299 2422 12.
1333 2391 1599 2423 Conversalionem
1622 2392 1762 2422 vestram.
1808 2388 1960 2420 Alterum
1983 2386 2138 2419 exhorta·

1163 2435 1260 2467 tionis
1291 2434 1485 2471 membrum,
1520 2439 1557 2466 ut
1590 2444 1624 2465 se
1652 2433 1785 2464 honeste
1817 2436 1934 2472 gerant
1964 2429 2051 2470 apud
2082 2429 2138 2460 ho-

1163 2479 1276 2509 mines.
1332 2477 1403 2508 Hoc
1436 2477 1566 2518 quidem
1601 2476 1715 2507 ordine
1753 2474 1931 2515 praecedit,
1968 2477 2005 2505 ut
2038 2472 2139 2504 animi

1163 2530 1271 2553 coxram
1304 2520 1372 2551 Deo
1400 2521 1530 2561 purgati
1561 2519 1642 2551 sint:
1678 2517 1734 2549 sed
1765 2516 1914 2549 habenda
1944 2515 2059 2547 deinde
2089 2517 2140 2547 est

1164 2564 1332 2595 hominum
1356 2564 1449 2602 ratio,
1472 2574 1512 2594 ne
1535 2561 1687 2595 scandalo
1706 2560 1770 2592 illis
1789 2560 1900 2592 simus.
1939 2558 2139 2591 Nominatim

1164 2611 1272 2638 autem
1306 2606 1382 2638 dicit
1419 2606 1532 2637 inter
1565 2607 1714 2646 gentes
1750 2613 1854 2644 quae
1893 2601 2139 2634 detrahunt.

1164 2650 1271 2681 Erant
1300 2650 1384 2681 enim
1418 2648 1538 2689 ubique
1561 2647 1672 2679 Iudaei
1704 2657 1768 2678 non
1799 2650 1928 2678 tantum
1953 2644 2056 2684 exosi,
2083 2643 2141 2675 sed

1885 2705 1918 2731 16
