2513 3126
292 222 351 252 159

293 318 353 349 Dei
387 316 517 348 verbum
551 314 646 345 habet
670 312 761 342 Isaac
793 311 877 351 quod
902 311 931 341 in
954 311 1035 342 filios
1059 320 1133 342 suos
1156 310 1263 341 consc-

294 368 351 391 rat.
400 358 548 390 Dubitari
576 362 682 386 tumen
707 359 813 395 potest
836 364 875 384 an
901 353 967 384 ulla
991 353 1087 385 fuerit
1112 354 1142 384 in
1170 352 1263 384 bene-

293 402 431 433 dictione
455 401 541 431 Esau
575 398 666 434 fides,
701 408 798 438 quum
832 396 987 436 reprobus
1015 400 1099 428 essct
1127 400 1224 436 atque
1247 405 1266 427 a

293 446 362 476 Deo
403 442 577 474 abdicatus.
638 440 765 472 Solutio
806 439 908 471 facilis
946 444 1005 477 est,
1046 439 1121 479 quia
1159 439 1192 469 in
1229 448 1266 470 co

291 487 431 519 maxime
455 484 571 516 enituit
597 483 684 520 fides,
719 492 816 523 quum
841 481 994 522 gemellos
1019 492 1059 513 cx
1084 492 1117 513 se
1140 481 1266 523 genitos

292 529 455 560 discrevit:
480 529 517 558 et⁴
534 529 579 558 ita
602 526 729 566 quidem
754 530 789 556 ut
812 526 929 556 minori
954 524 1103 556 tribuerit
1126 524 1265 564 priorem

295 573 410 603 locum.
456 570 541 602 Nam
565 569 625 601 Dei
656 568 821 600 oraculum
853 573 1019 608 sequutus,
1051 567 1266 607 primogenito

291 613 489 645 ordinarium
508 614 557 644 ius
580 617 715 643 naturae
738 610 868 642 ademit.
907 610 994 642 Hinc
1017 614 1125 642 autem
1147 609 1266 650 pendet

293 657 391 688 totius
429 656 538 697 gentis
574 654 732 691 conditio,
771 653 856 694 quod
893 653 1014 685 electus
1052 662 1070 684 a
1103 653 1173 685 Deo
1207 652 1266 684 fuit

291 698 406 739 laceb,
451 704 548 738 atquc
581 708 617 729 ea
651 696 764 728 electio
803 697 904 736 patris
937 695 1160 728 benedictione
1193 706 1265 727 san-

291 742 352 774 cita
379 741 448 773 fuit.

380 784 431 816 21.
466 783 544 815 Fide
568 782 671 815 Iacob.
716 781 940 822 Quaecunque
964 786 1145 813 memoratu
1169 781 1266 821 digua

293 827 482 859 acciderunt
512 827 546 857 in
576 825 709 865 populo,
744 824 882 865 apostoli
914 824 1083 856 consilium
1113 827 1163 856 est
1192 823 1266 855 fidei

293 870 483 902 adscribere.
545 868 630 907 Quia
668 872 777 899 tamen
815 867 925 899 omnia
964 877 1132 899 recensere
1170 867 1266 898 nimis

295 914 425 953 longum
458 912 581 951 suisset,
612 920 712 951 pauca
742 920 783 942 ex
811 909 924 942 multis
947 910 1055 951 eligit:
1087 909 1182 950 quale
1206 909 1266 940 hoc

294 960 353 988 est.
405 955 487 986 Nam
518 952 622 985 tribus
651 953 809 994 Ephraim
844 953 890 984 ita
920 953 1060 993 reliquas
1090 952 1264 993 superavit,

296 1002 332 1030 ut
365 996 600 1038 quodammodo
630 996 767 1028 laterent
796 995 855 1027 sub
887 995 955 1026 eius
985 995 1107 1026 umbra.
1161 994 1265 1033 Saepo

296 1041 381 1073 enim
405 1040 516 1072 decem
548 1039 650 1070 tribus
673 1038 918 1079 comprehendit
940 1040 1099 1079 scriptura
1122 1037 1181 1069 sub
1206 1036 1266 1067 hoc

294 1083 434 1115 nomine.
486 1082 588 1122 Atqui
619 1082 778 1122 Ephraim
813 1092 853 1113 ex
888 1081 1011 1112 duobus
1043 1080 1117 1111 filiis
1147 1078 1264 1119 Ioseph

293 1127 399 1157 minor
432 1128 511 1157 natu
541 1125 609 1157 fuit.
661 1124 734 1164 Quo
765 1129 908 1164 tempore
935 1124 1040 1163 ipsum
1072 1127 1103 1154 et
1131 1123 1264 1153 fratrem

294 1169 388 1201 Iacob
412 1167 631 1205 benedicebat,
660 1167 754 1198 ambo
777 1171 870 1198 erant
892 1166 993 1207 pueri.
1039 1164 1125 1205 Quid
1148 1165 1181 1196 in
1205 1165 1265 1196 mi·

296 1222 375 1243 nore
398 1210 551 1244 cernebat
567 1210 664 1242 Iacob
680 1221 738 1242 cur
754 1210 966 1250 primogenito
982 1219 1055 1240 eum
1072 1207 1263 1248 praeferret?

294 1254 484 1294 Quinetiam
508 1253 540 1284 id
565 1253 642 1284 dum
669 1253 756 1291 facit,
779 1252 886 1283 oculos
913 1251 1012 1282 habet
1028 1251 1117 1282 senio
1134 1251 1265 1282 obtusos

294 1303 325 1329 et
356 1297 503 1328 hebetes:
535 1306 593 1328 nec
623 1296 755 1327 fortuito
786 1294 933 1325 dextram
964 1303 1095 1325 manum
1127 1293 1265 1334 imponit

294 1339 393 1380 capiti
417 1339 592 1379 Ephraim:
615 1337 747 1370 brachia
769 1338 854 1368 enim
880 1337 1071 1368 decussatim
1090 1336 1265 1377 componit,

295 1387 331 1414 ut
355 1382 503 1413 dextram
534 1392 666 1413 manum
690 1381 723 1412 in
747 1380 913 1412 sinistram
937 1379 1119 1411 transferat.
1165 1379 1264 1410 Prae-

296 1431 383 1457 terea
414 1424 495 1456 duas
525 1424 572 1455 illi
603 1425 766 1465 portiones
796 1423 955 1463 assignat,
988 1433 1025 1454 ae
1053 1422 1080 1453 si
1110 1423 1173 1453 iam
1197 1422 1266 1453 eius

297 1471 403 1500 terrae
437 1471 522 1499 esset
555 1467 703 1499 dominus
736 1465 823 1498 unde
858 1476 931 1497 eum
970 1466 1071 1497 fames
1105 1465 1265 1506 abegerat.

296 1510 387 1542 Nihil
404 1510 457 1542 hic
473 1510 592 1542 rationi
607 1513 872 1546 consentaneum,
896 1508 960 1540 nisi
979 1508 1058 1540 fides
1074 1507 1266 1540 dominetur.

296 1554 386 1595 Ergo
416 1553 444 1585 si
475 1552 550 1593 quid
582 1563 650 1584 esse
674 1552 788 1584 volunt
817 1551 940 1591 Iudaei,
971 1561 1037 1583 non
1068 1550 1143 1582 alibi
1171 1561 1266 1592 quam

296 1597 330 1628 in
354 1596 417 1628 fide
441 1595 629 1637 glorientur.

382 1639 537 1671 Adoravit
566 1638 608 1670 ad
637 1638 854 1670 summitatem.
899 1637 963 1668 Hic
987 1647 1072 1669 unus
1095 1641 1144 1668 est
1166 1647 1206 1668 ex
1229 1636 1269 1668 iis

296 1682 375 1714 locis
405 1681 490 1713 unde
523 1681 740 1713 coniecturam
775 1680 879 1712 facere
911 1680 1002 1719 licet,
1038 1682 1159 1720 puncta
1192 1679 1268 1711 olim

297 1724 382 1765 apud
413 1724 580 1756 Hebraeos
613 1734 679 1755 non
712 1723 810 1755 fuisse
844 1723 877 1754 in
906 1733 986 1754 usu:
1020 1723 1098 1763 quia
1128 1733 1193 1755 non
1224 1723 1270 1754 ita

296 1767 490 1799 hallucinari
522 1769 672 1807 poterant
699 1767 807 1808 graeci
835 1767 1043 1807 interpretes,
1075 1769 1113 1797 ut
1143 1766 1268 1806 virgam

295 1820 355 1850 pro
390 1810 472 1842 lecto
506 1809 694 1849 redderent,
728 1809 756 1841 si
789 1809 901 1841 eadem
932 1814 1009 1840 tunc
1043 1809 1157 1841 suisset
1190 1818 1270 1849 quae

296 1852 392 1884 hodie
415 1852 578 1884 scribendi
601 1853 693 1884 ratio.
734 1851 807 1883 Non
832 1852 965 1884 dubium
988 1855 1037 1882 est
1059 1851 1138 1891 quin
1162 1852 1271 1883 Moses

297 1895 337 1926 de
360 1894 470 1927 lectuli
494 1895 598 1936 capite
613 1895 774 1935 loquatur,
799 1905 897 1935 quum
915 1894 991 1927 dicit
1009 1897 1110 1928 ΠΦΌΠ
1128 1898 1200 1928 ΨΝἾ
1218 1883 1271 1932 511.

299 1938 418 1970 Graeci
457 1943 583 1977 autem,
627 1939 719 1978 quasi
760 1939 916 1978 scriptum
957 1941 1058 1975 esset,
1100 1936 1271 1975 Matthaei»,

299 1980 540 2012 transtulerunt
570 1983 668 2021 caput
690 1981 812 2022 virgae.
858 1980 955 2020 Quod
979 1980 1078 2022 vulgo
1106 1985 1271 2020 receptum

303 2028 373 2054 erat
404 2023 568 2063 apostolus
595 2034 658 2055 non
691 2023 816 2055 dubitat
845 2033 902 2055 suo
926 2023 1074 2055 instituto
1097 2032 1271 2055 accommo-

302 2064 388 2096 dare.
432 2065 562 2096 Iudaeis
592 2066 724 2106 quidem
753 2066 922 2106 scribebat,
952 2066 1008 2098 sed
1032 2066 1141 2107 quiin
1165 2065 1272 2098 varias

299 2108 447 2148 regiones
481 2107 618 2148 dispersi
657 2108 797 2149 patriam
830 2109 975 2149 linguam
1009 2119 1125 2150 graeca
1165 2113 1271 2140 muta-

299 2152 426 2182 verant.
472 2149 599 2182 Scimus
631 2155 740 2182 autem
763 2151 926 2192 apostolos
949 2151 1011 2183 hac
1034 2152 1067 2183 in
1091 2155 1184 2193 parte
1207 2161 1272 2182 non

300 2192 379 2224 adeo
401 2192 501 2224 fuisse
523 2193 737 2232 scrupulosos,
768 2194 846 2233 quin
869 2204 902 2225 se
926 2194 1060 2227 rudibus
1083 2199 1273 2234 attempera-

300 2239 384 2274 rent,
414 2235 529 2275 quibus
560 2235 666 2267 adhuc
699 2235 781 2270 lacte
810 2239 880 2267 erat
911 2247 1001 2277 opus.
1047 2238 1090 2269 Et
1120 2237 1154 2268 in
1178 2247 1216 2268 ea
1238 2246 1273 2268 re

300 2277 384 2308 nihil
407 2282 456 2309 est
478 2278 623 2318 periculi,
653 2278 748 2310 modo
771 2289 897 2319 semper
921 2285 1113 2312 revocentur
1134 2280 1272 2312 lectores

301 2320 340 2352 ad
366 2320 524 2352 sinceram
550 2322 758 2361 nativamque
779 2322 958 2362 scripturae
977 2322 1158 2354 lectionem.
1194 2322 1272 2354 Cae-

302 2372 406 2394 terum
440 2364 473 2394 in
493 2374 529 2395 re
552 2364 620 2404 ipsa
643 2374 757 2405 parum
780 2369 829 2396 est
852 2364 1063 2396 discriminis:
1093 2366 1167 2406 quia
1190 2364 1273 2405 quod

302 2406 447 2439 adoravit
477 2406 589 2444 Iacob,
621 2407 653 2438 id
685 2407 747 2438 fuit
775 2407 956 2448 gratiarum
985 2408 1119 2440 actionis
1146 2408 1274 2449 symbo-

302 2449 385 2480 lum:
411 2459 509 2489 quare
531 2449 594 2481 fide
617 2449 775 2481 adductus
796 2454 845 2481 est
865 2455 900 2481 ut
923 2460 957 2481 se
976 2450 1041 2482 filio
1057 2451 1272 2482 submitteret.

387 2491 438 2523 22.
470 2491 550 2524 Fide
580 2492 699 2533 Ioseph.

1037 213 1177 245 EPlS'l'.
1203 215 1228 244 A
1237 214 1264 244 1)
1289 213 1537 244 111431111131305Ι

753 2492 825 2524 Hoc
854 2493 1004 2524 ultimum
1039 2497 1087 2525 est
1116 2493 1202 2534 quod
1233 2504 1273 2525 ex
1325 2505 1406 2532 care,
1441 2504 1514 2526 eum
1544 2498 1720 2534 exponunt.

2226 214 2284 244 160

1317 320 1437 350 parvae
1468 309 1539 342 fidei
1575 314 1803 351 argumentum
1838 314 1895 340 cst.
1948 310 2041 342 Unde
2075 310 2160 342 enim
2195 316 2285 344 tanta

1317 353 1416 384 animi
1448 353 1647 394 magnitudo,
1679 357 1714 383 ut
1743 352 1897 393 quidquid
1929 353 1961 383 in
1994 353 2115 385 mundo
2139 359 2188 384 est
2211 355 2283 386 sub-

1317 395 1401 433 lime,
1433 395 1597 436 despiciat,
1627 395 1780 436 quidquid
1813 396 1985 435 pretiosum
2015 399 2072 434 est,
2103 395 2198 428 ducat
2229 407 2285 437 pro

1317 438 1428 477 nihilo,
1458 439 1519 470 nisi
1551 438 1635 479 quod
1667 439 1700 470 in
1730 438 1854 470 coelum
1885 438 2139 470 conscenderat?
2191 438 2286 479 Quod

1317 491 1390 512 ossa
1419 492 1476 513 sua
1508 481 1595 513 iubet
1623 481 1798 522 exportari,
1831 481 1863 512 in
1893 491 1930 512 eo
1959 481 2007 512 sui
2039 481 2197 513 rationem
2221 492 2287 514 non

1318 523 1424 564 habet,
1462 524 1553 564 quasi
1591 525 1774 565 sepulcrum
1813 524 1840 554 ei
1873 523 1998 555 dulcius
2027 524 2174 556 futurum
2203 529 2287 556 esset

1318 566 1369 598 vel
1400 567 1515 598 melius
1545 567 1576 597 in
1620 570 1707 598 terra
1735 567 1893 598 Chanaan
1929 577 2024 607 quam
2056 567 2088 598 in
2119 567 2286 609 Aegypto:

1318 609 1374 640 sed
1405 615 1533 640 tuntum
1565 609 1668 642 voluit
1697 610 1802 650 gentis
1833 620 1910 641 suae
1941 609 2134 641 desiderium
2163 619 2287 650 acuere,

1319 656 1356 683 ut
1373 652 1596 684 vehementius
1611 651 1651 683 ad
1667 652 1920 692 redemptionem
1937 652 2150 693 adspirarent.
2174 652 2288 684 Voluit

1319 699 1352 726 et
1375 695 1471 726 fidem
1501 694 1702 732 confirmare,
1733 697 1770 726 ut
1791 701 1879 728 certo
1910 699 2079 736 sperarent
2100 705 2135 727 ee
2158 695 2288 728 tandem

1319 737 1490 770 liberatum
1515 737 1563 767 iri.

1404 822 1453 854 23.
1490 821 1570 853 Fide
1600 821 1719 863 Moses,
1753 832 1848 862 quum
1878 826 1970 855 natus
1996 826 2090 863 esset,
2123 824 2290 856 occultatus

1316 866 1379 906 fuit
1413 868 1474 896 tres
1507 874 1626 896 menses
1659 875 1680 896 a
1704 865 1890 904 parentibus
1921 867 2004 907 suis,
2041 867 2116 906 quia
2149 867 2292 899 videbant

1318 909 1485 949 eleqantem
1508 906 1667 947 puellum,
1697 910 1724 938 et
1753 917 1812 938 non
1841 908 2008 940 timuerunt
2037 910 2168 942 edictum
2197 910 2290 950 reyis.

1318 951 1369 982 24.
1400 950 1480 982 Fide
1496 949 1601 981 Moses
1624 950 1688 981 iam
1707 950 1839 990 mandis
1861 952 1964 982 renuit
1984 953 2087 984 vocari
2100 953 2190 992 filius
2205 953 2291 992 filiae

1318 993 1510 1025 Pharaonis.
1543 992 1594 1023 25.
1612 992 1721 1024 Potius
1743 993 1858 1033 eliqens
1879 993 1974 1025 malis
1995 995 2080 1034 affici
2097 1005 2166 1027 cum
2177 995 2291 1035 populo

1317 1035 1393 1075 Dei,
1416 1045 1510 1076 quam
1531 1035 1715 1076 temporales
1730 1035 1840 1067 habere
1856 1037 1975 1075 peccati
1990 1037 2130 1069 delitias:
2159 1038 2210 1069 26.
2226 1048 2291 1069 ma-

1318 1080 1398 1111 iores
1442 1078 1627 1110 emistimans
1675 1078 1805 1110 divitias
1843 1079 1994 1118 probrum
2031 1078 2150 1112 Christi
2198 1090 2292 1121 quam

1318 1122 1452 1163 Aeqypti
1490 1121 1659 1153 thesauros.
1718 1121 1901 1153 Intuebatur
1934 1122 2015 1153 enim
2049 1123 2084 1155 in
2115 1133 2291 1155 remunera-

1318 1166 1439 1197 tionem.
1499 1164 1550 1195 27.
1590 1163 1671 1196 Fide
1707 1164 1835 1204 reliquit
1871 1164 2059 1205 Aeyyptum,
2098 1174 2153 1198 neo
2188 1166 2293 1197 timuit

1316 1208 1454 1247 furorem
1482 1208 1582 1248 regiis:
1614 1209 1707 1247 quasi
1739 1208 1821 1239 enim
1854 1208 2041 1240 invisibilem
2070 1209 2215 1247 vidisset,
2245 1208 2292 1240 ob-

1316 1252 1475 1283 duruerat.

1405 1336 1457 1368 23.
1481 1336 1562 1368 Fide
1586 1335 1700 1368 Moses.
1735 1336 1886 1367 Fuerunt
1904 1336 2004 1368 etiam
2023 1336 2086 1374 alii,
2109 1340 2141 1367 et
2160 1335 2291 1377 quidem

1319 1380 1446 1421 profani
1477 1379 1634 1417 homines,
1664 1379 1719 1419 qui
1749 1389 1812 1410 non
1836 1378 1899 1410 Dei
1929 1379 2053 1417 timore,
2084 1379 2140 1410 sed
2163 1382 2292 1410 tantum

1319 1422 1437 1455 sobolis
1464 1421 1691 1462 propagandae
1714 1421 1821 1453 studio
1844 1421 1962 1453 liberos
1985 1432 2061 1454 suos
2082 1431 2149 1453 non
2172 1421 2292 1462 absque

1319 1465 1462 1506 periculo
1484 1469 1668 1496 servarunt.
1715 1464 1781 1497 Sed
1811 1464 1975 1505 apostolus
1998 1464 2061 1496 alia
2084 1465 2211 1496 ratione
2234 1465 2293 1496 im-

1319 1508 1431 1549 pulsos
1461 1507 1559 1539 fuisse
1588 1507 1681 1539 docet
1709 1511 1861 1548 parentes
1884 1508 1986 1539 Mosis
2017 1513 2052 1538 ut
2086 1517 2159 1539 eum
2185 1517 2293 1540 serva-

1320 1555 1409 1583 rent:
1433 1560 1560 1591 nempe,
1584 1551 1659 1591 quia
1675 1550 1766 1582 Deus
1789 1551 1990 1591 promiserat,
2014 1560 2115 1590 quum
2137 1550 2294 1583 servitute

1320 1594 1465 1635 oppressi
1495 1598 1617 1632 essent,
1650 1593 1814 1625 vindicem
1847 1593 2021 1633 aliquando
2050 1603 2085 1624 se
2113 1592 2198 1624 fore:
2233 1592 2294 1625 hac

1321 1637 1437 1668 fiducia
1459 1637 1535 1668 freti
1557 1636 1716 1667 infantem
1743 1636 1840 1667 saluti
1857 1645 1936 1668 suae
1957 1635 2193 1676 praetulerunt.
2227 1635 2294 1668 Sed

1321 1679 1451 1712 videtur
1484 1679 1544 1711 hoc
1578 1679 1654 1710 fidei
1684 1683 1821 1710 naturae
1851 1679 2068 1717 contrarium,
2101 1678 2186 1719 quod
2216 1678 2294 1710 dicit

1321 1733 1376 1755 eos
1406 1723 1529 1753 formae
1558 1721 1718 1762 elegantia
1749 1721 1912 1753 adductos.
1963 1721 2094 1754 Scimus
2126 1721 2213 1753 enim
2245 1731 2292 1753 re-

1322 1765 1519 1807 prehensum
1558 1764 1656 1796 fuisse
1689 1764 1770 1803 lsai,
1807 1775 1906 1805 quum
1938 1764 2022 1796 filios
2055 1774 2130 1796 suos
2163 1764 2294 1796 offerret

1295 1840 1296 1845 ,
1323 1808 1478 1844 Samueli.
1507 1812 1601 1848 prout
1624 1807 1759 1848 quisque
1782 1807 1886 1839 forma
1908 1807 2095 1839 excellebat.
2139 1807 2185 1838 Et
2207 1807 2294 1839 certe

1323 1852 1413 1883 Deus
1443 1861 1501 1882 nos
1529 1851 1563 1881 in
1586 1851 1729 1882 externis
1755 1850 1855 1882 larvis
1878 1861 1943 1882 non
1967 1850 2099 1882 detinet.
2144 1850 2292 1890 Respon-

1324 1895 1393 1933 deo,
1417 1904 1481 1925 non
1497 1893 1624 1925 illectos
1639 1893 1737 1925 fuisse
1753 1893 1997 1935 pulchritudine
2012 1896 2165 1934 parentes
2180 1893 2293 1930 Mosis,

1324 1942 1360 1969 ut
1392 1936 1612 1968 misericordia
1649 1939 1865 1977 tangerentur
1901 1936 1941 1967 ad
1979 1946 2053 1968 eum
2086 1935 2292 1973 servandum,

1324 1980 1463 2021 qualiter
1490 1979 1588 2020 vulgo
1619 1979 1723 2011 solent
1753 1979 1837 2011 affici
1867 1979 2029 2011 homines:
2066 1979 2122 2011 sed
2152 1978 2293 2019 aliquam

1324 2023 1426 2055 veluti
1455 2026 1565 2054 notam
1588 2022 1717 2054 futurae
1740 2022 1950 2054 excellentiae
1977 2022 2076 2054 fuisse
2099 2021 2294 2062 insculptam

1324 2066 1357 2097 in
1381 2076 1488 2106 puero,
1513 2075 1595 2106 quae
1618 2075 1729 2097 rarum
1747 2066 1856 2097 neseio
1872 2064 1947 2105 quid
1964 2064 2002 2096 de
2020 2075 2057 2096 eo
2078 2064 2293 2105 promitteret.

1324 2109 1397 2140 Non
1428 2118 1504 2149 ergo
1536 2108 1669 2139 dubium
1699 2112 1748 2139 est
1773 2108 1849 2148 quin
1879 2108 2033 2149 adspectu
2054 2108 2124 2148 ipso
2145 2107 2179 2138 in
2203 2117 2294 2147 spem

1324 2151 1524 2192 propinquae
1560 2150 1759 2182 liberationis
1796 2151 1927 2183 excitati
1965 2151 2098 2188 suerint,
2136 2160 2173 2182 eo
2210 2148 2295 2190 quod

1325 2205 1462 2235 puerum
1485 2194 1614 2235 magnis
1636 2194 1732 2225 rebus
1761 2193 1911 2235 gerendis
1934 2193 2134 2226 confiderent
2156 2192 2294 2225 destina-

1325 2241 1395 2268 tum
1411 2247 1490 2269 esse.
1525 2237 1628 2268 Porro
1652 2236 1713 2268 hoc
1731 2236 1871 2268 multum
1890 2237 2042 2277 ponderis
2058 2236 2141 2276 apud
2158 2235 2294 2266 Iudaeos

1325 2279 1443 2312 habere
1474 2279 1595 2320 debuit,
1624 2289 1722 2320 quum
1753 2279 1904 2311 audirent
1926 2279 2041 2311 Mosen
2064 2277 2294 2318 redemptionis

1298 2355 1299 2360 ,
1325 2333 1401 2354 suae
1424 2323 1609 2354 ministrum
1633 2322 1825 2353 mirabiliter
1848 2332 1888 2353 ex
1911 2325 2014 2353 morte
2030 2320 2129 2353 fuisse
2146 2324 2293 2360 ereptum

1298 2361 1300 2406 l
1325 2365 1398 2397 fidei
1419 2366 1583 2397 beneficio.
1628 2365 1814 2396 Notandum
1845 2369 1955 2396 tamen
1985 2369 2046 2402 est,
2075 2363 2182 2402 fidem,
2211 2373 2294 2404 quae

1326 2408 1377 2440 hic
1407 2408 1569 2447 laudatur,
1599 2407 1694 2439 valde
1721 2408 1819 2439 fuisse
1841 2407 2041 2439 imbecillam.
2087 2406 2171 2438 Nam
2194 2416 2295 2447 quum

1325 2451 1510 2492 posthabito
1539 2451 1651 2483 mortis
1681 2460 1759 2482 suae
1790 2454 1879 2482 metu
1902 2450 2017 2481 Mosen
2044 2449 2197 2481 deberent
2219 2448 2295 2480 edu-

1772 2493 1869 2525 Patet
1903 2493 2005 2533 igitur
2037 2492 2169 2524 illorum
2197 2491 2295 2523 fidem

301 2534 562 2574 patriarcharum
591 2536 691 2576 gestis
719 2535 838 2574 Moses,
868 2541 903 2566 ut
933 2540 1021 2567 certe
1049 2535 1183 2577 dignum
1215 2540 1272 2575 est,
1297 2536 1300 2582 l
1325 2537 1414 2569 brevi
1445 2548 1509 2568 non
1540 2541 1666 2568 tantum
1691 2535 1866 2574 vacillasse,
1898 2535 1953 2567 sed
1983 2535 2082 2567 fuisse
2104 2534 2294 2576 collapsam:

303 2582 423 2608 narrat.
469 2578 552 2609 Nam
576 2578 660 2618 quod
683 2577 738 2609 illa
760 2578 933 2618 opulentia,
962 2578 1099 2617 delitiae,
1124 2579 1273 2618 honores,

1325 2580 1439 2612 saltem
1463 2581 1572 2620 partes
1595 2589 1670 2610 suas
1691 2579 1852 2617 deserunt,
1875 2578 1928 2610 ubi
1948 2578 2104 2610 infantem
2122 2577 2295 2619 proiiciunt

303 2620 522 2659 promissionis
553 2621 747 2653 oblivionem
775 2625 886 2653 sancto
909 2621 978 2653 viro
1010 2632 1073 2653 non
1104 2621 1273 2660 inducunt,
1298 2652 1299 2655 ,
1326 2623 1366 2654 ad
1389 2623 1491 2663 ripam
1515 2622 1669 2654 fluminis.
1708 2621 1773 2654 Sed
1796 2631 1832 2653 eo
1856 2621 1958 2662 magis
1982 2632 2040 2652 nos
2062 2621 2198 2652 animari
2221 2629 2295 2652 con-

303 2672 408 2702 neque
442 2672 513 2694 eum
545 2664 577 2694 in
607 2665 756 2705 Aegypto
787 2668 1003 2696 remorantur:
1040 2665 1070 2695 id
1102 2675 1177 2696 vero
1207 2676 1271 2696 non

1299 2666 1432 2704 ivenit,
1466 2665 1540 2697 dum
1575 2665 1723 2697 audimus
1753 2663 1865 2703 fidem,
1903 2664 1977 2696 licet
2009 2664 2189 2701 infirmam,
2224 2662 2294 2693 Deo
