<?xml version="1.0" encoding="UTF-8"?>
<!DOCTYPE html PUBLIC "-//W3C//DTD XHTML 1.0 Transitional//EN"
    "http://www.w3.org/TR/xhtml1/DTD/xhtml1-transitional.dtd">
<html xmlns="http://www.w3.org/1999/xhtml" xml:lang="en" lang="en">
 <head>
  <title>
</title>
<meta http-equiv="Content-Type" content="text/html;charset=utf-8" />
  <meta name='ocr-system' content='tesseract 3.04.00' />
  <meta name='ocr-capabilities' content='ocr_page ocr_carea ocr_par ocr_line ocrx_word'/>
</head>
<body>
  <div class='ocr_page' id='page_1' title='image "./ioanniscalviniop55calv_0141.png"; bbox 0 0 2513 3126; ppageno 0'>
   <div class='ocr_carea' id='block_1_1' title="bbox 129 196 191 229">
    <p class='ocr_par' dir='ltr' id='par_1_1' title="bbox 129 196 191 229">
     <span class='ocr_line' id='line_1_1' title="bbox 129 196 191 229; baseline -0.032 0"><span class='ocrx_word' id='word_1_1' title='bbox 129 196 191 229; x_wconf 84' lang='lat'><strong>245</strong></span> 
     </span>
    </p>
   </div>
   <div class='ocr_carea' id='block_1_2' title="bbox 130 290 1103 928">
    <p class='ocr_par' dir='ltr' id='par_1_2' title="bbox 130 290 1101 539">
     <span class='ocr_line' id='line_1_2' title="bbox 132 290 1101 334; baseline -0.004 -9"><span class='ocrx_word' id='word_1_2' title='bbox 132 304 242 334; x_wconf 81' lang='lat' dir='ltr'><strong>regem</strong></span> <span class='ocrx_word' id='word_1_3' title='bbox 268 292 421 333; x_wconf 82' lang='lat' dir='ltr'><strong>referunt,</strong></span> <span class='ocrx_word' id='word_1_4' title='bbox 446 293 585 325; x_wconf 89' lang='lat' dir='ltr'><strong>multum</strong></span> <span class='ocrx_word' id='word_1_5' title='bbox 610 293 773 324; x_wconf 83' lang='lat' dir='ltr'><strong>falluntur.</strong></span> <span class='ocrx_word' id='word_1_6' title='bbox 818 293 878 324; x_wconf 85' lang='lat' dir='ltr'><strong>Est</strong></span> <span class='ocrx_word' id='word_1_7' title='bbox 901 292 999 333; x_wconf 89' lang='lat' dir='ltr'><strong>igitur</strong></span> <span class='ocrx_word' id='word_1_8' title='bbox 1022 290 1101 322; x_wconf 89' lang='lat' dir='ltr'><strong>haec</strong></span> 
     </span>
     <span class='ocr_line' id='line_1_3' title="bbox 130 335 1100 368; baseline -0.004 -1"><span class='ocrx_word' id='word_1_9' title='bbox 130 337 310 368; x_wconf 87' lang='lat' dir='ltr'><strong>communis</strong></span> <span class='ocrx_word' id='word_1_10' title='bbox 345 337 427 367; x_wconf 86' lang='lat' dir='ltr'><strong>ratio</strong></span> <span class='ocrx_word' id='word_1_11' title='bbox 462 335 500 367; x_wconf 84' lang='lat' dir='ltr'><strong>ad</strong></span> <span class='ocrx_word' id='word_1_12' title='bbox 535 336 824 368; x_wconf 74' lang='lat' dir='ltr'><strong>commendandam</strong></span> <span class='ocrx_word' id='word_1_13' title='bbox 857 335 1002 366; x_wconf 87' lang='lat' dir='ltr'><strong>omnium</strong></span> <span class='ocrx_word' id='word_1_14' title='bbox 1032 343 1100 363; x_wconf 88' lang='lat' dir='ltr'><strong>ma-</strong></span> 
     </span>
     <span class='ocr_line' id='line_1_4' title="bbox 130 377 1101 419; baseline -0.004 -10"><span class='ocrx_word' id='word_1_15' title='bbox 130 380 324 419; x_wconf 84' lang='lat' dir='ltr'><strong>gistratuum</strong></span> <span class='ocrx_word' id='word_1_16' title='bbox 350 378 566 416; x_wconf 86' lang='lat' dir='ltr'><strong>autoritatem,</strong></span> <span class='ocrx_word' id='word_1_17' title='bbox 591 378 673 418; x_wconf 92' lang='lat' dir='ltr'><strong>quod</strong></span> <span class='ocrx_word' id='word_1_18' title='bbox 698 379 848 410; x_wconf 89' lang='lat' dir='ltr'><strong>mandato</strong></span> <span class='ocrx_word' id='word_1_19' title='bbox 863 377 926 409; x_wconf 93' lang='lat' dir='ltr'><strong>Dei</strong></span> <span class='ocrx_word' id='word_1_20' title='bbox 945 379 1101 417; x_wconf 81' lang='lat' dir='ltr'><strong>praesunt</strong></span> 
     </span>
     <span class='ocr_line' id='line_1_5' title="bbox 131 417 1099 462; baseline -0.004 -10"><span class='ocrx_word' id='word_1_21' title='bbox 131 426 163 452; x_wconf 90' lang='lat' dir='ltr'><strong>et</strong></span> <span class='ocrx_word' id='word_1_22' title='bbox 186 420 226 453; x_wconf 90' lang='lat' dir='ltr'><strong>ab</strong></span> <span class='ocrx_word' id='word_1_23' title='bbox 250 432 287 453; x_wconf 90' lang='lat' dir='ltr'><strong>eo</strong></span> <span class='ocrx_word' id='word_1_24' title='bbox 311 422 506 453; x_wconf 87' lang='lat' dir='ltr'><strong>mittuntur:</strong></span> <span class='ocrx_word' id='word_1_25' title='bbox 536 421 622 453; x_wconf 92' lang='lat' dir='ltr'><strong>unde</strong></span> <span class='ocrx_word' id='word_1_26' title='bbox 647 422 792 462; x_wconf 88' lang='lat' dir='ltr'><strong>sequitur</strong></span> <span class='ocrx_word' id='word_1_27' title='bbox 814 417 1099 462; x_wconf 83' lang='lat' dir='ltr'><strong>(quemadmodum</strong></span> 
     </span>
     <span class='ocr_line' id='line_1_6' title="bbox 131 460 1100 506; baseline -0.004 -11"><span class='ocrx_word' id='word_1_28' title='bbox 131 471 162 496; x_wconf 91' lang='lat' dir='ltr'><strong>et</strong></span> <span class='ocrx_word' id='word_1_29' title='bbox 186 464 309 496; x_wconf 82' lang='lat' dir='ltr'><strong>Paulus</strong></span> <span class='ocrx_word' id='word_1_30' title='bbox 331 463 435 506; x_wconf 90' lang='lat' dir='ltr'><strong>docet)</strong></span> <span class='ocrx_word' id='word_1_31' title='bbox 459 463 529 495; x_wconf 92' lang='lat' dir='ltr'><strong>Deo</strong></span> <span class='ocrx_word' id='word_1_32' title='bbox 558 465 707 496; x_wconf 86' lang='lat' dir='ltr'><strong>resistere</strong></span> <span class='ocrx_word' id='word_1_33' title='bbox 737 464 791 504; x_wconf 90' lang='lat' dir='ltr'><strong>qui</strong></span> <span class='ocrx_word' id='word_1_34' title='bbox 821 461 972 503; x_wconf 80' lang='lat' dir='ltr'><strong>potestati</strong></span> <span class='ocrx_word' id='word_1_35' title='bbox 997 460 1035 492; x_wconf 88' lang='lat' dir='ltr'><strong>ab</strong></span> <span class='ocrx_word' id='word_1_36' title='bbox 1063 470 1100 491; x_wconf 91' lang='lat' dir='ltr'><strong>eo</strong></span> 
     </span>
     <span class='ocr_line' id='line_1_7' title="bbox 131 505 881 539; baseline -0.004 -1"><span class='ocrx_word' id='word_1_37' title='bbox 131 507 298 539; x_wconf 83' lang='lat' dir='ltr'><strong>ordinatae</strong></span> <span class='ocrx_word' id='word_1_38' title='bbox 321 517 385 538; x_wconf 90' lang='lat' dir='ltr'><strong>non</strong></span> <span class='ocrx_word' id='word_1_39' title='bbox 409 517 444 538; x_wconf 90' lang='lat' dir='ltr'><strong>se</strong></span> <span class='ocrx_word' id='word_1_40' title='bbox 467 507 653 539; x_wconf 80' lang='lat' dir='ltr'><strong>obedienter</strong></span> <span class='ocrx_word' id='word_1_41' title='bbox 677 505 881 537; x_wconf 88' lang='lat' dir='ltr'><strong>submittunt.</strong></span> 
     </span>
    </p>

    <p class='ocr_par' dir='ltr' id='par_1_3' title="bbox 131 545 1103 928">
     <span class='ocr_line' id='line_1_8' title="bbox 218 545 1100 585; baseline -0.007 -4"><span class='ocrx_word' id='word_1_42' title='bbox 218 550 259 581; x_wconf 81' lang='lat' dir='ltr'><strong>In</strong></span> <span class='ocrx_word' id='word_1_43' title='bbox 282 549 459 581; x_wconf 79' lang='lat' dir='ltr'><strong>vindictam.</strong></span> <span class='ocrx_word' id='word_1_44' title='bbox 501 549 652 581; x_wconf 81' lang='lat' dir='ltr'><strong>Secunda</strong></span> <span class='ocrx_word' id='word_1_45' title='bbox 675 548 758 580; x_wconf 87' lang='lat' dir='ltr'><strong>ratio</strong></span> <span class='ocrx_word' id='word_1_46' title='bbox 781 551 829 578; x_wconf 90' lang='lat' dir='ltr'><strong>est</strong></span> <span class='ocrx_word' id='word_1_47' title='bbox 852 556 910 577; x_wconf 89' lang='lat' dir='ltr'><strong>cur</strong></span> <span class='ocrx_word' id='word_1_48' title='bbox 932 545 1100 585; x_wconf 84' lang='lat' dir='ltr'><strong>politicum</strong></span> 
     </span>
     <span class='ocr_line' id='line_1_9' title="bbox 131 588 1102 632; baseline -0.005 -8"><span class='ocrx_word' id='word_1_49' title='bbox 131 592 277 624; x_wconf 86' lang='lat' dir='ltr'><strong>ordinem</strong></span> <span class='ocrx_word' id='word_1_50' title='bbox 301 597 488 624; x_wconf 78' lang='lat' dir='ltr'><strong>reverenter</strong></span> <span class='ocrx_word' id='word_1_51' title='bbox 510 591 660 632; x_wconf 82' lang='lat' dir='ltr'><strong>amplecti</strong></span> <span class='ocrx_word' id='word_1_52' title='bbox 683 595 716 622; x_wconf 91' lang='lat' dir='ltr'><strong>et</strong></span> <span class='ocrx_word' id='word_1_53' title='bbox 739 589 842 621; x_wconf 87' lang='lat' dir='ltr'><strong>colere</strong></span> <span class='ocrx_word' id='word_1_54' title='bbox 865 589 994 620; x_wconf 87' lang='lat' dir='ltr'><strong>deceat:</strong></span> <span class='ocrx_word' id='word_1_55' title='bbox 1026 588 1102 628; x_wconf 89' lang='lat' dir='ltr'><strong>quia</strong></span> 
     </span>
     <span class='ocr_line' id='line_1_10' title="bbox 132 631 1101 672; baseline -0.006 -5"><span class='ocrx_word' id='word_1_56' title='bbox 132 637 163 666; x_wconf 91' lang='lat' dir='ltr'><strong>in</strong></span> <span class='ocrx_word' id='word_1_57' title='bbox 189 645 358 667; x_wconf 90' lang='lat' dir='ltr'><strong>commune</strong></span> <span class='ocrx_word' id='word_1_58' title='bbox 382 635 501 666; x_wconf 90' lang='lat' dir='ltr'><strong>bonum</strong></span> <span class='ocrx_word' id='word_1_59' title='bbox 526 633 656 665; x_wconf 84' lang='lat' dir='ltr'><strong>humani</strong></span> <span class='ocrx_word' id='word_1_60' title='bbox 680 632 809 672; x_wconf 89' lang='lat' dir='ltr'><strong>generis</strong></span> <span class='ocrx_word' id='word_1_61' title='bbox 832 631 1030 662; x_wconf 87' lang='lat' dir='ltr'><strong>constitutus</strong></span> <span class='ocrx_word' id='word_1_62' title='bbox 1053 635 1101 662; x_wconf 90' lang='lat' dir='ltr'><strong>est</strong></span> 
     </span>
     <span class='ocr_line' id='line_1_11' title="bbox 132 673 1100 710; baseline -0.005 -1"><span class='ocrx_word' id='word_1_63' title='bbox 132 689 150 709; x_wconf 86' lang='lat' dir='ltr'><strong>a</strong></span> <span class='ocrx_word' id='word_1_64' title='bbox 173 678 324 709; x_wconf 90' lang='lat' dir='ltr'><strong>Domino.</strong></span> <span class='ocrx_word' id='word_1_65' title='bbox 369 677 513 708; x_wconf 91' lang='lat' dir='ltr'><strong>Nimium</strong></span> <span class='ocrx_word' id='word_1_66' title='bbox 545 675 630 706; x_wconf 91' lang='lat' dir='ltr'><strong>enim</strong></span> <span class='ocrx_word' id='word_1_67' title='bbox 662 674 720 706; x_wconf 84' lang='lat' dir='ltr'><strong>feri</strong></span> <span class='ocrx_word' id='word_1_68' title='bbox 753 679 785 705; x_wconf 90' lang='lat' dir='ltr'><strong>et</strong></span> <span class='ocrx_word' id='word_1_69' title='bbox 813 673 947 705; x_wconf 88' lang='lat' dir='ltr'><strong>belluini</strong></span> <span class='ocrx_word' id='word_1_70' title='bbox 978 684 1100 710; x_wconf 89' lang='lat' dir='ltr'><strong>sumus,</strong></span> 
     </span>
     <span class='ocr_line' id='line_1_12' title="bbox 132 716 1101 758; baseline -0.005 -6"><span class='ocrx_word' id='word_1_71' title='bbox 132 721 193 752; x_wconf 87' lang='lat' dir='ltr'><strong>nisi</strong></span> <span class='ocrx_word' id='word_1_72' title='bbox 213 721 305 751; x_wconf 91' lang='lat' dir='ltr'><strong>nobis</strong></span> <span class='ocrx_word' id='word_1_73' title='bbox 336 719 423 750; x_wconf 87' lang='lat' dir='ltr'><strong>cordi</strong></span> <span class='ocrx_word' id='word_1_74' title='bbox 447 720 488 749; x_wconf 90' lang='lat' dir='ltr'><strong>sit</strong></span> <span class='ocrx_word' id='word_1_75' title='bbox 511 717 638 758; x_wconf 87' lang='lat' dir='ltr'><strong>publica</strong></span> <span class='ocrx_word' id='word_1_76' title='bbox 661 716 795 748; x_wconf 83' lang='lat' dir='ltr'><strong>utilitas.</strong></span> <span class='ocrx_word' id='word_1_77' title='bbox 840 717 912 748; x_wconf 90' lang='lat' dir='ltr'><strong>Hoc</strong></span> <span class='ocrx_word' id='word_1_78' title='bbox 935 716 1045 756; x_wconf 88' lang='lat' dir='ltr'><strong>itaque</strong></span> <span class='ocrx_word' id='word_1_79' title='bbox 1068 716 1101 747; x_wconf 91' lang='lat' dir='ltr'><strong>in</strong></span> 
     </span>
     <span class='ocr_line' id='line_1_13' title="bbox 132 759 1102 799; baseline -0.005 -4"><span class='ocrx_word' id='word_1_80' title='bbox 132 773 259 795; x_wconf 87' lang='lat' dir='ltr'><strong>summa</strong></span> <span class='ocrx_word' id='word_1_81' title='bbox 281 762 352 793; x_wconf 90' lang='lat' dir='ltr'><strong>vult</strong></span> <span class='ocrx_word' id='word_1_82' title='bbox 367 761 494 797; x_wconf 82' lang='lat' dir='ltr'><strong>Petrus,</strong></span> <span class='ocrx_word' id='word_1_83' title='bbox 518 770 617 799; x_wconf 89' lang='lat' dir='ltr'><strong>quum</strong></span> <span class='ocrx_word' id='word_1_84' title='bbox 637 760 727 791; x_wconf 90' lang='lat' dir='ltr'><strong>Deus</strong></span> <span class='ocrx_word' id='word_1_85' title='bbox 751 759 908 790; x_wconf 91' lang='lat' dir='ltr'><strong>mundum</strong></span> <span class='ocrx_word' id='word_1_86' title='bbox 932 762 1102 791; x_wconf 90' lang='lat' dir='ltr'><strong>conservet</strong></span> 
     </span>
     <span class='ocr_line' id='line_1_14' title="bbox 132 801 1100 846; baseline -0.005 -9"><span class='ocrx_word' id='word_1_87' title='bbox 132 806 379 846; x_wconf 81' lang='lat' dir='ltr'><strong>magistratuum</strong></span> <span class='ocrx_word' id='word_1_88' title='bbox 397 802 588 842; x_wconf 87' lang='lat' dir='ltr'><strong>ministerio,</strong></span> <span class='ocrx_word' id='word_1_89' title='bbox 604 802 787 843; x_wconf 80' lang='lat' dir='ltr'><strong>quicunque</strong></span> <span class='ocrx_word' id='word_1_90' title='bbox 803 811 914 834; x_wconf 90' lang='lat' dir='ltr'><strong>eorum</strong></span> <span class='ocrx_word' id='word_1_91' title='bbox 931 801 1100 842; x_wconf 92' lang='lat' dir='ltr'><strong>imperium</strong></span> 
     </span>
     <span class='ocr_line' id='line_1_15' title="bbox 132 844 1103 886; baseline -0.005 -6"><span class='ocrx_word' id='word_1_92' title='bbox 132 849 319 883; x_wconf 80' lang='lat' dir='ltr'><strong>detrectant,</strong></span> <span class='ocrx_word' id='word_1_93' title='bbox 349 855 401 877; x_wconf 91' lang='lat' dir='ltr'><strong>eos</strong></span> <span class='ocrx_word' id='word_1_94' title='bbox 424 855 495 877; x_wconf 91' lang='lat' dir='ltr'><strong>esse</strong></span> <span class='ocrx_word' id='word_1_95' title='bbox 519 845 653 876; x_wconf 90' lang='lat' dir='ltr'><strong>humani</strong></span> <span class='ocrx_word' id='word_1_96' title='bbox 677 845 806 886; x_wconf 87' lang='lat' dir='ltr'><strong>generis</strong></span> <span class='ocrx_word' id='word_1_97' title='bbox 828 844 946 876; x_wconf 89' lang='lat' dir='ltr'><strong>hostes.</strong></span> <span class='ocrx_word' id='word_1_98' title='bbox 994 844 1103 877; x_wconf 83' lang='lat' dir='ltr'><strong>Sumit</strong></span> 
     </span>
     <span class='ocr_line' id='line_1_16' title="bbox 132 887 1101 928; baseline -0.004 -6"><span class='ocrx_word' id='word_1_99' title='bbox 132 895 237 922; x_wconf 91' lang='lat' dir='ltr'><strong>autem</strong></span> <span class='ocrx_word' id='word_1_100' title='bbox 268 889 330 919; x_wconf 90' lang='lat' dir='ltr'><strong>duo</strong></span> <span class='ocrx_word' id='word_1_101' title='bbox 353 888 408 919; x_wconf 88' lang='lat' dir='ltr'><strong>illa</strong></span> <span class='ocrx_word' id='word_1_102' title='bbox 438 888 592 926; x_wconf 83' lang='lat' dir='ltr'><strong>membra,</strong></span> <span class='ocrx_word' id='word_1_103' title='bbox 622 888 739 928; x_wconf 90' lang='lat' dir='ltr'><strong>quibus</strong></span> <span class='ocrx_word' id='word_1_104' title='bbox 762 887 958 928; x_wconf 88' lang='lat' dir='ltr'><strong>reipublicae</strong></span> <span class='ocrx_word' id='word_1_105' title='bbox 981 893 1101 919; x_wconf 88' lang='lat' dir='ltr'><strong>statum</strong></span> 
     </span>
    </p>
   </div>
   <div class='ocr_carea' id='block_1_3' title="bbox 131 928 1127 968">
    <p class='ocr_par' dir='ltr' id='par_1_4' title="bbox 131 928 1127 968">
     <span class='ocr_line' id='line_1_17' title="bbox 131 928 1127 968; baseline -0.001 -5"><span class='ocrx_word' id='word_1_106' title='bbox 131 931 289 964; x_wconf 78' lang='lat' dir='ltr'><strong>contineri</strong></span> <span class='ocrx_word' id='word_1_107' title='bbox 320 931 420 962; x_wconf 86' lang='lat' dir='ltr'><strong>tradit</strong></span> <span class='ocrx_word' id='word_1_108' title='bbox 451 930 561 968; x_wconf 82' lang='lat' dir='ltr'><strong>Plato,</strong></span> <span class='ocrx_word' id='word_1_109' title='bbox 596 931 756 962; x_wconf 89' lang='lat' dir='ltr'><strong>bonorum</strong></span> <span class='ocrx_word' id='word_1_110' title='bbox 785 930 940 962; x_wconf 87' lang='lat' dir='ltr'><strong>honorem</strong></span> <span class='ocrx_word' id='word_1_111' title='bbox 971 928 1127 968; x_wconf 70' lang='lat' dir='ltr'><strong>scilicetâ€š&#39;</strong></span> 
     </span>
    </p>
   </div>
   <div class='ocr_carea' id='block_1_4' title="bbox 129 973 1109 2689">
    <p class='ocr_par' dir='ltr' id='par_1_5' title="bbox 129 973 1109 2559">
     <span class='ocr_line' id='line_1_18' title="bbox 131 973 1103 1014; baseline -0.002 -8"><span class='ocrx_word' id='word_1_112' title='bbox 131 981 162 1007; x_wconf 92' lang='lat' dir='ltr'><strong>et</strong></span> <span class='ocrx_word' id='word_1_113' title='bbox 190 974 348 1005; x_wconf 91' lang='lat' dir='ltr'><strong>malorum</strong></span> <span class='ocrx_word' id='word_1_114' title='bbox 380 984 527 1014; x_wconf 87' lang='lat' dir='ltr'><strong>poenam.</strong></span> <span class='ocrx_word' id='word_1_115' title='bbox 583 973 666 1005; x_wconf 89' lang='lat' dir='ltr'><strong>Nam</strong></span> <span class='ocrx_word' id='word_1_116' title='bbox 696 973 876 1014; x_wconf 85' lang='lat' dir='ltr'><strong>antiquitus</strong></span> <span class='ocrx_word' id='word_1_117' title='bbox 908 984 974 1005; x_wconf 90' lang='lat' dir='ltr'><strong>non</strong></span> <span class='ocrx_word' id='word_1_118' title='bbox 1008 973 1103 1004; x_wconf 89' lang='lat' dir='ltr'><strong>modo</strong></span> 
     </span>
     <span class='ocr_line' id='line_1_19' title="bbox 129 1016 1099 1057; baseline -0.002 -8"><span class='ocrx_word' id='word_1_119' title='bbox 129 1017 325 1049; x_wconf 76' lang='lat' dir='ltr'><strong>constitutae</strong></span> <span class='ocrx_word' id='word_1_120' title='bbox 355 1021 447 1048; x_wconf 87' lang='lat' dir='ltr'><strong>erant</strong></span> <span class='ocrx_word' id='word_1_121' title='bbox 469 1027 590 1056; x_wconf 90' lang='lat' dir='ltr'><strong>poenae</strong></span> <span class='ocrx_word' id='word_1_122' title='bbox 614 1017 778 1057; x_wconf 78' lang='lat' dir='ltr'><strong>improbis,</strong></span> <span class='ocrx_word' id='word_1_123' title='bbox 808 1016 864 1048; x_wconf 89' lang='lat' dir='ltr'><strong>sed</strong></span> <span class='ocrx_word' id='word_1_124' title='bbox 888 1017 979 1048; x_wconf 88' lang='lat' dir='ltr'><strong>bonis</strong></span> <span class='ocrx_word' id='word_1_125' title='bbox 1003 1017 1099 1047; x_wconf 84' lang='lat' dir='ltr'><strong>etiam</strong></span> 
     </span>
     <span class='ocr_line' id='line_1_20' title="bbox 129 1059 1102 1101; baseline -0.001 -10"><span class='ocrx_word' id='word_1_126' title='bbox 129 1060 282 1101; x_wconf 89' lang='lat' dir='ltr'><strong>praemia.</strong></span> <span class='ocrx_word' id='word_1_127' title='bbox 333 1059 508 1091; x_wconf 82' lang='lat' dir='ltr'><strong>Caeterum</strong></span> <span class='ocrx_word' id='word_1_128' title='bbox 539 1061 688 1099; x_wconf 81' lang='lat' dir='ltr'><strong>quamvis</strong></span> <span class='ocrx_word' id='word_1_129' title='bbox 717 1069 812 1100; x_wconf 81' lang='lat' dir='ltr'><strong>saepe</strong></span> <span class='ocrx_word' id='word_1_130' title='bbox 840 1060 1006 1100; x_wconf 89' lang='lat' dir='ltr'><strong>contingat</strong></span> <span class='ocrx_word' id='word_1_131' title='bbox 1037 1068 1102 1090; x_wconf 91' lang='lat' dir='ltr'><strong>non</strong></span> 
     </span>
     <span class='ocr_line' id='line_1_21' title="bbox 130 1102 1103 1143; baseline -0.003 -8"><span class='ocrx_word' id='word_1_132' title='bbox 130 1109 216 1135; x_wconf 87' lang='lat' dir='ltr'><strong>recte</strong></span> <span class='ocrx_word' id='word_1_133' title='bbox 252 1102 400 1134; x_wconf 89' lang='lat' dir='ltr'><strong>distribui</strong></span> <span class='ocrx_word' id='word_1_134' title='bbox 428 1102 578 1139; x_wconf 85' lang='lat' dir='ltr'><strong>honores,</strong></span> <span class='ocrx_word' id='word_1_135' title='bbox 614 1113 673 1134; x_wconf 91' lang='lat' dir='ltr'><strong>nec</strong></span> <span class='ocrx_word' id='word_1_136' title='bbox 705 1102 837 1143; x_wconf 90' lang='lat' dir='ltr'><strong>rependi</strong></span> <span class='ocrx_word' id='word_1_137' title='bbox 867 1102 947 1134; x_wconf 90' lang='lat' dir='ltr'><strong>bene</strong></span> <span class='ocrx_word' id='word_1_138' title='bbox 978 1102 1103 1133; x_wconf 87' lang='lat' dir='ltr'><strong>meritis</strong></span> 
     </span>
     <span class='ocr_line' id='line_1_22' title="bbox 130 1145 1104 1186; baseline -0.002 -9"><span class='ocrx_word' id='word_1_139' title='bbox 130 1146 289 1186; x_wconf 85' lang='lat' dir='ltr'><strong>praemia:</strong></span> <span class='ocrx_word' id='word_1_140' title='bbox 328 1145 381 1177; x_wconf 89' lang='lat' dir='ltr'><strong>hic</strong></span> <span class='ocrx_word' id='word_1_141' title='bbox 415 1151 523 1176; x_wconf 87' lang='lat' dir='ltr'><strong>tamen</strong></span> <span class='ocrx_word' id='word_1_142' title='bbox 559 1155 623 1176; x_wconf 92' lang='lat' dir='ltr'><strong>non</strong></span> <span class='ocrx_word' id='word_1_143' title='bbox 659 1145 874 1185; x_wconf 90' lang='lat' dir='ltr'><strong>poenitendus</strong></span> <span class='ocrx_word' id='word_1_144' title='bbox 908 1149 958 1176; x_wconf 87' lang='lat' dir='ltr'><strong>est</strong></span> <span class='ocrx_word' id='word_1_145' title='bbox 992 1145 1104 1183; x_wconf 91' lang='lat' dir='ltr'><strong>honor,</strong></span> 
     </span>
     <span class='ocr_line' id='line_1_23' title="bbox 130 1187 1104 1230; baseline -0.003 -9"><span class='ocrx_word' id='word_1_146' title='bbox 130 1188 214 1230; x_wconf 92' lang='lat' dir='ltr'><strong>quod</strong></span> <span class='ocrx_word' id='word_1_147' title='bbox 245 1188 320 1220; x_wconf 92' lang='lat' dir='ltr'><strong>boni</strong></span> <span class='ocrx_word' id='word_1_148' title='bbox 349 1188 463 1219; x_wconf 89' lang='lat' dir='ltr'><strong>saltem</strong></span> <span class='ocrx_word' id='word_1_149' title='bbox 493 1187 552 1219; x_wconf 93' lang='lat' dir='ltr'><strong>sub</strong></span> <span class='ocrx_word' id='word_1_150' title='bbox 585 1188 647 1219; x_wconf 90' lang='lat' dir='ltr'><strong>fide</strong></span> <span class='ocrx_word' id='word_1_151' title='bbox 673 1193 706 1219; x_wconf 91' lang='lat' dir='ltr'><strong>et</strong></span> <span class='ocrx_word' id='word_1_152' title='bbox 729 1188 831 1220; x_wconf 90' lang='lat' dir='ltr'><strong>tutela</strong></span> <span class='ocrx_word' id='word_1_153' title='bbox 854 1188 1104 1229; x_wconf 84' lang='lat' dir='ltr'><strong>magistratuum</strong></span> 
     </span>
     <span class='ocr_line' id='line_1_24' title="bbox 131 1230 1104 1271; baseline -0.001 -9"><span class='ocrx_word' id='word_1_154' title='bbox 131 1232 256 1269; x_wconf 88' lang='lat' dir='ltr'><strong>vivunt,</strong></span> <span class='ocrx_word' id='word_1_155' title='bbox 273 1230 357 1271; x_wconf 91' lang='lat' dir='ltr'><strong>quod</strong></span> <span class='ocrx_word' id='word_1_156' title='bbox 374 1241 439 1261; x_wconf 90' lang='lat' dir='ltr'><strong>non</strong></span> <span class='ocrx_word' id='word_1_157' title='bbox 457 1231 595 1271; x_wconf 84' lang='lat' dir='ltr'><strong>expositi</strong></span> <span class='ocrx_word' id='word_1_158' title='bbox 608 1234 684 1262; x_wconf 90' lang='lat' dir='ltr'><strong>sunt</strong></span> <span class='ocrx_word' id='word_1_159' title='bbox 696 1231 916 1271; x_wconf 90' lang='lat' dir='ltr'><strong>improborum</strong></span> <span class='ocrx_word' id='word_1_160' title='bbox 932 1231 1104 1262; x_wconf 90' lang='lat' dir='ltr'><strong>violentiae</strong></span> 
     </span>
     <span class='ocr_line' id='line_1_25' title="bbox 131 1273 1104 1315; baseline -0.002 -9"><span class='ocrx_word' id='word_1_161' title='bbox 131 1282 162 1306; x_wconf 89' lang='lat' dir='ltr'><strong>et</strong></span> <span class='ocrx_word' id='word_1_162' title='bbox 182 1274 321 1314; x_wconf 89' lang='lat' dir='ltr'><strong>iniuriis,</strong></span> <span class='ocrx_word' id='word_1_163' title='bbox 345 1274 431 1314; x_wconf 87' lang='lat' dir='ltr'><strong>quod</strong></span> <span class='ocrx_word' id='word_1_164' title='bbox 454 1274 540 1305; x_wconf 91' lang='lat' dir='ltr'><strong>inter</strong></span> <span class='ocrx_word' id='word_1_165' title='bbox 564 1273 650 1315; x_wconf 88' lang='lat' dir='ltr'><strong>leges</strong></span> <span class='ocrx_word' id='word_1_166' title='bbox 667 1280 698 1306; x_wconf 91' lang='lat' dir='ltr'><strong>et</strong></span> <span class='ocrx_word' id='word_1_167' title='bbox 713 1274 830 1306; x_wconf 90' lang='lat' dir='ltr'><strong>iudicia</strong></span> <span class='ocrx_word' id='word_1_168' title='bbox 846 1274 948 1305; x_wconf 90' lang='lat' dir='ltr'><strong>multo</strong></span> <span class='ocrx_word' id='word_1_169' title='bbox 964 1274 1104 1314; x_wconf 85' lang='lat' dir='ltr'><strong>quietius</strong></span> 
     </span>
     <span class='ocr_line' id='line_1_26' title="bbox 131 1316 1102 1356; baseline 0 -8"><span class='ocrx_word' id='word_1_170' title='bbox 131 1318 261 1355; x_wconf 86' lang='lat' dir='ltr'><strong>vivunt,</strong></span> <span class='ocrx_word' id='word_1_171' title='bbox 303 1326 459 1356; x_wconf 88' lang='lat' dir='ltr'><strong>suamque</strong></span> <span class='ocrx_word' id='word_1_172' title='bbox 493 1317 765 1348; x_wconf 78' lang='lat' dir='ltr'><strong>existimationem</strong></span> <span class='ocrx_word' id='word_1_173' title='bbox 803 1317 946 1348; x_wconf 85' lang='lat' dir='ltr'><strong>retinent</strong></span> <span class='ocrx_word' id='word_1_174' title='bbox 978 1316 1102 1354; x_wconf 82' lang='lat' dir='ltr'><strong>melius,</strong></span> 
     </span>
     <span class='ocr_line' id='line_1_27' title="bbox 131 1359 1103 1400; baseline -0.001 -9"><span class='ocrx_word' id='word_1_175' title='bbox 131 1370 227 1400; x_wconf 88' lang='lat' dir='ltr'><strong>quam</strong></span> <span class='ocrx_word' id='word_1_176' title='bbox 251 1360 278 1391; x_wconf 89' lang='lat' dir='ltr'><strong>si</strong></span> <span class='ocrx_word' id='word_1_177' title='bbox 301 1360 423 1400; x_wconf 86' lang='lat' dir='ltr'><strong>singuli</strong></span> <span class='ocrx_word' id='word_1_178' title='bbox 451 1359 542 1391; x_wconf 90' lang='lat' dir='ltr'><strong>nullo</strong></span> <span class='ocrx_word' id='word_1_179' title='bbox 565 1360 676 1391; x_wconf 81' lang='lat' dir='ltr'><strong>fraeno</strong></span> <span class='ocrx_word' id='word_1_180' title='bbox 699 1359 831 1392; x_wconf 90' lang='lat' dir='ltr'><strong>cohibiti</strong></span> <span class='ocrx_word' id='word_1_181' title='bbox 861 1359 900 1391; x_wconf 89' lang='lat' dir='ltr'><strong>ad</strong></span> <span class='ocrx_word' id='word_1_182' title='bbox 934 1370 1030 1391; x_wconf 92' lang='lat' dir='ltr'><strong>suum</strong></span> <span class='ocrx_word' id='word_1_183' title='bbox 1055 1370 1103 1390; x_wconf 90' lang='lat' dir='ltr'><strong>ar-</strong></span> 
     </span>
     <span class='ocr_line' id='line_1_28' title="bbox 130 1401 1104 1444; baseline 0 -10"><span class='ocrx_word' id='word_1_184' title='bbox 130 1402 262 1434; x_wconf 87' lang='lat' dir='ltr'><strong>bitrium</strong></span> <span class='ocrx_word' id='word_1_185' title='bbox 291 1402 450 1435; x_wconf 85' lang='lat' dir='ltr'><strong>viverent.</strong></span> <span class='ocrx_word' id='word_1_186' title='bbox 502 1401 541 1433; x_wconf 92' lang='lat' dir='ltr'><strong>In</strong></span> <span class='ocrx_word' id='word_1_187' title='bbox 572 1413 716 1443; x_wconf 88' lang='lat' dir='ltr'><strong>summa,</strong></span> <span class='ocrx_word' id='word_1_188' title='bbox 746 1402 825 1435; x_wconf 87' lang='lat' dir='ltr'><strong>haec</strong></span> <span class='ocrx_word' id='word_1_189' title='bbox 850 1403 1025 1444; x_wconf 86' lang='lat' dir='ltr'><strong>singularis</strong></span> <span class='ocrx_word' id='word_1_190' title='bbox 1056 1408 1104 1434; x_wconf 89' lang='lat' dir='ltr'><strong>est</strong></span> 
     </span>
     <span class='ocr_line' id='line_1_29' title="bbox 131 1445 1104 1486; baseline 0.001 -10"><span class='ocrx_word' id='word_1_191' title='bbox 131 1445 193 1476; x_wconf 92' lang='lat' dir='ltr'><strong>Dei</strong></span> <span class='ocrx_word' id='word_1_192' title='bbox 224 1445 420 1483; x_wconf 86' lang='lat' dir='ltr'><strong>benedictio,</strong></span> <span class='ocrx_word' id='word_1_193' title='bbox 451 1445 535 1486; x_wconf 92' lang='lat' dir='ltr'><strong>quod</strong></span> <span class='ocrx_word' id='word_1_194' title='bbox 567 1446 722 1486; x_wconf 88' lang='lat' dir='ltr'><strong>improbis</strong></span> <span class='ocrx_word' id='word_1_195' title='bbox 752 1457 817 1477; x_wconf 90' lang='lat' dir='ltr'><strong>non</strong></span> <span class='ocrx_word' id='word_1_196' title='bbox 847 1445 922 1477; x_wconf 90' lang='lat' dir='ltr'><strong>licet</strong></span> <span class='ocrx_word' id='word_1_197' title='bbox 949 1445 1104 1486; x_wconf 89' lang='lat' dir='ltr'><strong>quidquid</strong></span> 
     </span>
     <span class='ocr_line' id='line_1_30' title="bbox 131 1487 1105 1530; baseline 0.001 -11"><span class='ocrx_word' id='word_1_198' title='bbox 131 1488 218 1520; x_wconf 89' lang='lat' dir='ltr'><strong>libet.</strong></span> <span class='ocrx_word' id='word_1_199' title='bbox 263 1487 370 1521; x_wconf 92' lang='lat' dir='ltr'><strong>Obiici</strong></span> <span class='ocrx_word' id='word_1_200' title='bbox 401 1491 511 1520; x_wconf 84' lang='lat' dir='ltr'><strong>tamen</strong></span> <span class='ocrx_word' id='word_1_201' title='bbox 541 1488 594 1520; x_wconf 86' lang='lat' dir='ltr'><strong>hie</strong></span> <span class='ocrx_word' id='word_1_202' title='bbox 623 1494 742 1529; x_wconf 91' lang='lat' dir='ltr'><strong>posset,</strong></span> <span class='ocrx_word' id='word_1_203' title='bbox 773 1499 865 1530; x_wconf 86' lang='lat' dir='ltr'><strong>reges</strong></span> <span class='ocrx_word' id='word_1_204' title='bbox 888 1493 920 1520; x_wconf 87' lang='lat' dir='ltr'><strong>et</strong></span> <span class='ocrx_word' id='word_1_205' title='bbox 938 1490 1017 1521; x_wconf 88' lang='lat' dir='ltr'><strong>alios</strong></span> <span class='ocrx_word' id='word_1_206' title='bbox 1041 1499 1105 1520; x_wconf 88' lang='lat' dir='ltr'><strong>ma-</strong></span> 
     </span>
     <span class='ocr_line' id='line_1_31' title="bbox 132 1531 1105 1574; baseline 0.002 -12"><span class='ocrx_word' id='word_1_207' title='bbox 132 1531 291 1573; x_wconf 87' lang='lat' dir='ltr'><strong>gistratus</strong></span> <span class='ocrx_word' id='word_1_208' title='bbox 324 1541 419 1572; x_wconf 89' lang='lat' dir='ltr'><strong>saepe</strong></span> <span class='ocrx_word' id='word_1_209' title='bbox 451 1541 511 1563; x_wconf 92' lang='lat' dir='ltr'><strong>sua</strong></span> <span class='ocrx_word' id='word_1_210' title='bbox 546 1532 691 1572; x_wconf 91' lang='lat' dir='ltr'><strong>potentia</strong></span> <span class='ocrx_word' id='word_1_211' title='bbox 724 1532 831 1573; x_wconf 89' lang='lat' dir='ltr'><strong>abuti,</strong></span> <span class='ocrx_word' id='word_1_212' title='bbox 868 1537 901 1563; x_wconf 88' lang='lat' dir='ltr'><strong>et</strong></span> <span class='ocrx_word' id='word_1_213' title='bbox 934 1531 1105 1574; x_wconf 80' lang='lat' dir='ltr'><strong>tyrannica</strong></span> 
     </span>
     <span class='ocr_line' id='line_1_32' title="bbox 132 1574 1106 1616; baseline 0.001 -11"><span class='ocrx_word' id='word_1_214' title='bbox 132 1574 269 1606; x_wconf 85' lang='lat' dir='ltr'><strong>saevitia</strong></span> <span class='ocrx_word' id='word_1_215' title='bbox 299 1575 438 1615; x_wconf 86' lang='lat' dir='ltr'><strong>grassari</strong></span> <span class='ocrx_word' id='word_1_216' title='bbox 469 1576 573 1616; x_wconf 89' lang='lat' dir='ltr'><strong>magis</strong></span> <span class='ocrx_word' id='word_1_217' title='bbox 602 1585 698 1615; x_wconf 90' lang='lat' dir='ltr'><strong>quam</strong></span> <span class='ocrx_word' id='word_1_218' title='bbox 726 1575 908 1615; x_wconf 90' lang='lat' dir='ltr'><strong>legitimum</strong></span> <span class='ocrx_word' id='word_1_219' title='bbox 931 1575 1106 1616; x_wconf 88' lang='lat' dir='ltr'><strong>imperium</strong></span> 
     </span>
     <span class='ocr_line' id='line_1_33' title="bbox 132 1617 1105 1659; baseline -0.001 -11"><span class='ocrx_word' id='word_1_220' title='bbox 132 1627 294 1649; x_wconf 82' lang='lat' dir='ltr'><strong>exercere.</strong></span> <span class='ocrx_word' id='word_1_221' title='bbox 326 1617 422 1649; x_wconf 77' lang='lat' dir='ltr'><strong>&#39;Pales</strong></span> <span class='ocrx_word' id='word_1_222' title='bbox 437 1618 503 1649; x_wconf 86' lang='lat' dir='ltr'><strong>fere</strong></span> <span class='ocrx_word' id='word_1_223' title='bbox 519 1622 613 1649; x_wconf 90' lang='lat' dir='ltr'><strong>erant</strong></span> <span class='ocrx_word' id='word_1_224' title='bbox 629 1618 850 1659; x_wconf 85' lang='lat' dir='ltr'><strong>magistratus,</strong></span> <span class='ocrx_word' id='word_1_225' title='bbox 869 1629 968 1659; x_wconf 88' lang='lat' dir='ltr'><strong>quum</strong></span> <span class='ocrx_word' id='word_1_226' title='bbox 985 1618 1105 1658; x_wconf 88' lang='lat' dir='ltr'><strong>scripta</strong></span> 
     </span>
     <span class='ocr_line' id='line_1_34' title="bbox 133 1659 1105 1702; baseline 0 -11"><span class='ocrx_word' id='word_1_227' title='bbox 133 1661 193 1691; x_wconf 80' lang='lat' dir='ltr'><strong>suit</strong></span> <span class='ocrx_word' id='word_1_228' title='bbox 216 1659 297 1692; x_wconf 88' lang='lat' dir='ltr'><strong>haec</strong></span> <span class='ocrx_word' id='word_1_229' title='bbox 319 1660 465 1701; x_wconf 87' lang='lat' dir='ltr'><strong>epistola.</strong></span> <span class='ocrx_word' id='word_1_230' title='bbox 510 1660 716 1701; x_wconf 86' lang='lat' dir='ltr'><strong>Respondeo,</strong></span> <span class='ocrx_word' id='word_1_231' title='bbox 748 1666 906 1702; x_wconf 89' lang='lat' dir='ltr'><strong>tyrannos</strong></span> <span class='ocrx_word' id='word_1_232' title='bbox 929 1666 961 1692; x_wconf 89' lang='lat' dir='ltr'><strong>et</strong></span> <span class='ocrx_word' id='word_1_233' title='bbox 983 1661 1105 1693; x_wconf 86' lang='lat' dir='ltr'><strong>similes</strong></span> 
     </span>
     <span class='ocr_line' id='line_1_35' title="bbox 133 1703 1107 1745; baseline 0.001 -11"><span class='ocrx_word' id='word_1_234' title='bbox 133 1713 199 1735; x_wconf 88' lang='lat' dir='ltr'><strong>non</strong></span> <span class='ocrx_word' id='word_1_235' title='bbox 226 1703 330 1735; x_wconf 77' lang='lat' dir='ltr'><strong>facere</strong></span> <span class='ocrx_word' id='word_1_236' title='bbox 361 1713 420 1734; x_wconf 89' lang='lat' dir='ltr'><strong>suo</strong></span> <span class='ocrx_word' id='word_1_237' title='bbox 450 1703 554 1735; x_wconf 89' lang='lat' dir='ltr'><strong>abusu</strong></span> <span class='ocrx_word' id='word_1_238' title='bbox 586 1704 665 1744; x_wconf 90' lang='lat' dir='ltr'><strong>quin</strong></span> <span class='ocrx_word' id='word_1_239' title='bbox 694 1710 822 1736; x_wconf 90' lang='lat' dir='ltr'><strong>maneat</strong></span> <span class='ocrx_word' id='word_1_240' title='bbox 857 1714 984 1745; x_wconf 85' lang='lat' dir='ltr'><strong>semper</strong></span> <span class='ocrx_word' id='word_1_241' title='bbox 1012 1705 1107 1735; x_wconf 89' lang='lat' dir='ltr'><strong>firma</strong></span> 
     </span>
     <span class='ocr_line' id='line_1_36' title="bbox 133 1745 1105 1787; baseline 0.002 -11"><span class='ocrx_word' id='word_1_242' title='bbox 133 1745 198 1778; x_wconf 92' lang='lat' dir='ltr'><strong>Dei</strong></span> <span class='ocrx_word' id='word_1_243' title='bbox 230 1746 404 1777; x_wconf 90' lang='lat' dir='ltr'><strong>ordinatio:</strong></span> <span class='ocrx_word' id='word_1_244' title='bbox 439 1746 707 1787; x_wconf 84' lang='lat' dir='ltr'><strong>quemadmodum</strong></span> <span class='ocrx_word' id='word_1_245' title='bbox 743 1757 808 1779; x_wconf 89' lang='lat' dir='ltr'><strong>non</strong></span> <span class='ocrx_word' id='word_1_246' title='bbox 843 1748 1003 1778; x_wconf 85' lang='lat' dir='ltr'><strong>evertitur</strong></span> <span class='ocrx_word' id='word_1_247' title='bbox 1032 1757 1105 1787; x_wconf 89' lang='lat' dir='ltr'><strong>per-</strong></span> 
     </span>
     <span class='ocr_line' id='line_1_37' title="bbox 134 1789 1106 1830; baseline 0 -10"><span class='ocrx_word' id='word_1_248' title='bbox 134 1793 231 1829; x_wconf 91' lang='lat' dir='ltr'><strong>petua</strong></span> <span class='ocrx_word' id='word_1_249' title='bbox 253 1789 395 1830; x_wconf 86' lang='lat' dir='ltr'><strong>coniugii</strong></span> <span class='ocrx_word' id='word_1_250' title='bbox 417 1790 588 1827; x_wconf 87' lang='lat' dir='ltr'><strong>institutio,</strong></span> <span class='ocrx_word' id='word_1_251' title='bbox 620 1790 648 1821; x_wconf 90' lang='lat' dir='ltr'><strong>si</strong></span> <span class='ocrx_word' id='word_1_252' title='bbox 671 1800 754 1821; x_wconf 82' lang='lat' dir='ltr'><strong>uxor</strong></span> <span class='ocrx_word' id='word_1_253' title='bbox 777 1790 828 1821; x_wconf 91' lang='lat' dir='ltr'><strong>vel</strong></span> <span class='ocrx_word' id='word_1_254' title='bbox 851 1791 989 1822; x_wconf 89' lang='lat' dir='ltr'><strong>maritus</strong></span> <span class='ocrx_word' id='word_1_255' title='bbox 1012 1790 1106 1821; x_wconf 89' lang='lat' dir='ltr'><strong>aliter</strong></span> 
     </span>
     <span class='ocr_line' id='line_1_38' title="bbox 134 1832 1104 1873; baseline 0.001 -10"><span class='ocrx_word' id='word_1_256' title='bbox 134 1842 168 1862; x_wconf 84' lang='lat' dir='ltr'><strong>se</strong></span> <span class='ocrx_word' id='word_1_257' title='bbox 191 1836 284 1872; x_wconf 84' lang='lat' dir='ltr'><strong>gerat</strong></span> <span class='ocrx_word' id='word_1_258' title='bbox 306 1842 402 1872; x_wconf 92' lang='lat' dir='ltr'><strong>quam</strong></span> <span class='ocrx_word' id='word_1_259' title='bbox 426 1832 526 1864; x_wconf 90' lang='lat' dir='ltr'><strong>decet.</strong></span> <span class='ocrx_word' id='word_1_260' title='bbox 572 1832 661 1873; x_wconf 88' lang='lat' dir='ltr'><strong>Ergo</strong></span> <span class='ocrx_word' id='word_1_261' title='bbox 689 1838 852 1873; x_wconf 88' lang='lat' dir='ltr'><strong>utcunque</strong></span> <span class='ocrx_word' id='word_1_262' title='bbox 875 1834 1027 1865; x_wconf 90' lang='lat' dir='ltr'><strong>aberrent</strong></span> <span class='ocrx_word' id='word_1_263' title='bbox 1050 1833 1104 1864; x_wconf 90' lang='lat' dir='ltr'><strong>ho-</strong></span> 
     </span>
     <span class='ocr_line' id='line_1_39' title="bbox 134 1875 1106 1912; baseline 0.002 -7"><span class='ocrx_word' id='word_1_264' title='bbox 134 1875 247 1912; x_wconf 88' lang='lat' dir='ltr'><strong>mines,</strong></span> <span class='ocrx_word' id='word_1_265' title='bbox 277 1885 341 1906; x_wconf 91' lang='lat' dir='ltr'><strong>non</strong></span> <span class='ocrx_word' id='word_1_266' title='bbox 370 1880 478 1907; x_wconf 90' lang='lat' dir='ltr'><strong>tamen</strong></span> <span class='ocrx_word' id='word_1_267' title='bbox 509 1885 567 1907; x_wconf 91' lang='lat' dir='ltr'><strong>suo</strong></span> <span class='ocrx_word' id='word_1_268' title='bbox 599 1875 668 1907; x_wconf 90' lang='lat' dir='ltr'><strong>loco</strong></span> <span class='ocrx_word' id='word_1_269' title='bbox 698 1881 848 1908; x_wconf 85' lang='lat' dir='ltr'><strong>movetur</strong></span> <span class='ocrx_word' id='word_1_270' title='bbox 876 1877 963 1908; x_wconf 84' lang='lat' dir='ltr'><strong>fixus</strong></span> <span class='ocrx_word' id='word_1_271' title='bbox 993 1887 1012 1907; x_wconf 94' lang='lat' dir='ltr'><strong>a</strong></span> <span class='ocrx_word' id='word_1_272' title='bbox 1034 1875 1106 1907; x_wconf 91' lang='lat' dir='ltr'><strong>Deo</strong></span> 
     </span>
     <span class='ocr_line' id='line_1_40' title="bbox 134 1917 1104 1960; baseline 0.002 -12"><span class='ocrx_word' id='word_1_273' title='bbox 134 1928 257 1957; x_wconf 85' lang='lat' dir='ltr'><strong>scopus.</strong></span> <span class='ocrx_word' id='word_1_274' title='bbox 302 1917 339 1949; x_wconf 83' lang='lat' dir='ltr'><strong>Si</strong></span> <span class='ocrx_word' id='word_1_275' title='bbox 369 1919 440 1959; x_wconf 89' lang='lat' dir='ltr'><strong>quis</strong></span> <span class='ocrx_word' id='word_1_276' title='bbox 472 1918 588 1950; x_wconf 89' lang='lat' dir='ltr'><strong>iterum</strong></span> <span class='ocrx_word' id='word_1_277' title='bbox 617 1919 766 1960; x_wconf 82' lang='lat' dir='ltr'><strong>excipiat,</strong></span> <span class='ocrx_word' id='word_1_278' title='bbox 795 1930 862 1950; x_wconf 88' lang='lat' dir='ltr'><strong>non</strong></span> <span class='ocrx_word' id='word_1_279' title='bbox 890 1918 1104 1951; x_wconf 90' lang='lat' dir='ltr'><strong>obediendum</strong></span> 
     </span>
     <span class='ocr_line' id='line_1_41' title="bbox 135 1960 1104 2002; baseline 0.001 -11"><span class='ocrx_word' id='word_1_280' title='bbox 135 1970 206 1992; x_wconf 86' lang='lat' dir='ltr'><strong>esse</strong></span> <span class='ocrx_word' id='word_1_281' title='bbox 229 1960 426 2002; x_wconf 89' lang='lat' dir='ltr'><strong>principibus</strong></span> <span class='ocrx_word' id='word_1_282' title='bbox 449 1962 503 2002; x_wconf 88' lang='lat' dir='ltr'><strong>qui</strong></span> <span class='ocrx_word' id='word_1_283' title='bbox 526 1971 653 1994; x_wconf 90' lang='lat' dir='ltr'><strong>sacrum</strong></span> <span class='ocrx_word' id='word_1_284' title='bbox 677 1962 741 1993; x_wconf 93' lang='lat' dir='ltr'><strong>Dei</strong></span> <span class='ocrx_word' id='word_1_285' title='bbox 765 1963 922 2000; x_wconf 82' lang='lat' dir='ltr'><strong>ordinem,</strong></span> <span class='ocrx_word' id='word_1_286' title='bbox 947 1967 1104 2002; x_wconf 90' lang='lat' dir='ltr'><strong>quantum</strong></span> 
     </span>
     <span class='ocr_line' id='line_1_42' title="bbox 135 2004 1106 2045; baseline 0.002 -11"><span class='ocrx_word' id='word_1_287' title='bbox 135 2004 168 2034; x_wconf 89' lang='lat' dir='ltr'><strong>in</strong></span> <span class='ocrx_word' id='word_1_288' title='bbox 191 2013 226 2035; x_wconf 87' lang='lat' dir='ltr'><strong>se</strong></span> <span class='ocrx_word' id='word_1_289' title='bbox 241 2009 300 2044; x_wconf 87' lang='lat' dir='ltr'><strong>est,</strong></span> <span class='ocrx_word' id='word_1_290' title='bbox 320 2009 519 2044; x_wconf 86' lang='lat' dir='ltr'><strong>pervertunt,</strong></span> <span class='ocrx_word' id='word_1_291' title='bbox 543 2004 686 2045; x_wconf 86' lang='lat' dir='ltr'><strong>adeoque</strong></span> <span class='ocrx_word' id='word_1_292' title='bbox 701 2005 861 2037; x_wconf 87' lang='lat' dir='ltr'><strong>immanes</strong></span> <span class='ocrx_word' id='word_1_293' title='bbox 877 2010 954 2037; x_wconf 89' lang='lat' dir='ltr'><strong>sunt</strong></span> <span class='ocrx_word' id='word_1_294' title='bbox 970 2004 1106 2043; x_wconf 87' lang='lat' dir='ltr'><strong>bellnae,</strong></span> 
     </span>
     <span class='ocr_line' id='line_1_43' title="bbox 135 2047 1105 2088; baseline 0.001 -11"><span class='ocrx_word' id='word_1_295' title='bbox 135 2056 233 2086; x_wconf 92' lang='lat' dir='ltr'><strong>quum</strong></span> <span class='ocrx_word' id='word_1_296' title='bbox 264 2047 474 2087; x_wconf 81' lang='lat' dir='ltr'><strong>magistratus</strong></span> <span class='ocrx_word' id='word_1_297' title='bbox 502 2047 678 2088; x_wconf 88' lang='lat' dir='ltr'><strong>imaginem</strong></span> <span class='ocrx_word' id='word_1_298' title='bbox 709 2048 771 2080; x_wconf 92' lang='lat' dir='ltr'><strong>Dei</strong></span> <span class='ocrx_word' id='word_1_299' title='bbox 805 2049 927 2080; x_wconf 85' lang='lat' dir='ltr'><strong>referre</strong></span> <span class='ocrx_word' id='word_1_300' title='bbox 957 2048 1105 2079; x_wconf 90' lang='lat' dir='ltr'><strong>debeant.</strong></span> 
     </span>
     <span class='ocr_line' id='line_1_44' title="bbox 135 2089 1106 2129; baseline 0.002 -9"><span class='ocrx_word' id='word_1_301' title='bbox 135 2089 347 2129; x_wconf 88' lang='lat' dir='ltr'><strong>Respondeo,</strong></span> <span class='ocrx_word' id='word_1_302' title='bbox 380 2090 463 2122; x_wconf 88' lang='lat' dir='ltr'><strong>tanti</strong></span> <span class='ocrx_word' id='word_1_303' title='bbox 493 2090 609 2121; x_wconf 90' lang='lat' dir='ltr'><strong>debere</strong></span> <span class='ocrx_word' id='word_1_304' title='bbox 637 2091 706 2122; x_wconf 91' lang='lat' dir='ltr'><strong>fieri</strong></span> <span class='ocrx_word' id='word_1_305' title='bbox 737 2101 756 2122; x_wconf 89' lang='lat' dir='ltr'><strong>a</strong></span> <span class='ocrx_word' id='word_1_306' title='bbox 786 2091 880 2122; x_wconf 91' lang='lat' dir='ltr'><strong>nobis</strong></span> <span class='ocrx_word' id='word_1_307' title='bbox 910 2090 1057 2122; x_wconf 88' lang='lat' dir='ltr'><strong>ordinem</strong></span> <span class='ocrx_word' id='word_1_308' title='bbox 1087 2101 1106 2122; x_wconf 87' lang='lat' dir='ltr'><strong>a</strong></span> 
     </span>
     <span class='ocr_line' id='line_1_45' title="bbox 135 2131 1106 2175; baseline 0.003 -13"><span class='ocrx_word' id='word_1_309' title='bbox 135 2131 207 2163; x_wconf 90' lang='lat' dir='ltr'><strong>Deo</strong></span> <span class='ocrx_word' id='word_1_310' title='bbox 230 2132 380 2172; x_wconf 89' lang='lat' dir='ltr'><strong>positum,</strong></span> <span class='ocrx_word' id='word_1_311' title='bbox 410 2138 446 2164; x_wconf 91' lang='lat' dir='ltr'><strong>ut</strong></span> <span class='ocrx_word' id='word_1_312' title='bbox 463 2133 613 2174; x_wconf 82' lang='lat' dir='ltr'><strong>tyrannis</strong></span> <span class='ocrx_word' id='word_1_313' title='bbox 640 2135 747 2172; x_wconf 90' lang='lat' dir='ltr'><strong>etiam,</strong></span> <span class='ocrx_word' id='word_1_314' title='bbox 772 2135 826 2175; x_wconf 91' lang='lat' dir='ltr'><strong>qui</strong></span> <span class='ocrx_word' id='word_1_315' title='bbox 854 2134 1029 2175; x_wconf 90' lang='lat' dir='ltr'><strong>imperium</strong></span> <span class='ocrx_word' id='word_1_316' title='bbox 1052 2134 1106 2165; x_wconf 90' lang='lat' dir='ltr'><strong>ob-</strong></span> 
     </span>
     <span class='ocr_line' id='line_1_46' title="bbox 138 2174 1107 2218; baseline 0.002 -12"><span class='ocrx_word' id='word_1_317' title='bbox 138 2176 254 2215; x_wconf 90' lang='lat' dir='ltr'><strong>tinent,</strong></span> <span class='ocrx_word' id='word_1_318' title='bbox 278 2175 381 2206; x_wconf 89' lang='lat' dir='ltr'><strong>honor</strong></span> <span class='ocrx_word' id='word_1_319' title='bbox 405 2174 571 2207; x_wconf 88' lang='lat' dir='ltr'><strong>habeatur.</strong></span> <span class='ocrx_word' id='word_1_320' title='bbox 608 2176 814 2218; x_wconf 79' lang='lat' dir='ltr'><strong>Quamquam</strong></span> <span class='ocrx_word' id='word_1_321' title='bbox 838 2177 901 2208; x_wconf 89' lang='lat' dir='ltr'><strong>alia</strong></span> <span class='ocrx_word' id='word_1_322' title='bbox 923 2182 972 2208; x_wconf 88' lang='lat' dir='ltr'><strong>est</strong></span> <span class='ocrx_word' id='word_1_323' title='bbox 990 2177 1107 2209; x_wconf 87' lang='lat' dir='ltr'><strong>clarior</strong></span> 
     </span>
     <span class='ocr_line' id='line_1_47' title="bbox 135 2217 1107 2261; baseline 0.003 -13"><span class='ocrx_word' id='word_1_324' title='bbox 135 2217 269 2255; x_wconf 86' lang='lat' dir='ltr'><strong>solutio,</strong></span> <span class='ocrx_word' id='word_1_325' title='bbox 303 2218 427 2249; x_wconf 92' lang='lat' dir='ltr'><strong>nnllam</strong></span> <span class='ocrx_word' id='word_1_326' title='bbox 461 2228 603 2258; x_wconf 87' lang='lat' dir='ltr'><strong>unquam</strong></span> <span class='ocrx_word' id='word_1_327' title='bbox 634 2220 732 2251; x_wconf 85' lang='lat' dir='ltr'><strong>fuisse</strong></span> <span class='ocrx_word' id='word_1_328' title='bbox 763 2220 813 2252; x_wconf 90' lang='lat' dir='ltr'><strong>vel</strong></span> <span class='ocrx_word' id='word_1_329' title='bbox 847 2230 941 2260; x_wconf 89' lang='lat' dir='ltr'><strong>posse</strong></span> <span class='ocrx_word' id='word_1_330' title='bbox 971 2220 1107 2261; x_wconf 84' lang='lat' dir='ltr'><strong>cogitari</strong></span> 
     </span>
     <span class='ocr_line' id='line_1_48' title="bbox 137 2260 1107 2303; baseline 0.002 -11"><span class='ocrx_word' id='word_1_331' title='bbox 137 2260 216 2292; x_wconf 89' lang='lat' dir='ltr'><strong>adeo</strong></span> <span class='ocrx_word' id='word_1_332' title='bbox 239 2271 367 2292; x_wconf 89' lang='lat' dir='ltr'><strong>saevam</strong></span> <span class='ocrx_word' id='word_1_333' title='bbox 399 2266 433 2292; x_wconf 91' lang='lat' dir='ltr'><strong>et</strong></span> <span class='ocrx_word' id='word_1_334' title='bbox 455 2261 628 2292; x_wconf 84' lang='lat' dir='ltr'><strong>effraenem</strong></span> <span class='ocrx_word' id='word_1_335' title='bbox 651 2263 872 2303; x_wconf 85' lang='lat' dir='ltr'><strong>tyrannidem,</strong></span> <span class='ocrx_word' id='word_1_336' title='bbox 898 2263 933 2294; x_wconf 90' lang='lat' dir='ltr'><strong>in</strong></span> <span class='ocrx_word' id='word_1_337' title='bbox 955 2273 1018 2303; x_wconf 90' lang='lat' dir='ltr'><strong>qua</strong></span> <span class='ocrx_word' id='word_1_338' title='bbox 1042 2273 1107 2294; x_wconf 92' lang='lat' dir='ltr'><strong>non</strong></span> 
     </span>
     <span class='ocr_line' id='line_1_49' title="bbox 137 2304 1107 2345; baseline 0.003 -11"><span class='ocrx_word' id='word_1_339' title='bbox 137 2308 292 2344; x_wconf 89' lang='lat' dir='ltr'><strong>appareat</strong></span> <span class='ocrx_word' id='word_1_340' title='bbox 311 2304 420 2344; x_wconf 88' lang='lat' dir='ltr'><strong>aliqua</strong></span> <span class='ocrx_word' id='word_1_341' title='bbox 443 2304 615 2344; x_wconf 79' lang='lat' dir='ltr'><strong>aequitatis</strong></span> <span class='ocrx_word' id='word_1_342' title='bbox 638 2306 770 2345; x_wconf 89' lang='lat' dir='ltr'><strong>species.</strong></span> <span class='ocrx_word' id='word_1_343' title='bbox 804 2305 895 2337; x_wconf 93' lang='lat' dir='ltr'><strong>Deus</strong></span> <span class='ocrx_word' id='word_1_344' title='bbox 918 2306 1005 2337; x_wconf 92' lang='lat' dir='ltr'><strong>enim</strong></span> <span class='ocrx_word' id='word_1_345' title='bbox 1025 2316 1107 2337; x_wconf 92' lang='lat' dir='ltr'><strong>nun-</strong></span> 
     </span>
     <span class='ocr_line' id='line_1_50' title="bbox 138 2346 1106 2387; baseline 0.002 -9"><span class='ocrx_word' id='word_1_346' title='bbox 138 2356 236 2386; x_wconf 89' lang='lat' dir='ltr'><strong>quam</strong></span> <span class='ocrx_word' id='word_1_347' title='bbox 266 2346 437 2378; x_wconf 87' lang='lat' dir='ltr'><strong>hominum</strong></span> <span class='ocrx_word' id='word_1_348' title='bbox 466 2346 673 2387; x_wconf 89' lang='lat' dir='ltr'><strong>improbitate</strong></span> <span class='ocrx_word' id='word_1_349' title='bbox 693 2348 839 2380; x_wconf 87' lang='lat' dir='ltr'><strong>ordinem</strong></span> <span class='ocrx_word' id='word_1_350' title='bbox 862 2349 961 2380; x_wconf 87' lang='lat' dir='ltr'><strong>istum</strong></span> <span class='ocrx_word' id='word_1_351' title='bbox 985 2349 1030 2381; x_wconf 89' lang='lat' dir='ltr'><strong>sic</strong></span> <span class='ocrx_word' id='word_1_352' title='bbox 1053 2359 1106 2380; x_wconf 86' lang='lat' dir='ltr'><strong>ex-</strong></span> 
     </span>
     <span class='ocr_line' id='line_1_51' title="bbox 139 2389 1109 2432; baseline 0.003 -12"><span class='ocrx_word' id='word_1_353' title='bbox 139 2389 242 2430; x_wconf 84' lang='lat' dir='ltr'><strong>tingui</strong></span> <span class='ocrx_word' id='word_1_354' title='bbox 277 2391 413 2430; x_wconf 86' lang='lat' dir='ltr'><strong>patitur,</strong></span> <span class='ocrx_word' id='word_1_355' title='bbox 450 2390 528 2430; x_wconf 92' lang='lat' dir='ltr'><strong>quin</strong></span> <span class='ocrx_word' id='word_1_356' title='bbox 562 2389 756 2423; x_wconf 85' lang='lat' dir='ltr'><strong>lineamenta</strong></span> <span class='ocrx_word' id='word_1_357' title='bbox 789 2391 948 2432; x_wconf 89' lang='lat' dir='ltr'><strong>quaedam</strong></span> <span class='ocrx_word' id='word_1_358' title='bbox 980 2402 1109 2432; x_wconf 87' lang='lat' dir='ltr'><strong>semper</strong></span> 
     </span>
     <span class='ocr_line' id='line_1_52' title="bbox 139 2432 1109 2475; baseline 0.003 -12"><span class='ocrx_word' id='word_1_359' title='bbox 139 2437 333 2472; x_wconf 87' lang='lat' dir='ltr'><strong>appareant:</strong></span> <span class='ocrx_word' id='word_1_360' title='bbox 357 2432 472 2464; x_wconf 90' lang='lat' dir='ltr'><strong>deinde</strong></span> <span class='ocrx_word' id='word_1_361' title='bbox 494 2443 598 2474; x_wconf 89' lang='lat' dir='ltr'><strong>genus</strong></span> <span class='ocrx_word' id='word_1_362' title='bbox 617 2433 784 2474; x_wconf 87' lang='lat' dir='ltr'><strong>regiminis</strong></span> <span class='ocrx_word' id='word_1_363' title='bbox 799 2434 947 2475; x_wconf 90' lang='lat' dir='ltr'><strong>quamvis</strong></span> <span class='ocrx_word' id='word_1_364' title='bbox 964 2433 1109 2466; x_wconf 82' lang='lat' dir='ltr'><strong>deforme</strong></span> 
     </span>
     <span class='ocr_line' id='line_1_53' title="bbox 140 2475 1108 2518; baseline 0.002 -12"><span class='ocrx_word' id='word_1_365' title='bbox 140 2480 172 2505; x_wconf 93' lang='lat' dir='ltr'><strong>et</strong></span> <span class='ocrx_word' id='word_1_366' title='bbox 204 2480 403 2516; x_wconf 88' lang='lat' dir='ltr'><strong>corruptum,</strong></span> <span class='ocrx_word' id='word_1_367' title='bbox 440 2475 556 2507; x_wconf 88' lang='lat' dir='ltr'><strong>melius</strong></span> <span class='ocrx_word' id='word_1_368' title='bbox 586 2479 696 2507; x_wconf 89' lang='lat' dir='ltr'><strong>tamen</strong></span> <span class='ocrx_word' id='word_1_369' title='bbox 725 2477 767 2508; x_wconf 89' lang='lat' dir='ltr'><strong>sit</strong></span> <span class='ocrx_word' id='word_1_370' title='bbox 796 2482 829 2509; x_wconf 89' lang='lat' dir='ltr'><strong>et</strong></span> <span class='ocrx_word' id='word_1_371' title='bbox 864 2477 980 2509; x_wconf 92' lang='lat' dir='ltr'><strong>utilius</strong></span> <span class='ocrx_word' id='word_1_372' title='bbox 1012 2487 1108 2518; x_wconf 91' lang='lat' dir='ltr'><strong>quam</strong></span> 
     </span>
     <span class='ocr_line' id='line_1_54' title="bbox 139 2517 284 2559; baseline 0.014 -12"><span class='ocrx_word' id='word_1_373' title='bbox 139 2517 284 2559; x_wconf 80' lang='grc' dir='ltr'>á¼€Î½Î±ÏÏ‡á½·Î±.</span> 
     </span>
    </p>

    <p class='ocr_par' dir='ltr' id='par_1_6' title="bbox 138 2560 1109 2689">
     <span class='ocr_line' id='line_1_55' title="bbox 226 2560 1108 2602; baseline 0.002 -10"><span class='ocrx_word' id='word_1_374' title='bbox 226 2561 276 2592; x_wconf 88' lang='grc'><strong>15.</strong></span> <span class='ocrx_word' id='word_1_375' title='bbox 299 2560 350 2593; x_wconf 80' lang='lat' dir='ltr'><strong>Sic</strong></span> <span class='ocrx_word' id='word_1_376' title='bbox 372 2562 454 2593; x_wconf 81' lang='lat' dir='ltr'><strong>enim</strong></span> <span class='ocrx_word' id='word_1_377' title='bbox 475 2564 519 2594; x_wconf 78' lang='lat' dir='ltr'><strong>est</strong></span> <span class='ocrx_word' id='word_1_378' title='bbox 539 2561 688 2593; x_wconf 76' lang='lat' dir='ltr'><strong>voluntas.</strong></span> <span class='ocrx_word' id='word_1_379' title='bbox 722 2562 821 2594; x_wconf 87' lang='lat' dir='ltr'><strong>Redit</strong></span> <span class='ocrx_word' id='word_1_380' title='bbox 845 2562 884 2594; x_wconf 90' lang='lat' dir='ltr'><strong>ad</strong></span> <span class='ocrx_word' id='word_1_381' title='bbox 908 2562 1108 2602; x_wconf 88' lang='lat' dir='ltr'><strong>superiorem</strong></span> 
     </span>
     <span class='ocr_line' id='line_1_56' title="bbox 140 2602 1109 2642; baseline 0.004 -9"><span class='ocrx_word' id='word_1_382' title='bbox 140 2602 229 2634; x_wconf 91' lang='lat' dir='ltr'><strong>illam</strong></span> <span class='ocrx_word' id='word_1_383' title='bbox 264 2604 458 2642; x_wconf 84' lang='lat' dir='ltr'><strong>doctrinam,</strong></span> <span class='ocrx_word' id='word_1_384' title='bbox 493 2615 534 2636; x_wconf 91' lang='lat' dir='ltr'><strong>ne</strong></span> <span class='ocrx_word' id='word_1_385' title='bbox 564 2604 658 2636; x_wconf 87' lang='lat' dir='ltr'><strong>detur</strong></span> <span class='ocrx_word' id='word_1_386' title='bbox 688 2604 862 2637; x_wconf 86' lang='lat' dir='ltr'><strong>incredulis</strong></span> <span class='ocrx_word' id='word_1_387' title='bbox 895 2605 1109 2637; x_wconf 88' lang='lat' dir='ltr'><strong>maledicendi</strong></span> 
     </span>
     <span class='ocr_line' id='line_1_57' title="bbox 138 2646 1107 2689; baseline 0.003 -12"><span class='ocrx_word' id='word_1_388' title='bbox 138 2646 279 2678; x_wconf 84' lang='lat' dir='ltr'><strong>occasio:</strong></span> <span class='ocrx_word' id='word_1_389' title='bbox 304 2647 430 2679; x_wconf 88' lang='lat' dir='ltr'><strong>tametsi</strong></span> <span class='ocrx_word' id='word_1_390' title='bbox 454 2647 562 2679; x_wconf 85' lang='lat' dir='ltr'><strong>minus</strong></span> <span class='ocrx_word' id='word_1_391' title='bbox 585 2647 737 2688; x_wconf 83' lang='lat' dir='ltr'><strong>exprimit</strong></span> <span class='ocrx_word' id='word_1_392' title='bbox 756 2658 850 2688; x_wconf 86' lang='lat' dir='ltr'><strong>quam</strong></span> <span class='ocrx_word' id='word_1_393' title='bbox 867 2648 957 2689; x_wconf 86' lang='lat' dir='ltr'><strong>prius</strong></span> <span class='ocrx_word' id='word_1_394' title='bbox 972 2647 1107 2681; x_wconf 88' lang='lat' dir='ltr'><strong>dixerat.</strong></span> 
     </span>
    </p>
   </div>
   <div class='ocr_carea' id='block_1_5' title="bbox 1019 193 1236 227">
    <p class='ocr_par' dir='ltr' id='par_1_7' title="bbox 1019 193 1236 227">
     <span class='ocr_line' id='line_1_58' title="bbox 1019 193 1236 227; baseline -0.014 0"><span class='ocrx_word' id='word_1_395' title='bbox 1019 194 1168 227; x_wconf 75' lang='lat' dir='ltr'>CAPUT</span> <span class='ocrx_word' id='word_1_396' title='bbox 1192 193 1236 225; x_wconf 93' lang='lat' dir='ltr'><strong>II.</strong></span> 
     </span>
    </p>
   </div>
   <div class='ocr_carea' id='block_1_6' title="bbox 1127 301 1133 1515">
    <p class='ocr_par' dir='ltr' id='par_1_8' title="bbox 1127 301 1133 1515">
     <span class='ocr_line' id='line_1_59' title="bbox 1127 301 1133 1515; baseline 0 0"><span class='ocrx_word' id='word_1_397' title='bbox 1127 301 1133 1515; x_wconf 95' lang='lat' dir='ltr'><strong> </strong></span> 
     </span>
    </p>
   </div>
   <div class='ocr_carea' id='block_1_7' title="bbox 2066 191 2129 223">
    <p class='ocr_par' dir='ltr' id='par_1_9' title="bbox 2066 191 2129 223">
     <span class='ocr_line' id='line_1_60' title="bbox 2066 191 2129 223; baseline 0 0"><span class='ocrx_word' id='word_1_398' title='bbox 2066 191 2129 223; x_wconf 80' lang='lat'><strong>246</strong></span> 
     </span>
    </p>
   </div>
   <div class='ocr_carea' id='block_1_8' title="bbox 1153 288 2134 2603">
    <p class='ocr_par' dir='ltr' id='par_1_10' title="bbox 1153 288 2132 1561">
     <span class='ocr_line' id='line_1_61' title="bbox 1154 288 2126 321; baseline 0 0"><span class='ocrx_word' id='word_1_399' title='bbox 1154 290 1296 321; x_wconf 77' lang='lat' dir='ltr'><strong>Tantum</strong></span> <span class='ocrx_word' id='word_1_400' title='bbox 1331 289 1418 320; x_wconf 91' lang='lat' dir='ltr'><strong>enim</strong></span> <span class='ocrx_word' id='word_1_401' title='bbox 1453 289 1530 321; x_wconf 83' lang='lat' dir='ltr'><strong>dicit</strong></span> <span class='ocrx_word' id='word_1_402' title='bbox 1564 298 1599 320; x_wconf 84' lang='lat' dir='ltr'><strong>os</strong></span> <span class='ocrx_word' id='word_1_403' title='bbox 1632 288 1864 320; x_wconf 90' lang='lat' dir='ltr'><strong>obstruendum</strong></span> <span class='ocrx_word' id='word_1_404' title='bbox 1903 298 1973 320; x_wconf 88' lang='lat' dir='ltr'><strong>esse</strong></span> <span class='ocrx_word' id='word_1_405' title='bbox 2006 289 2126 321; x_wconf 86' lang='lat' dir='ltr'><strong>stultis.</strong></span> 
     </span>
     <span class='ocr_line' id='line_1_62' title="bbox 1155 330 2126 372; baseline -0.001 -8"><span class='ocrx_word' id='word_1_406' title='bbox 1155 332 1292 364; x_wconf 84' lang='lat' dir='ltr'><strong>Summa</strong></span> <span class='ocrx_word' id='word_1_407' title='bbox 1319 336 1382 371; x_wconf 86' lang='lat' dir='ltr'><strong>est,</strong></span> <span class='ocrx_word' id='word_1_408' title='bbox 1416 332 1461 363; x_wconf 89' lang='lat' dir='ltr'><strong>sic</strong></span> <span class='ocrx_word' id='word_1_409' title='bbox 1492 330 1666 363; x_wconf 90' lang='lat' dir='ltr'><strong>vivendum</strong></span> <span class='ocrx_word' id='word_1_410' title='bbox 1698 341 1780 367; x_wconf 69' lang='lat' dir='ltr'><strong>esse,</strong></span> <span class='ocrx_word' id='word_1_411' title='bbox 1816 336 1852 362; x_wconf 93' lang='lat' dir='ltr'><strong>ut</strong></span> <span class='ocrx_word' id='word_1_412' title='bbox 1883 332 2040 363; x_wconf 88' lang='lat' dir='ltr'><strong>increduli</strong></span> <span class='ocrx_word' id='word_1_413' title='bbox 2072 334 2126 372; x_wconf 91' lang='lat' dir='ltr'><strong>qui</strong></span> 
     </span>
     <span class='ocr_line' id='line_1_63' title="bbox 1153 374 2126 416; baseline 0.001 -10"><span class='ocrx_word' id='word_1_414' title='bbox 1153 374 1281 415; x_wconf 89' lang='lat' dir='ltr'><strong>obloqui</strong></span> <span class='ocrx_word' id='word_1_415' title='bbox 1312 375 1404 406; x_wconf 91' lang='lat' dir='ltr'><strong>nobis</strong></span> <span class='ocrx_word' id='word_1_416' title='bbox 1436 374 1564 413; x_wconf 85' lang='lat' dir='ltr'><strong>volunt,</strong></span> <span class='ocrx_word' id='word_1_417' title='bbox 1593 374 1814 405; x_wconf 83' lang='lat' dir='ltr'><strong>obmutescere</strong></span> <span class='ocrx_word' id='word_1_418' title='bbox 1845 380 2013 416; x_wconf 82' lang='lat' dir='ltr'><strong>cogantur.</strong></span> <span class='ocrx_word' id='word_1_419' title='bbox 2061 376 2126 407; x_wconf 84' lang='lat' dir='ltr'><strong>Lo-</strong></span> 
     </span>
     <span class='ocr_line' id='line_1_64' title="bbox 1154 417 2127 458; baseline 0.002 -10"><span class='ocrx_word' id='word_1_420' title='bbox 1154 419 1267 457; x_wconf 89' lang='lat' dir='ltr'><strong>quutio</strong></span> <span class='ocrx_word' id='word_1_421' title='bbox 1290 418 1386 458; x_wconf 86' lang='lat' dir='ltr'><strong>quam</strong></span> <span class='ocrx_word' id='word_1_422' title='bbox 1409 422 1553 457; x_wconf 83' lang='lat' dir='ltr'><strong>usurpat,</strong></span> <span class='ocrx_word' id='word_1_423' title='bbox 1577 417 1799 448; x_wconf 88' lang='lat' dir='ltr'><strong>obstruere</strong></span> <span class='ocrx_word' id='word_1_424' title='bbox 1822 417 2127 458; x_wconf 85' lang='lat' dir='ltr'><strong>ignorantiam,</strong></span> 
     </span>
     <span class='ocr_line' id='line_1_65' title="bbox 1153 458 2126 500; baseline 0.002 -9"><span class='ocrx_word' id='word_1_425' title='bbox 1153 461 1301 500; x_wconf 87' lang='lat' dir='ltr'><strong>quamvis</strong></span> <span class='ocrx_word' id='word_1_426' title='bbox 1324 465 1454 500; x_wconf 88' lang='lat' dir='ltr'><strong>propter</strong></span> <span class='ocrx_word' id='word_1_427' title='bbox 1477 460 1657 491; x_wconf 89' lang='lat' dir='ltr'><strong>novitatem</strong></span> <span class='ocrx_word' id='word_1_428' title='bbox 1681 458 1762 490; x_wconf 89' lang='lat' dir='ltr'><strong>dura</strong></span> <span class='ocrx_word' id='word_1_429' title='bbox 1785 460 1836 498; x_wconf 91' lang='lat' dir='ltr'><strong>sit,</strong></span> <span class='ocrx_word' id='word_1_430' title='bbox 1859 470 1990 492; x_wconf 90' lang='lat' dir='ltr'><strong>sensum</strong></span> <span class='ocrx_word' id='word_1_431' title='bbox 2016 466 2126 493; x_wconf 86' lang='lat' dir='ltr'><strong>tamen</strong></span> 
     </span>
     <span class='ocr_line' id='line_1_66' title="bbox 1154 502 2127 543; baseline 0.003 -10"><span class='ocrx_word' id='word_1_432' title='bbox 1154 512 1221 533; x_wconf 89' lang='lat' dir='ltr'><strong>non</strong></span> <span class='ocrx_word' id='word_1_433' title='bbox 1250 503 1410 534; x_wconf 86' lang='lat' dir='ltr'><strong>obseurat.</strong></span> <span class='ocrx_word' id='word_1_434' title='bbox 1456 503 1687 543; x_wconf 88' lang='lat' dir='ltr'><strong>Praeterquam</strong></span> <span class='ocrx_word' id='word_1_435' title='bbox 1718 502 1804 533; x_wconf 89' lang='lat' dir='ltr'><strong>enim</strong></span> <span class='ocrx_word' id='word_1_436' title='bbox 1835 503 1919 542; x_wconf 88' lang='lat' dir='ltr'><strong>quod</strong></span> <span class='ocrx_word' id='word_1_437' title='bbox 1944 504 2127 536; x_wconf 86' lang='lat' dir='ltr'><strong>incredulos</strong></span> 
     </span>
     <span class='ocr_line' id='line_1_67' title="bbox 1154 544 2126 585; baseline 0.005 -11"><span class='ocrx_word' id='word_1_438' title='bbox 1154 545 1294 584; x_wconf 89' lang='lat' dir='ltr'><strong>appellat</strong></span> <span class='ocrx_word' id='word_1_439' title='bbox 1324 545 1496 583; x_wconf 89' lang='lat' dir='ltr'><strong>stultos,</strong></span> <span class='ocrx_word' id='word_1_440' title='bbox 1529 549 1641 576; x_wconf 88' lang='lat' dir='ltr'><strong>notare</strong></span> <span class='ocrx_word' id='word_1_441' title='bbox 1664 544 1733 576; x_wconf 88' lang='lat' dir='ltr'><strong>vult</strong></span> <span class='ocrx_word' id='word_1_442' title='bbox 1763 555 1859 585; x_wconf 89' lang='lat' dir='ltr'><strong>quam</strong></span> <span class='ocrx_word' id='word_1_443' title='bbox 1887 545 2028 578; x_wconf 86' lang='lat' dir='ltr'><strong>habeant</strong></span> <span class='ocrx_word' id='word_1_444' title='bbox 2050 557 2126 579; x_wconf 87' lang='lat' dir='ltr'><strong>cau-</strong></span> 
     </span>
     <span class='ocr_line' id='line_1_68' title="bbox 1155 587 2130 628; baseline 0.003 -10"><span class='ocrx_word' id='word_1_445' title='bbox 1155 597 1222 618; x_wconf 83' lang='lat' dir='ltr'><strong>sam</strong></span> <span class='ocrx_word' id='word_1_446' title='bbox 1248 587 1477 619; x_wconf 89' lang='lat' dir='ltr'><strong>maledicendi:</strong></span> <span class='ocrx_word' id='word_1_447' title='bbox 1502 598 1618 628; x_wconf 92' lang='lat' dir='ltr'><strong>nempe</strong></span> <span class='ocrx_word' id='word_1_448' title='bbox 1636 588 1711 628; x_wconf 88' lang='lat' dir='ltr'><strong>quia</strong></span> <span class='ocrx_word' id='word_1_449' title='bbox 1729 588 1834 618; x_wconf 87' lang='lat' dir='ltr'><strong>Deum</strong></span> <span class='ocrx_word' id='word_1_450' title='bbox 1852 588 2012 628; x_wconf 89' lang='lat' dir='ltr'><strong>ignorant.</strong></span> <span class='ocrx_word' id='word_1_451' title='bbox 2049 591 2130 622; x_wconf 82' lang='lat' dir='ltr'><strong>Gae-</strong></span> 
     </span>
     <span class='ocr_line' id='line_1_69' title="bbox 1156 630 2127 672; baseline 0.005 -13"><span class='ocrx_word' id='word_1_452' title='bbox 1156 634 1260 660; x_wconf 89' lang='lat' dir='ltr'><strong>terum</strong></span> <span class='ocrx_word' id='word_1_453' title='bbox 1285 631 1368 669; x_wconf 88' lang='lat' dir='ltr'><strong>quod</strong></span> <span class='ocrx_word' id='word_1_454' title='bbox 1392 635 1499 661; x_wconf 89' lang='lat' dir='ltr'><strong>mente</strong></span> <span class='ocrx_word' id='word_1_455' title='bbox 1523 635 1554 661; x_wconf 87' lang='lat' dir='ltr'><strong>et</strong></span> <span class='ocrx_word' id='word_1_456' title='bbox 1571 631 1697 662; x_wconf 89' lang='lat' dir='ltr'><strong>ratione</strong></span> <span class='ocrx_word' id='word_1_457' title='bbox 1713 630 1895 662; x_wconf 88' lang='lat' dir='ltr'><strong>incredulos</strong></span> <span class='ocrx_word' id='word_1_458' title='bbox 1912 633 2026 672; x_wconf 86' lang='lat' dir='ltr'><strong>privat,</strong></span> <span class='ocrx_word' id='word_1_459' title='bbox 2052 633 2127 664; x_wconf 89' lang='lat' dir='ltr'><strong>inde</strong></span> 
     </span>
     <span class='ocr_line' id='line_1_70' title="bbox 1155 672 2126 714; baseline 0.004 -12"><span class='ocrx_word' id='word_1_460' title='bbox 1155 672 1347 712; x_wconf 87' lang='lat' dir='ltr'><strong>colligimus,</strong></span> <span class='ocrx_word' id='word_1_461' title='bbox 1377 679 1496 704; x_wconf 88' lang='lat' dir='ltr'><strong>rectam</strong></span> <span class='ocrx_word' id='word_1_462' title='bbox 1528 673 1778 714; x_wconf 86' lang='lat' dir='ltr'><strong>intelligentiam</strong></span> <span class='ocrx_word' id='word_1_463' title='bbox 1808 684 1873 704; x_wconf 90' lang='lat' dir='ltr'><strong>non</strong></span> <span class='ocrx_word' id='word_1_464' title='bbox 1905 684 1974 705; x_wconf 85' lang='lat' dir='ltr'><strong>esse</strong></span> <span class='ocrx_word' id='word_1_465' title='bbox 2007 676 2066 706; x_wconf 82' lang='lat' dir='ltr'><strong>nisi</strong></span> <span class='ocrx_word' id='word_1_466' title='bbox 2093 677 2126 706; x_wconf 91' lang='lat' dir='ltr'><strong>in</strong></span> 
     </span>
     <span class='ocr_line' id='line_1_71' title="bbox 1155 714 2127 756; baseline 0.004 -11"><span class='ocrx_word' id='word_1_467' title='bbox 1155 714 1218 746; x_wconf 91' lang='lat' dir='ltr'><strong>Dei</strong></span> <span class='ocrx_word' id='word_1_468' title='bbox 1242 714 1366 746; x_wconf 86' lang='lat' dir='ltr'><strong>notitia.</strong></span> <span class='ocrx_word' id='word_1_469' title='bbox 1414 716 1500 756; x_wconf 84' lang='lat' dir='ltr'><strong>Ergo</strong></span> <span class='ocrx_word' id='word_1_470' title='bbox 1523 717 1736 756; x_wconf 85' lang='lat' dir='ltr'><strong>quantumvis</strong></span> <span class='ocrx_word' id='word_1_471' title='bbox 1758 716 1818 748; x_wconf 88' lang='lat' dir='ltr'><strong>sibi</strong></span> <span class='ocrx_word' id='word_1_472' title='bbox 1841 717 1874 748; x_wconf 91' lang='lat' dir='ltr'><strong>in</strong></span> <span class='ocrx_word' id='word_1_473' title='bbox 1899 727 1956 748; x_wconf 92' lang='lat' dir='ltr'><strong>suo</strong></span> <span class='ocrx_word' id='word_1_474' title='bbox 1980 718 2127 750; x_wconf 89' lang='lat' dir='ltr'><strong>acumine</strong></span> 
     </span>
     <span class='ocr_line' id='line_1_72' title="bbox 1156 757 2128 799; baseline 0.003 -10"><span class='ocrx_word' id='word_1_475' title='bbox 1156 757 1307 798; x_wconf 86' lang='lat' dir='ltr'><strong>placeant</strong></span> <span class='ocrx_word' id='word_1_476' title='bbox 1322 758 1489 795; x_wconf 90' lang='lat' dir='ltr'><strong>increduli,</strong></span> <span class='ocrx_word' id='word_1_477' title='bbox 1506 763 1538 789; x_wconf 91' lang='lat' dir='ltr'><strong>et</strong></span> <span class='ocrx_word' id='word_1_478' title='bbox 1554 758 1624 790; x_wconf 90' lang='lat' dir='ltr'><strong>aliis</strong></span> <span class='ocrx_word' id='word_1_479' title='bbox 1640 760 1736 790; x_wconf 91' lang='lat' dir='ltr'><strong>etiam</strong></span> <span class='ocrx_word' id='word_1_480' title='bbox 1753 759 1928 799; x_wconf 88' lang='lat' dir='ltr'><strong>prudentes</strong></span> <span class='ocrx_word' id='word_1_481' title='bbox 1940 760 2128 793; x_wconf 83' lang='lat' dir='ltr'><strong>videantur:</strong></span> 
     </span>
     <span class='ocr_line' id='line_1_73' title="bbox 1155 800 2128 842; baseline 0.002 -10"><span class='ocrx_word' id='word_1_482' title='bbox 1155 801 1290 840; x_wconf 88' lang='lat' dir='ltr'><strong>spiritus</strong></span> <span class='ocrx_word' id='word_1_483' title='bbox 1313 805 1420 831; x_wconf 88' lang='lat' dir='ltr'><strong>tamen</strong></span> <span class='ocrx_word' id='word_1_484' title='bbox 1447 800 1517 838; x_wconf 85' lang='lat' dir='ltr'><strong>Dei,</strong></span> <span class='ocrx_word' id='word_1_485' title='bbox 1540 801 1696 833; x_wconf 84' lang='lat' dir='ltr'><strong>stultitiae</strong></span> <span class='ocrx_word' id='word_1_486' title='bbox 1719 802 1805 842; x_wconf 84' lang='lat' dir='ltr'><strong>ipsos</strong></span> <span class='ocrx_word' id='word_1_487' title='bbox 1829 802 1975 834; x_wconf 88' lang='lat' dir='ltr'><strong>damnat:</strong></span> <span class='ocrx_word' id='word_1_488' title='bbox 2006 808 2040 834; x_wconf 91' lang='lat' dir='ltr'><strong>ut</strong></span> <span class='ocrx_word' id='word_1_489' title='bbox 2063 804 2128 835; x_wconf 89' lang='lat' dir='ltr'><strong>dis-</strong></span> 
     </span>
     <span class='ocr_line' id='line_1_74' title="bbox 1156 842 2130 885; baseline 0.005 -12"><span class='ocrx_word' id='word_1_490' title='bbox 1156 853 1268 874; x_wconf 90' lang='lat' dir='ltr'><strong>camus</strong></span> <span class='ocrx_word' id='word_1_491' title='bbox 1295 852 1361 874; x_wconf 91' lang='lat' dir='ltr'><strong>non</strong></span> <span class='ocrx_word' id='word_1_492' title='bbox 1388 842 1464 873; x_wconf 89' lang='lat' dir='ltr'><strong>alibi</strong></span> <span class='ocrx_word' id='word_1_493' title='bbox 1495 853 1590 883; x_wconf 89' lang='lat' dir='ltr'><strong>quam</strong></span> <span class='ocrx_word' id='word_1_494' title='bbox 1614 844 1645 875; x_wconf 91' lang='lat' dir='ltr'><strong>in</strong></span> <span class='ocrx_word' id='word_1_495' title='bbox 1670 844 1740 875; x_wconf 90' lang='lat' dir='ltr'><strong>Deo</strong></span> <span class='ocrx_word' id='word_1_496' title='bbox 1763 855 1886 885; x_wconf 88' lang='lat' dir='ltr'><strong>sapere,</strong></span> <span class='ocrx_word' id='word_1_497' title='bbox 1916 846 2011 877; x_wconf 87' lang='lat' dir='ltr'><strong>sicuti</strong></span> <span class='ocrx_word' id='word_1_498' title='bbox 2035 852 2130 878; x_wconf 84' lang='lat' dir='ltr'><strong>extra</strong></span> 
     </span>
     <span class='ocr_line' id='line_1_75' title="bbox 1157 885 2130 929; baseline 0.004 -12"><span class='ocrx_word' id='word_1_499' title='bbox 1157 887 1263 926; x_wconf 91' lang='lat' dir='ltr'><strong>ipsum</strong></span> <span class='ocrx_word' id='word_1_500' title='bbox 1294 885 1377 916; x_wconf 86' lang='lat' dir='ltr'><strong>nihil</strong></span> <span class='ocrx_word' id='word_1_501' title='bbox 1407 890 1456 916; x_wconf 88' lang='lat' dir='ltr'><strong>est</strong></span> <span class='ocrx_word' id='word_1_502' title='bbox 1485 886 1586 917; x_wconf 87' lang='lat' dir='ltr'><strong>solidi.</strong></span> <span class='ocrx_word' id='word_1_503' title='bbox 1634 887 1769 918; x_wconf 90' lang='lat' dir='ltr'><strong>Modum</strong></span> <span class='ocrx_word' id='word_1_504' title='bbox 1798 892 1908 919; x_wconf 90' lang='lat' dir='ltr'><strong>autem</strong></span> <span class='ocrx_word' id='word_1_505' title='bbox 1940 889 2130 929; x_wconf 89' lang='lat' dir='ltr'><strong>praescribit</strong></span> 
     </span>
     <span class='ocr_line' id='line_1_76' title="bbox 1156 928 2129 972; baseline 0.004 -12"><span class='ocrx_word' id='word_1_506' title='bbox 1156 928 1355 960; x_wconf 88' lang='lat' dir='ltr'><strong>cohibendae</strong></span> <span class='ocrx_word' id='word_1_507' title='bbox 1378 928 1560 959; x_wconf 87' lang='lat' dir='ltr'><strong>infidelium</strong></span> <span class='ocrx_word' id='word_1_508' title='bbox 1583 929 1844 962; x_wconf 88' lang='lat' dir='ltr'><strong>maledicentiae:</strong></span> <span class='ocrx_word' id='word_1_509' title='bbox 1868 942 1983 972; x_wconf 91' lang='lat' dir='ltr'><strong>nempe</strong></span> <span class='ocrx_word' id='word_1_510' title='bbox 2006 932 2129 964; x_wconf 90' lang='lat' dir='ltr'><strong>bene-</strong></span> 
     </span>
     <span class='ocr_line' id='line_1_77' title="bbox 1157 970 2128 1012; baseline 0.005 -10"><span class='ocrx_word' id='word_1_511' title='bbox 1157 971 1356 1003; x_wconf 86' lang='lat' dir='ltr'><strong>faciendo.</strong></span> <span class='ocrx_word' id='word_1_512' title='bbox 1397 970 1471 1010; x_wconf 78' lang='lat' dir='ltr'><strong>Quo</strong></span> <span class='ocrx_word' id='word_1_513' title='bbox 1487 970 1584 1002; x_wconf 91' lang='lat' dir='ltr'><strong>verbo</strong></span> <span class='ocrx_word' id='word_1_514' title='bbox 1607 972 1831 1012; x_wconf 83' lang='lat' dir='ltr'><strong>complectitur</strong></span> <span class='ocrx_word' id='word_1_515' title='bbox 1853 974 1962 1005; x_wconf 90' lang='lat' dir='ltr'><strong>omnia</strong></span> <span class='ocrx_word' id='word_1_516' title='bbox 1980 974 2128 1007; x_wconf 91' lang='lat' dir='ltr'><strong>humani-</strong></span> 
     </span>
     <span class='ocr_line' id='line_1_78' title="bbox 1157 1013 2130 1057; baseline 0.004 -12"><span class='ocrx_word' id='word_1_517' title='bbox 1157 1015 1235 1046; x_wconf 87' lang='lat' dir='ltr'><strong>tatis</strong></span> <span class='ocrx_word' id='word_1_518' title='bbox 1259 1014 1375 1054; x_wconf 88' lang='lat' dir='ltr'><strong>officia,</strong></span> <span class='ocrx_word' id='word_1_519' title='bbox 1399 1014 1516 1054; x_wconf 89' lang='lat' dir='ltr'><strong>quibus</strong></span> <span class='ocrx_word' id='word_1_520' title='bbox 1540 1013 1671 1054; x_wconf 85' lang='lat' dir='ltr'><strong>defungi</strong></span> <span class='ocrx_word' id='word_1_521' title='bbox 1697 1026 1755 1046; x_wconf 91' lang='lat' dir='ltr'><strong>nos</strong></span> <span class='ocrx_word' id='word_1_522' title='bbox 1779 1022 1904 1056; x_wconf 89' lang='lat' dir='ltr'><strong>oportet</strong></span> <span class='ocrx_word' id='word_1_523' title='bbox 1926 1027 2003 1057; x_wconf 88' lang='lat' dir='ltr'><strong>erga</strong></span> <span class='ocrx_word' id='word_1_524' title='bbox 2020 1018 2130 1057; x_wconf 86' lang='lat' dir='ltr'><strong>proxi-</strong></span> 
     </span>
     <span class='ocr_line' id='line_1_79' title="bbox 1157 1056 2130 1101; baseline 0.004 -13"><span class='ocrx_word' id='word_1_525' title='bbox 1157 1068 1236 1089; x_wconf 91' lang='lat' dir='ltr'><strong>mos.</strong></span> <span class='ocrx_word' id='word_1_526' title='bbox 1271 1057 1310 1088; x_wconf 94' lang='lat' dir='ltr'><strong>In</strong></span> <span class='ocrx_word' id='word_1_527' title='bbox 1334 1057 1384 1089; x_wconf 83' lang='lat' dir='ltr'><strong>his</strong></span> <span class='ocrx_word' id='word_1_528' title='bbox 1408 1058 1593 1088; x_wconf 86' lang='lat' dir='ltr'><strong>continetur</strong></span> <span class='ocrx_word' id='word_1_529' title='bbox 1607 1056 1788 1089; x_wconf 87' lang='lat' dir='ltr'><strong>obedientia</strong></span> <span class='ocrx_word' id='word_1_530' title='bbox 1807 1069 1884 1099; x_wconf 85' lang='lat' dir='ltr'><strong>erga</strong></span> <span class='ocrx_word' id='word_1_531' title='bbox 1905 1060 2130 1101; x_wconf 86' lang='lat' dir='ltr'><strong>magistratus,</strong></span> 
     </span>
     <span class='ocr_line' id='line_1_80' title="bbox 1157 1099 2130 1143; baseline 0.005 -13"><span class='ocrx_word' id='word_1_532' title='bbox 1157 1101 1227 1131; x_wconf 90' lang='lat' dir='ltr'><strong>sine</strong></span> <span class='ocrx_word' id='word_1_533' title='bbox 1257 1110 1319 1140; x_wconf 88' lang='lat' dir='ltr'><strong>qua</strong></span> <span class='ocrx_word' id='word_1_534' title='bbox 1347 1100 1456 1131; x_wconf 89' lang='lat' dir='ltr'><strong>unitas</strong></span> <span class='ocrx_word' id='word_1_535' title='bbox 1479 1100 1564 1131; x_wconf 87' lang='lat' dir='ltr'><strong>inter</strong></span> <span class='ocrx_word' id='word_1_536' title='bbox 1587 1099 1734 1132; x_wconf 90' lang='lat' dir='ltr'><strong>homines</strong></span> <span class='ocrx_word' id='word_1_537' title='bbox 1757 1101 1818 1132; x_wconf 91' lang='lat' dir='ltr'><strong>coli</strong></span> <span class='ocrx_word' id='word_1_538' title='bbox 1842 1112 1906 1133; x_wconf 91' lang='lat' dir='ltr'><strong>non</strong></span> <span class='ocrx_word' id='word_1_539' title='bbox 1930 1107 2047 1143; x_wconf 89' lang='lat' dir='ltr'><strong>potest.</strong></span> <span class='ocrx_word' id='word_1_540' title='bbox 2091 1103 2130 1135; x_wconf 86' lang='lat' dir='ltr'><strong>Si</strong></span> 
     </span>
     <span class='ocr_line' id='line_1_81' title="bbox 1158 1143 2130 1183; baseline 0.004 -9"><span class='ocrx_word' id='word_1_541' title='bbox 1158 1143 1230 1183; x_wconf 89' lang='lat' dir='ltr'><strong>quis</strong></span> <span class='ocrx_word' id='word_1_542' title='bbox 1260 1143 1402 1180; x_wconf 89' lang='lat' dir='ltr'><strong>obiiciat,</strong></span> <span class='ocrx_word' id='word_1_543' title='bbox 1438 1153 1603 1183; x_wconf 90' lang='lat' dir='ltr'><strong>nunquam</strong></span> <span class='ocrx_word' id='word_1_544' title='bbox 1639 1143 1718 1174; x_wconf 90' lang='lat' dir='ltr'><strong>adeo</strong></span> <span class='ocrx_word' id='word_1_545' title='bbox 1747 1144 1907 1176; x_wconf 87' lang='lat' dir='ltr'><strong>studiosos</strong></span> <span class='ocrx_word' id='word_1_546' title='bbox 1938 1147 2004 1177; x_wconf 89' lang='lat' dir='ltr'><strong>fore</strong></span> <span class='ocrx_word' id='word_1_547' title='bbox 2036 1145 2130 1178; x_wconf 89' lang='lat' dir='ltr'><strong>bene-</strong></span> 
     </span>
     <span class='ocr_line' id='line_1_82' title="bbox 1158 1185 2130 1226; baseline 0.003 -9"><span class='ocrx_word' id='word_1_548' title='bbox 1158 1185 1295 1218; x_wconf 75' lang='lat' dir='ltr'><strong>faciendi</strong></span> <span class='ocrx_word' id='word_1_549' title='bbox 1329 1186 1440 1217; x_wconf 86' lang='lat' dir='ltr'><strong>fideles</strong></span> <span class='ocrx_word' id='word_1_550' title='bbox 1474 1186 1553 1226; x_wconf 89' lang='lat' dir='ltr'><strong>quin</strong></span> <span class='ocrx_word' id='word_1_551' title='bbox 1587 1185 1671 1217; x_wconf 89' lang='lat' dir='ltr'><strong>male</strong></span> <span class='ocrx_word' id='word_1_552' title='bbox 1704 1186 1837 1218; x_wconf 88' lang='lat' dir='ltr'><strong>audiant</strong></span> <span class='ocrx_word' id='word_1_553' title='bbox 1869 1188 1908 1219; x_wconf 89' lang='lat' dir='ltr'><strong>ab</strong></span> <span class='ocrx_word' id='word_1_554' title='bbox 1939 1189 2130 1221; x_wconf 85' lang='lat' dir='ltr'><strong>incredulis:</strong></span> 
     </span>
     <span class='ocr_line' id='line_1_83' title="bbox 1158 1228 2132 1270; baseline 0.004 -11"><span class='ocrx_word' id='word_1_555' title='bbox 1158 1234 1308 1270; x_wconf 88' lang='lat' dir='ltr'><strong>prompta</strong></span> <span class='ocrx_word' id='word_1_556' title='bbox 1338 1233 1387 1260; x_wconf 89' lang='lat' dir='ltr'><strong>est</strong></span> <span class='ocrx_word' id='word_1_557' title='bbox 1415 1228 1595 1269; x_wconf 86' lang='lat' dir='ltr'><strong>responsio,</strong></span> <span class='ocrx_word' id='word_1_558' title='bbox 1628 1229 1809 1269; x_wconf 91' lang='lat' dir='ltr'><strong>apostolum</strong></span> <span class='ocrx_word' id='word_1_559' title='bbox 1839 1229 1892 1261; x_wconf 88' lang='lat' dir='ltr'><strong>hic</strong></span> <span class='ocrx_word' id='word_1_560' title='bbox 1919 1241 1973 1262; x_wconf 92' lang='lat' dir='ltr'><strong>eos</strong></span> <span class='ocrx_word' id='word_1_561' title='bbox 2000 1232 2132 1264; x_wconf 86' lang='lat' dir='ltr'><strong>minime</strong></span> 
     </span>
     <span class='ocr_line' id='line_1_84' title="bbox 1158 1271 2132 1314; baseline 0.004 -12"><span class='ocrx_word' id='word_1_562' title='bbox 1158 1272 1301 1303; x_wconf 82' lang='lat' dir='ltr'><strong>eximere</strong></span> <span class='ocrx_word' id='word_1_563' title='bbox 1332 1282 1350 1303; x_wconf 89' lang='lat' dir='ltr'><strong>a</strong></span> <span class='ocrx_word' id='word_1_564' title='bbox 1373 1271 1545 1303; x_wconf 88' lang='lat' dir='ltr'><strong>calumniis</strong></span> <span class='ocrx_word' id='word_1_565' title='bbox 1572 1276 1604 1302; x_wconf 89' lang='lat' dir='ltr'><strong>et</strong></span> <span class='ocrx_word' id='word_1_566' title='bbox 1635 1272 1776 1312; x_wconf 88' lang='lat' dir='ltr'><strong>probris:</strong></span> <span class='ocrx_word' id='word_1_567' title='bbox 1810 1272 1866 1304; x_wconf 91' lang='lat' dir='ltr'><strong>sed</strong></span> <span class='ocrx_word' id='word_1_568' title='bbox 1890 1273 2043 1314; x_wconf 85' lang='lat' dir='ltr'><strong>intelligit</strong></span> <span class='ocrx_word' id='word_1_569' title='bbox 2067 1285 2132 1306; x_wconf 90' lang='lat' dir='ltr'><strong>non</strong></span> 
     </span>
     <span class='ocr_line' id='line_1_85' title="bbox 1158 1314 2131 1358; baseline 0.003 -12"><span class='ocrx_word' id='word_1_570' title='bbox 1158 1315 1327 1346; x_wconf 86' lang='lat' dir='ltr'><strong>habituros</strong></span> <span class='ocrx_word' id='word_1_571' title='bbox 1350 1314 1535 1346; x_wconf 90' lang='lat' dir='ltr'><strong>incredulos</strong></span> <span class='ocrx_word' id='word_1_572' title='bbox 1553 1314 1748 1355; x_wconf 90' lang='lat' dir='ltr'><strong>obloquendi</strong></span> <span class='ocrx_word' id='word_1_573' title='bbox 1764 1315 1944 1356; x_wconf 87' lang='lat' dir='ltr'><strong>materiam,</strong></span> <span class='ocrx_word' id='word_1_574' title='bbox 1968 1322 2131 1358; x_wconf 87' lang='lat' dir='ltr'><strong>utcunque</strong></span> 
     </span>
     <span class='ocr_line' id='line_1_86' title="bbox 1158 1358 2132 1399; baseline 0.003 -11"><span class='ocrx_word' id='word_1_575' title='bbox 1158 1358 1302 1389; x_wconf 85' lang='lat' dir='ltr'><strong>maxime</strong></span> <span class='ocrx_word' id='word_1_576' title='bbox 1331 1358 1473 1398; x_wconf 88' lang='lat' dir='ltr'><strong>cupiant.</strong></span> <span class='ocrx_word' id='word_1_577' title='bbox 1518 1358 1621 1389; x_wconf 90' lang='lat' dir='ltr'><strong>Porro</strong></span> <span class='ocrx_word' id='word_1_578' title='bbox 1653 1368 1693 1389; x_wconf 91' lang='lat' dir='ltr'><strong>ne</strong></span> <span class='ocrx_word' id='word_1_579' title='bbox 1723 1358 1797 1398; x_wconf 90' lang='lat' dir='ltr'><strong>quis</strong></span> <span class='ocrx_word' id='word_1_580' title='bbox 1824 1359 1996 1399; x_wconf 81' lang='lat' dir='ltr'><strong>exciperet,</strong></span> <span class='ocrx_word' id='word_1_581' title='bbox 2028 1359 2132 1392; x_wconf 90' lang='lat' dir='ltr'><strong>incre-</strong></span> 
     </span>
     <span class='ocr_line' id='line_1_87' title="bbox 1158 1400 2130 1442; baseline 0.002 -10"><span class='ocrx_word' id='word_1_582' title='bbox 1158 1400 1251 1432; x_wconf 89' lang='lat' dir='ltr'><strong>dulos</strong></span> <span class='ocrx_word' id='word_1_583' title='bbox 1284 1410 1489 1441; x_wconf 89' lang='lat' dir='ltr'><strong>nequaquam</strong></span> <span class='ocrx_word' id='word_1_584' title='bbox 1524 1400 1639 1442; x_wconf 90' lang='lat' dir='ltr'><strong>dignos</strong></span> <span class='ocrx_word' id='word_1_585' title='bbox 1672 1411 1743 1432; x_wconf 90' lang='lat' dir='ltr'><strong>esse</strong></span> <span class='ocrx_word' id='word_1_586' title='bbox 1777 1400 1818 1432; x_wconf 91' lang='lat' dir='ltr'><strong>ad</strong></span> <span class='ocrx_word' id='word_1_587' title='bbox 1848 1411 1984 1441; x_wconf 91' lang='lat' dir='ltr'><strong>quorum</strong></span> <span class='ocrx_word' id='word_1_588' title='bbox 2016 1408 2130 1434; x_wconf 90' lang='lat' dir='ltr'><strong>nutum</strong></span> 
     </span>
     <span class='ocr_line' id='line_1_88' title="bbox 1158 1443 2130 1485; baseline 0.002 -10"><span class='ocrx_word' id='word_1_589' title='bbox 1158 1443 1259 1475; x_wconf 85' lang='lat' dir='ltr'><strong>vitam</strong></span> <span class='ocrx_word' id='word_1_590' title='bbox 1289 1447 1484 1485; x_wconf 89' lang='lat' dir='ltr'><strong>componant</strong></span> <span class='ocrx_word' id='word_1_591' title='bbox 1509 1443 1567 1475; x_wconf 89' lang='lat' dir='ltr'><strong>filii</strong></span> <span class='ocrx_word' id='word_1_592' title='bbox 1598 1443 1676 1475; x_wconf 85' lang='lat' dir='ltr'><strong>Dei:</strong></span> <span class='ocrx_word' id='word_1_593' title='bbox 1707 1444 1825 1475; x_wconf 87' lang='lat' dir='ltr'><strong>Petrus</strong></span> <span class='ocrx_word' id='word_1_594' title='bbox 1856 1444 2048 1476; x_wconf 89' lang='lat' dir='ltr'><strong>nominatim</strong></span> <span class='ocrx_word' id='word_1_595' title='bbox 2077 1446 2130 1477; x_wconf 92' lang='lat' dir='ltr'><strong>ad-</strong></span> 
     </span>
     <span class='ocr_line' id='line_1_89' title="bbox 1159 1486 2129 1528; baseline 0.003 -11"><span class='ocrx_word' id='word_1_596' title='bbox 1159 1490 1280 1526; x_wconf 90' lang='lat' dir='ltr'><strong>monet,</strong></span> <span class='ocrx_word' id='word_1_597' title='bbox 1309 1486 1469 1528; x_wconf 88' lang='lat' dir='ltr'><strong>obstringi</strong></span> <span class='ocrx_word' id='word_1_598' title='bbox 1499 1497 1556 1519; x_wconf 91' lang='lat' dir='ltr'><strong>nos</strong></span> <span class='ocrx_word' id='word_1_599' title='bbox 1580 1487 1642 1518; x_wconf 93' lang='lat' dir='ltr'><strong>Dei</strong></span> <span class='ocrx_word' id='word_1_600' title='bbox 1672 1486 1835 1527; x_wconf 88' lang='lat' dir='ltr'><strong>mandato,</strong></span> <span class='ocrx_word' id='word_1_601' title='bbox 1865 1487 1905 1519; x_wconf 91' lang='lat' dir='ltr'><strong>ad</strong></span> <span class='ocrx_word' id='word_1_602' title='bbox 1929 1498 1964 1519; x_wconf 92' lang='lat' dir='ltr'><strong>os</strong></span> <span class='ocrx_word' id='word_1_603' title='bbox 1988 1488 2052 1519; x_wconf 85' lang='lat' dir='ltr'><strong>illis</strong></span> <span class='ocrx_word' id='word_1_604' title='bbox 2075 1489 2129 1521; x_wconf 92' lang='lat' dir='ltr'><strong>ob-</strong></span> 
     </span>
     <span class='ocr_line' id='line_1_90' title="bbox 1158 1530 1363 1561; baseline 0.005 -1"><span class='ocrx_word' id='word_1_605' title='bbox 1158 1530 1363 1561; x_wconf 89' lang='lat' dir='ltr'><strong>struendum.</strong></span> 
     </span>
    </p>

    <p class='ocr_par' dir='ltr' id='par_1_11' title="bbox 1157 1572 2134 2603">
     <span class='ocr_line' id='line_1_91' title="bbox 1246 1572 2131 1615; baseline 0.003 -12"><span class='ocrx_word' id='word_1_606' title='bbox 1246 1573 1296 1605; x_wconf 91' lang='lat'><strong>16.</strong></span> <span class='ocrx_word' id='word_1_607' title='bbox 1327 1572 1367 1605; x_wconf 80' lang='lat' dir='ltr'><strong>Ut</strong></span> <span class='ocrx_word' id='word_1_608' title='bbox 1387 1572 1486 1604; x_wconf 70' lang='lat' dir='ltr'><strong>liberi.</strong></span> <span class='ocrx_word' id='word_1_609' title='bbox 1531 1573 1592 1605; x_wconf 88' lang='lat' dir='ltr'><strong>Est</strong></span> <span class='ocrx_word' id='word_1_610' title='bbox 1621 1573 1780 1613; x_wconf 89' lang='lat' dir='ltr'><strong>prolepsis</strong></span> <span class='ocrx_word' id='word_1_611' title='bbox 1803 1582 1868 1613; x_wconf 89' lang='lat' dir='ltr'><strong>qua</strong></span> <span class='ocrx_word' id='word_1_612' title='bbox 1890 1577 2026 1614; x_wconf 88' lang='lat' dir='ltr'><strong>occupat</strong></span> <span class='ocrx_word' id='word_1_613' title='bbox 2048 1584 2131 1615; x_wconf 89' lang='lat' dir='ltr'><strong>quae</strong></span> 
     </span>
     <span class='ocr_line' id='line_1_92' title="bbox 1159 1615 2131 1649; baseline 0.002 -2"><span class='ocrx_word' id='word_1_614' title='bbox 1159 1626 1178 1647; x_wconf 88' lang='lat' dir='ltr'><strong>a</strong></span> <span class='ocrx_word' id='word_1_615' title='bbox 1208 1615 1374 1647; x_wconf 89' lang='lat' dir='ltr'><strong>nonnullis</strong></span> <span class='ocrx_word' id='word_1_616' title='bbox 1404 1615 1443 1647; x_wconf 90' lang='lat' dir='ltr'><strong>de</strong></span> <span class='ocrx_word' id='word_1_617' title='bbox 1473 1616 1622 1648; x_wconf 89' lang='lat' dir='ltr'><strong>libertate</strong></span> <span class='ocrx_word' id='word_1_618' title='bbox 1648 1616 1787 1647; x_wconf 90' lang='lat' dir='ltr'><strong>filiorum</strong></span> <span class='ocrx_word' id='word_1_619' title='bbox 1811 1615 1875 1648; x_wconf 90' lang='lat' dir='ltr'><strong>Dei</strong></span> <span class='ocrx_word' id='word_1_620' title='bbox 1897 1616 2028 1648; x_wconf 89' lang='lat' dir='ltr'><strong>obtendi</strong></span> <span class='ocrx_word' id='word_1_621' title='bbox 2050 1617 2131 1649; x_wconf 87' lang='lat' dir='ltr'><strong>sole-</strong></span> 
     </span>
     <span class='ocr_line' id='line_1_93' title="bbox 1159 1658 2131 1701; baseline 0.002 -11"><span class='ocrx_word' id='word_1_622' title='bbox 1159 1658 1246 1690; x_wconf 92' lang='lat' dir='ltr'><strong>bant.</strong></span> <span class='ocrx_word' id='word_1_623' title='bbox 1292 1659 1376 1690; x_wconf 91' lang='lat' dir='ltr'><strong>Nam</strong></span> <span class='ocrx_word' id='word_1_624' title='bbox 1410 1663 1447 1690; x_wconf 90' lang='lat' dir='ltr'><strong>ut</strong></span> <span class='ocrx_word' id='word_1_625' title='bbox 1480 1659 1639 1701; x_wconf 84' lang='lat' dir='ltr'><strong>ingeniosi</strong></span> <span class='ocrx_word' id='word_1_626' title='bbox 1670 1664 1786 1690; x_wconf 90' lang='lat' dir='ltr'><strong>natura</strong></span> <span class='ocrx_word' id='word_1_627' title='bbox 1814 1663 1891 1690; x_wconf 88' lang='lat' dir='ltr'><strong>sunt</strong></span> <span class='ocrx_word' id='word_1_628' title='bbox 1921 1660 2068 1692; x_wconf 89' lang='lat' dir='ltr'><strong>homines</strong></span> <span class='ocrx_word' id='word_1_629' title='bbox 2097 1661 2131 1692; x_wconf 92' lang='lat' dir='ltr'><strong>in</strong></span> 
     </span>
     <span class='ocr_line' id='line_1_94' title="bbox 1158 1701 2132 1743; baseline 0.002 -10"><span class='ocrx_word' id='word_1_630' title='bbox 1158 1702 1225 1734; x_wconf 89' lang='lat' dir='ltr'><strong>suis</strong></span> <span class='ocrx_word' id='word_1_631' title='bbox 1262 1701 1440 1733; x_wconf 90' lang='lat' dir='ltr'><strong>commodis</strong></span> <span class='ocrx_word' id='word_1_632' title='bbox 1473 1702 1657 1743; x_wconf 88' lang='lat' dir='ltr'><strong>captandis:</strong></span> <span class='ocrx_word' id='word_1_633' title='bbox 1699 1702 1810 1741; x_wconf 90' lang='lat' dir='ltr'><strong>multi,</strong></span> <span class='ocrx_word' id='word_1_634' title='bbox 1845 1703 2006 1743; x_wconf 87' lang='lat' dir='ltr'><strong>evangelii</strong></span> <span class='ocrx_word' id='word_1_635' title='bbox 2039 1703 2132 1735; x_wconf 91' lang='lat' dir='ltr'><strong>initio</strong></span> 
     </span>
     <span class='ocr_line' id='line_1_95' title="bbox 1157 1745 2132 1786; baseline 0.002 -10"><span class='ocrx_word' id='word_1_636' title='bbox 1157 1745 1274 1776; x_wconf 90' lang='lat' dir='ltr'><strong>liberos</strong></span> <span class='ocrx_word' id='word_1_637' title='bbox 1304 1755 1338 1776; x_wconf 89' lang='lat' dir='ltr'><strong>se</strong></span> <span class='ocrx_word' id='word_1_638' title='bbox 1364 1745 1532 1786; x_wconf 90' lang='lat' dir='ltr'><strong>putabant,</strong></span> <span class='ocrx_word' id='word_1_639' title='bbox 1562 1747 1601 1776; x_wconf 85' lang='lat' dir='ltr'><strong>ut</strong></span> <span class='ocrx_word' id='word_1_640' title='bbox 1623 1745 1683 1777; x_wconf 87' lang='lat' dir='ltr'><strong>sibi</strong></span> <span class='ocrx_word' id='word_1_641' title='bbox 1706 1748 1832 1776; x_wconf 86' lang='lat' dir='ltr'><strong>tantum</strong></span> <span class='ocrx_word' id='word_1_642' title='bbox 1857 1746 2015 1777; x_wconf 84' lang='lat' dir='ltr'><strong>viverent.</strong></span> <span class='ocrx_word' id='word_1_643' title='bbox 2060 1746 2132 1779; x_wconf 91' lang='lat' dir='ltr'><strong>Hoc</strong></span> 
     </span>
     <span class='ocr_line' id='line_1_96' title="bbox 1157 1787 2132 1829; baseline 0 -9"><span class='ocrx_word' id='word_1_644' title='bbox 1157 1798 1235 1829; x_wconf 89' lang='lat' dir='ltr'><strong>ergo</strong></span> <span class='ocrx_word' id='word_1_645' title='bbox 1269 1787 1419 1819; x_wconf 90' lang='lat' dir='ltr'><strong>delirium</strong></span> <span class='ocrx_word' id='word_1_646' title='bbox 1450 1788 1583 1829; x_wconf 86' lang='lat' dir='ltr'><strong>corrigit</strong></span> <span class='ocrx_word' id='word_1_647' title='bbox 1614 1789 1748 1825; x_wconf 85' lang='lat' dir='ltr'><strong>Petrus,</strong></span> <span class='ocrx_word' id='word_1_648' title='bbox 1786 1787 1926 1819; x_wconf 84' lang='lat' dir='ltr'><strong>breviter</strong></span> <span class='ocrx_word' id='word_1_649' title='bbox 1957 1788 2132 1821; x_wconf 88' lang='lat' dir='ltr'><strong>ostendens</strong></span> 
     </span>
     <span class='ocr_line' id='line_1_97' title="bbox 1158 1830 2132 1871; baseline 0.002 -9"><span class='ocrx_word' id='word_1_650' title='bbox 1158 1836 1314 1871; x_wconf 90' lang='lat' dir='ltr'><strong>quantum</strong></span> <span class='ocrx_word' id='word_1_651' title='bbox 1346 1831 1385 1862; x_wconf 88' lang='lat' dir='ltr'><strong>ab</strong></span> <span class='ocrx_word' id='word_1_652' title='bbox 1408 1832 1544 1863; x_wconf 87' lang='lat' dir='ltr'><strong>effraeni</strong></span> <span class='ocrx_word' id='word_1_653' title='bbox 1566 1831 1697 1863; x_wconf 87' lang='lat' dir='ltr'><strong>licentia</strong></span> <span class='ocrx_word' id='word_1_654' title='bbox 1720 1831 1845 1862; x_wconf 84' lang='lat' dir='ltr'><strong>differat</strong></span> <span class='ocrx_word' id='word_1_655' title='bbox 1868 1830 2132 1864; x_wconf 85' lang='lat' dir='ltr'><strong>Christianorum</strong></span> 
     </span>
     <span class='ocr_line' id='line_1_98' title="bbox 1157 1874 2132 1915; baseline 0.001 -10"><span class='ocrx_word' id='word_1_656' title='bbox 1157 1874 1298 1906; x_wconf 88' lang='lat' dir='ltr'><strong>libertas.</strong></span> <span class='ocrx_word' id='word_1_657' title='bbox 1345 1875 1393 1905; x_wconf 87' lang='lat' dir='ltr'><strong>Ac</strong></span> <span class='ocrx_word' id='word_1_658' title='bbox 1422 1875 1526 1915; x_wconf 87' lang='lat' dir='ltr'><strong>primo</strong></span> <span class='ocrx_word' id='word_1_659' title='bbox 1549 1874 1658 1906; x_wconf 89' lang='lat' dir='ltr'><strong>velum</strong></span> <span class='ocrx_word' id='word_1_660' title='bbox 1680 1877 1737 1905; x_wconf 87' lang='lat' dir='ltr'><strong>aut</strong></span> <span class='ocrx_word' id='word_1_661' title='bbox 1759 1877 1963 1914; x_wconf 83' lang='lat' dir='ltr'><strong>praetextum</strong></span> <span class='ocrx_word' id='word_1_662' title='bbox 1988 1874 2132 1907; x_wconf 85' lang='lat' dir='ltr'><strong>malitiae</strong></span> 
     </span>
     <span class='ocr_line' id='line_1_99' title="bbox 1158 1916 2132 1958; baseline -0.001 -9"><span class='ocrx_word' id='word_1_663' title='bbox 1158 1927 1228 1949; x_wconf 91' lang='lat' dir='ltr'><strong>esse</strong></span> <span class='ocrx_word' id='word_1_664' title='bbox 1251 1921 1364 1958; x_wconf 88' lang='lat' dir='ltr'><strong>negat:</strong></span> <span class='ocrx_word' id='word_1_665' title='bbox 1397 1927 1460 1958; x_wconf 93' lang='lat' dir='ltr'><strong>quo</strong></span> <span class='ocrx_word' id='word_1_666' title='bbox 1482 1918 1656 1958; x_wconf 86' lang='lat' dir='ltr'><strong>significat,</strong></span> <span class='ocrx_word' id='word_1_667' title='bbox 1686 1927 1751 1948; x_wconf 88' lang='lat' dir='ltr'><strong>non</strong></span> <span class='ocrx_word' id='word_1_668' title='bbox 1775 1916 1846 1947; x_wconf 89' lang='lat' dir='ltr'><strong>ideo</strong></span> <span class='ocrx_word' id='word_1_669' title='bbox 1869 1926 1939 1948; x_wconf 89' lang='lat' dir='ltr'><strong>esse</strong></span> <span class='ocrx_word' id='word_1_670' title='bbox 1962 1916 2071 1948; x_wconf 89' lang='lat' dir='ltr'><strong>datam</strong></span> <span class='ocrx_word' id='word_1_671' title='bbox 2095 1921 2132 1949; x_wconf 90' lang='lat' dir='ltr'><strong>ut</strong></span> 
     </span>
     <span class='ocr_line' id='line_1_100' title="bbox 1157 1959 2132 2001; baseline 0.001 -10"><span class='ocrx_word' id='word_1_672' title='bbox 1157 1960 1323 2001; x_wconf 84' lang='lat' dir='ltr'><strong>proximos</strong></span> <span class='ocrx_word' id='word_1_673' title='bbox 1357 1960 1533 2001; x_wconf 90' lang='lat' dir='ltr'><strong>laedamus,</strong></span> <span class='ocrx_word' id='word_1_674' title='bbox 1570 1965 1626 1992; x_wconf 91' lang='lat' dir='ltr'><strong>aut</strong></span> <span class='ocrx_word' id='word_1_675' title='bbox 1660 1960 1834 2000; x_wconf 90' lang='lat' dir='ltr'><strong>quidquam</strong></span> <span class='ocrx_word' id='word_1_676' title='bbox 1863 1959 1928 1990; x_wconf 84' lang='lat' dir='ltr'><strong>illis</strong></span> <span class='ocrx_word' id='word_1_677' title='bbox 1957 1960 2132 1992; x_wconf 85' lang='lat' dir='ltr'><strong>afferamus</strong></span> 
     </span>
     <span class='ocr_line' id='line_1_101' title="bbox 1157 2002 2132 2045; baseline 0 -10"><span class='ocrx_word' id='word_1_678' title='bbox 1157 2003 1362 2036; x_wconf 88' lang='lat' dir='ltr'><strong>incommodi.</strong></span> <span class='ocrx_word' id='word_1_679' title='bbox 1418 2003 1509 2035; x_wconf 88' lang='lat' dir='ltr'><strong>Haec</strong></span> <span class='ocrx_word' id='word_1_680' title='bbox 1543 2003 1642 2045; x_wconf 89' lang='lat' dir='ltr'><strong>igitur</strong></span> <span class='ocrx_word' id='word_1_681' title='bbox 1676 2013 1754 2034; x_wconf 91' lang='lat' dir='ltr'><strong>vera</strong></span> <span class='ocrx_word' id='word_1_682' title='bbox 1787 2007 1836 2033; x_wconf 91' lang='lat' dir='ltr'><strong>est</strong></span> <span class='ocrx_word' id='word_1_683' title='bbox 1867 2002 2016 2041; x_wconf 89' lang='lat' dir='ltr'><strong>libertas,</strong></span> <span class='ocrx_word' id='word_1_684' title='bbox 2049 2013 2132 2044; x_wconf 84' lang='lat' dir='ltr'><strong>quae</strong></span> 
     </span>
     <span class='ocr_line' id='line_1_102' title="bbox 1158 2044 2133 2087; baseline -0.001 -9"><span class='ocrx_word' id='word_1_685' title='bbox 1158 2046 1282 2078; x_wconf 89' lang='lat' dir='ltr'><strong>nemini</strong></span> <span class='ocrx_word' id='word_1_686' title='bbox 1313 2045 1468 2078; x_wconf 90' lang='lat' dir='ltr'><strong>damnosa</strong></span> <span class='ocrx_word' id='word_1_687' title='bbox 1497 2050 1547 2078; x_wconf 88' lang='lat' dir='ltr'><strong>est</strong></span> <span class='ocrx_word' id='word_1_688' title='bbox 1574 2046 1627 2078; x_wconf 82' lang='lat' dir='ltr'><strong>vel</strong></span> <span class='ocrx_word' id='word_1_689' title='bbox 1650 2045 1757 2077; x_wconf 78' lang='lat' dir='ltr'><strong>noxia.</strong></span> <span class='ocrx_word' id='word_1_690' title='bbox 1801 2045 1847 2076; x_wconf 90' lang='lat' dir='ltr'><strong>Ut</strong></span> <span class='ocrx_word' id='word_1_691' title='bbox 1870 2044 1931 2078; x_wconf 89' lang='lat' dir='ltr'><strong>hoc</strong></span> <span class='ocrx_word' id='word_1_692' title='bbox 1954 2046 2133 2087; x_wconf 88' lang='lat' dir='ltr'><strong>confirmet,</strong></span> 
     </span>
     <span class='ocr_line' id='line_1_103' title="bbox 1158 2088 2131 2130; baseline 0 -9"><span class='ocrx_word' id='word_1_693' title='bbox 1158 2100 1212 2121; x_wconf 92' lang='lat' dir='ltr'><strong>eos</strong></span> <span class='ocrx_word' id='word_1_694' title='bbox 1245 2089 1438 2129; x_wconf 88' lang='lat' dir='ltr'><strong>pronuntiat</strong></span> <span class='ocrx_word' id='word_1_695' title='bbox 1476 2089 1594 2121; x_wconf 91' lang='lat' dir='ltr'><strong>liberos</strong></span> <span class='ocrx_word' id='word_1_696' title='bbox 1627 2089 1681 2130; x_wconf 90' lang='lat' dir='ltr'><strong>qui</strong></span> <span class='ocrx_word' id='word_1_697' title='bbox 1715 2088 1785 2119; x_wconf 93' lang='lat' dir='ltr'><strong>Deo</strong></span> <span class='ocrx_word' id='word_1_698' title='bbox 1820 2088 1978 2120; x_wconf 87' lang='lat' dir='ltr'><strong>serviunt.</strong></span> <span class='ocrx_word' id='word_1_699' title='bbox 2036 2089 2131 2121; x_wconf 89' lang='lat' dir='ltr'><strong>Unde</strong></span> 
     </span>
     <span class='ocr_line' id='line_1_104' title="bbox 1158 2131 2133 2173; baseline -0.002 -8"><span class='ocrx_word' id='word_1_700' title='bbox 1158 2132 1308 2173; x_wconf 88' lang='lat' dir='ltr'><strong>colligere</strong></span> <span class='ocrx_word' id='word_1_701' title='bbox 1338 2136 1524 2173; x_wconf 88' lang='lat' dir='ltr'><strong>promptum</strong></span> <span class='ocrx_word' id='word_1_702' title='bbox 1555 2136 1613 2170; x_wconf 86' lang='lat' dir='ltr'><strong>est,</strong></span> <span class='ocrx_word' id='word_1_703' title='bbox 1648 2132 1733 2162; x_wconf 91' lang='lat' dir='ltr'><strong>hunc</strong></span> <span class='ocrx_word' id='word_1_704' title='bbox 1763 2140 1834 2162; x_wconf 89' lang='lat' dir='ltr'><strong>esse</strong></span> <span class='ocrx_word' id='word_1_705' title='bbox 1867 2131 1966 2162; x_wconf 82' lang='lat' dir='ltr'><strong>finem</strong></span> <span class='ocrx_word' id='word_1_706' title='bbox 2001 2136 2133 2164; x_wconf 89' lang='lat' dir='ltr'><strong>nostrae</strong></span> 
     </span>
     <span class='ocr_line' id='line_1_105' title="bbox 1158 2174 2132 2216; baseline -0.001 -9"><span class='ocrx_word' id='word_1_707' title='bbox 1158 2175 1329 2215; x_wconf 88' lang='lat' dir='ltr'><strong>libertatis,</strong></span> <span class='ocrx_word' id='word_1_708' title='bbox 1359 2180 1395 2206; x_wconf 90' lang='lat' dir='ltr'><strong>ut</strong></span> <span class='ocrx_word' id='word_1_709' title='bbox 1425 2176 1640 2216; x_wconf 87' lang='lat' dir='ltr'><strong>promptiores</strong></span> <span class='ocrx_word' id='word_1_710' title='bbox 1670 2178 1701 2205; x_wconf 89' lang='lat' dir='ltr'><strong>et</strong></span> <span class='ocrx_word' id='word_1_711' title='bbox 1731 2174 1833 2213; x_wconf 80' lang='lat' dir='ltr'><strong>magis</strong></span> <span class='ocrx_word' id='word_1_712' title='bbox 1861 2174 2005 2214; x_wconf 83' lang='lat' dir='ltr'><strong>expediti</strong></span> <span class='ocrx_word' id='word_1_713' title='bbox 2028 2175 2132 2206; x_wconf 92' lang='lat' dir='ltr'><strong>simus</strong></span> 
     </span>
     <span class='ocr_line' id='line_1_106' title="bbox 1159 2216 2133 2258; baseline 0 -9"><span class='ocrx_word' id='word_1_714' title='bbox 1159 2218 1199 2250; x_wconf 88' lang='lat' dir='ltr'><strong>ad</strong></span> <span class='ocrx_word' id='word_1_715' title='bbox 1233 2218 1420 2257; x_wconf 89' lang='lat' dir='ltr'><strong>obsequium</strong></span> <span class='ocrx_word' id='word_1_716' title='bbox 1450 2218 1522 2250; x_wconf 89' lang='lat' dir='ltr'><strong>Dei.</strong></span> <span class='ocrx_word' id='word_1_717' title='bbox 1571 2217 1683 2258; x_wconf 89' lang='lat' dir='ltr'><strong>Neque</strong></span> <span class='ocrx_word' id='word_1_718' title='bbox 1717 2216 1804 2248; x_wconf 89' lang='lat' dir='ltr'><strong>enim</strong></span> <span class='ocrx_word' id='word_1_719' title='bbox 1838 2216 1926 2247; x_wconf 90' lang='lat' dir='ltr'><strong>aliud</strong></span> <span class='ocrx_word' id='word_1_720' title='bbox 1957 2221 2005 2248; x_wconf 88' lang='lat' dir='ltr'><strong>est</strong></span> <span class='ocrx_word' id='word_1_721' title='bbox 2035 2227 2133 2258; x_wconf 89' lang='lat' dir='ltr'><strong>quam</strong></span> 
     </span>
     <span class='ocr_line' id='line_1_107' title="bbox 1158 2259 2133 2302; baseline -0.002 -9"><span class='ocrx_word' id='word_1_722' title='bbox 1158 2261 1370 2293; x_wconf 88' lang='lat' dir='ltr'><strong>manumissio</strong></span> <span class='ocrx_word' id='word_1_723' title='bbox 1393 2271 1412 2292; x_wconf 90' lang='lat' dir='ltr'><strong>a</strong></span> <span class='ocrx_word' id='word_1_724' title='bbox 1434 2265 1578 2302; x_wconf 85' lang='lat' dir='ltr'><strong>peccato:</strong></span> <span class='ocrx_word' id='word_1_725' title='bbox 1606 2259 1695 2300; x_wconf 87' lang='lat' dir='ltr'><strong>atqui</strong></span> <span class='ocrx_word' id='word_1_726' title='bbox 1719 2262 1848 2300; x_wconf 91' lang='lat' dir='ltr'><strong>peccato</strong></span> <span class='ocrx_word' id='word_1_727' title='bbox 1872 2259 2051 2291; x_wconf 88' lang='lat' dir='ltr'><strong>dominium</strong></span> <span class='ocrx_word' id='word_1_728' title='bbox 2074 2260 2133 2292; x_wconf 89' lang='lat' dir='ltr'><strong>tol-</strong></span> 
     </span>
     <span class='ocr_line' id='line_1_108' title="bbox 1159 2301 2132 2343; baseline -0.002 -7"><span class='ocrx_word' id='word_1_729' title='bbox 1159 2304 1247 2343; x_wconf 89' lang='lat' dir='ltr'><strong>litur,</strong></span> <span class='ocrx_word' id='word_1_730' title='bbox 1277 2307 1315 2335; x_wconf 86' lang='lat' dir='ltr'><strong>ut</strong></span> <span class='ocrx_word' id='word_1_731' title='bbox 1338 2313 1372 2335; x_wconf 92' lang='lat' dir='ltr'><strong>se</strong></span> <span class='ocrx_word' id='word_1_732' title='bbox 1394 2304 1428 2334; x_wconf 90' lang='lat' dir='ltr'><strong>in</strong></span> <span class='ocrx_word' id='word_1_733' title='bbox 1452 2304 1684 2336; x_wconf 90' lang='lat' dir='ltr'><strong>subiectionem</strong></span> <span class='ocrx_word' id='word_1_734' title='bbox 1707 2302 1849 2333; x_wconf 87' lang='lat' dir='ltr'><strong>iustitiae</strong></span> <span class='ocrx_word' id='word_1_735' title='bbox 1872 2301 2019 2334; x_wconf 89' lang='lat' dir='ltr'><strong>domines</strong></span> <span class='ocrx_word' id='word_1_736' title='bbox 2041 2303 2132 2334; x_wconf 90' lang='lat' dir='ltr'><strong>addi-</strong></span> 
     </span>
     <span class='ocr_line' id='line_1_109' title="bbox 1159 2344 2134 2385; baseline -0.002 -6"><span class='ocrx_word' id='word_1_737' title='bbox 1159 2351 1244 2380; x_wconf 90' lang='lat' dir='ltr'><strong>cant.</strong></span> <span class='ocrx_word' id='word_1_738' title='bbox 1289 2346 1329 2377; x_wconf 92' lang='lat' dir='ltr'><strong>In</strong></span> <span class='ocrx_word' id='word_1_739' title='bbox 1358 2356 1495 2385; x_wconf 90' lang='lat' dir='ltr'><strong>summa,</strong></span> <span class='ocrx_word' id='word_1_740' title='bbox 1529 2350 1580 2378; x_wconf 89' lang='lat' dir='ltr'><strong>est</strong></span> <span class='ocrx_word' id='word_1_741' title='bbox 1609 2346 1710 2377; x_wconf 87' lang='lat' dir='ltr'><strong>libera</strong></span> <span class='ocrx_word' id='word_1_742' title='bbox 1737 2344 1887 2383; x_wconf 87' lang='lat' dir='ltr'><strong>servitus,</strong></span> <span class='ocrx_word' id='word_1_743' title='bbox 1922 2350 1954 2376; x_wconf 85' lang='lat' dir='ltr'><strong>et</strong></span> <span class='ocrx_word' id='word_1_744' title='bbox 1976 2355 2073 2378; x_wconf 86' lang='lat' dir='ltr'><strong>serva</strong></span> <span class='ocrx_word' id='word_1_745' title='bbox 2094 2345 2134 2377; x_wconf 86' lang='lat' dir='ltr'><strong>li-</strong></span> 
     </span>
     <span class='ocr_line' id='line_1_110' title="bbox 1159 2387 2133 2430; baseline -0.002 -8"><span class='ocrx_word' id='word_1_746' title='bbox 1159 2390 1277 2422; x_wconf 88' lang='lat' dir='ltr'><strong>bertas.</strong></span> <span class='ocrx_word' id='word_1_747' title='bbox 1326 2389 1412 2421; x_wconf 93' lang='lat' dir='ltr'><strong>Nam</strong></span> <span class='ocrx_word' id='word_1_748' title='bbox 1444 2389 1537 2422; x_wconf 91' lang='lat' dir='ltr'><strong>sicuti</strong></span> <span class='ocrx_word' id='word_1_749' title='bbox 1571 2398 1684 2421; x_wconf 83' lang='lat' dir='ltr'><strong>servos</strong></span> <span class='ocrx_word' id='word_1_750' title='bbox 1713 2387 1776 2418; x_wconf 88' lang='lat' dir='ltr'><strong>Dei</strong></span> <span class='ocrx_word' id='word_1_751' title='bbox 1806 2397 1876 2418; x_wconf 87' lang='lat' dir='ltr'><strong>esse</strong></span> <span class='ocrx_word' id='word_1_752' title='bbox 1906 2398 1964 2419; x_wconf 88' lang='lat' dir='ltr'><strong>nos</strong></span> <span class='ocrx_word' id='word_1_753' title='bbox 1994 2392 2133 2430; x_wconf 85' lang='lat' dir='ltr'><strong>oportet,</strong></span> 
     </span>
     <span class='ocr_line' id='line_1_111' title="bbox 1160 2429 2133 2472; baseline -0.002 -8"><span class='ocrx_word' id='word_1_754' title='bbox 1160 2438 1198 2465; x_wconf 91' lang='lat' dir='ltr'><strong>ut</strong></span> <span class='ocrx_word' id='word_1_755' title='bbox 1228 2433 1288 2464; x_wconf 89' lang='lat' dir='ltr'><strong>hoc</strong></span> <span class='ocrx_word' id='word_1_756' title='bbox 1315 2432 1398 2463; x_wconf 91' lang='lat' dir='ltr'><strong>bono</strong></span> <span class='ocrx_word' id='word_1_757' title='bbox 1426 2432 1589 2464; x_wconf 86' lang='lat' dir='ltr'><strong>fruamur:</strong></span> <span class='ocrx_word' id='word_1_758' title='bbox 1623 2432 1670 2463; x_wconf 91' lang='lat' dir='ltr'><strong>ita</strong></span> <span class='ocrx_word' id='word_1_759' title='bbox 1699 2429 1877 2462; x_wconf 89' lang='lat' dir='ltr'><strong>moderatio</strong></span> <span class='ocrx_word' id='word_1_760' title='bbox 1899 2431 2076 2472; x_wconf 88' lang='lat' dir='ltr'><strong>requiritur</strong></span> <span class='ocrx_word' id='word_1_761' title='bbox 2098 2432 2133 2463; x_wconf 90' lang='lat' dir='ltr'><strong>in</strong></span> 
     </span>
     <span class='ocr_line' id='line_1_112' title="bbox 1159 2473 2132 2517; baseline -0.002 -9"><span class='ocrx_word' id='word_1_762' title='bbox 1159 2477 1260 2517; x_wconf 84' lang='lat' dir='ltr'><strong>ipsius</strong></span> <span class='ocrx_word' id='word_1_763' title='bbox 1295 2485 1366 2507; x_wconf 85' lang='lat' dir='ltr'><strong>usu.</strong></span> <span class='ocrx_word' id='word_1_764' title='bbox 1417 2475 1491 2507; x_wconf 87' lang='lat' dir='ltr'><strong>Hoc</strong></span> <span class='ocrx_word' id='word_1_765' title='bbox 1518 2474 1613 2507; x_wconf 91' lang='lat' dir='ltr'><strong>modo</strong></span> <span class='ocrx_word' id='word_1_766' title='bbox 1641 2474 1760 2505; x_wconf 88' lang='lat' dir='ltr'><strong>liberae</strong></span> <span class='ocrx_word' id='word_1_767' title='bbox 1792 2473 1922 2513; x_wconf 91' lang='lat' dir='ltr'><strong>quidem</strong></span> <span class='ocrx_word' id='word_1_768' title='bbox 1951 2479 2029 2506; x_wconf 88' lang='lat' dir='ltr'><strong>sunt</strong></span> <span class='ocrx_word' id='word_1_769' title='bbox 2057 2485 2132 2507; x_wconf 91' lang='lat' dir='ltr'><strong>con-</strong></span> 
     </span>
     <span class='ocr_line' id='line_1_113' title="bbox 1159 2516 2132 2556; baseline 0 -6"><span class='ocrx_word' id='word_1_770' title='bbox 1159 2518 1322 2556; x_wconf 76' lang='lat' dir='ltr'><strong>scientiae,</strong></span> <span class='ocrx_word' id='word_1_771' title='bbox 1353 2517 1410 2549; x_wconf 90' lang='lat' dir='ltr'><strong>sed</strong></span> <span class='ocrx_word' id='word_1_772' title='bbox 1442 2518 1503 2550; x_wconf 91' lang='lat' dir='ltr'><strong>hoc</strong></span> <span class='ocrx_word' id='word_1_773' title='bbox 1526 2528 1591 2549; x_wconf 91' lang='lat' dir='ltr'><strong>non</strong></span> <span class='ocrx_word' id='word_1_774' title='bbox 1613 2516 1722 2549; x_wconf 91' lang='lat' dir='ltr'><strong>obstat</strong></span> <span class='ocrx_word' id='word_1_775' title='bbox 1745 2516 1823 2556; x_wconf 87' lang='lat' dir='ltr'><strong>quin</strong></span> <span class='ocrx_word' id='word_1_776' title='bbox 1847 2516 1918 2548; x_wconf 86' lang='lat' dir='ltr'><strong>Deo</strong></span> <span class='ocrx_word' id='word_1_777' title='bbox 1939 2517 2132 2556; x_wconf 86' lang='lat' dir='ltr'><strong>serviamus,</strong></span> 
     </span>
     <span class='ocr_line' id='line_1_114' title="bbox 1160 2559 1783 2603; baseline -0.005 -10"><span class='ocrx_word' id='word_1_778' title='bbox 1160 2562 1215 2603; x_wconf 90' lang='lat' dir='ltr'><strong>qui</strong></span> <span class='ocrx_word' id='word_1_779' title='bbox 1239 2562 1336 2594; x_wconf 89' lang='lat' dir='ltr'><strong>etiam</strong></span> <span class='ocrx_word' id='word_1_780' title='bbox 1359 2560 1545 2593; x_wconf 91' lang='lat' dir='ltr'><strong>hominibus</strong></span> <span class='ocrx_word' id='word_1_781' title='bbox 1568 2570 1627 2592; x_wconf 88' lang='lat' dir='ltr'><strong>nos</strong></span> <span class='ocrx_word' id='word_1_782' title='bbox 1647 2559 1783 2592; x_wconf 85' lang='lat' dir='ltr'><strong>subiicit.</strong></span> 
     </span>
    </p>
   </div>
   <div class='ocr_carea' id='block_1_9' title="bbox 1881 2705 1929 2731">
    <p class='ocr_par' dir='ltr' id='par_1_12' title="bbox 1881 2705 1929 2731">
     <span class='ocr_line' id='line_1_115' title="bbox 1881 2705 1929 2731; baseline 0.021 -1"><span class='ocrx_word' id='word_1_783' title='bbox 1881 2705 1929 2731; x_wconf 80' lang='lat'><strong>16â¸</strong></span> 
     </span>
    </p>
   </div>
  </div>
 </body>
</html>
