2513 3126
293 225 354 256 195

295 321 439 354 Proinde
470 326 503 352 ut
535 320 594 350 hoc
621 316 806 348 testimonio
829 316 960 347 iuvetur
982 325 1067 356 papa
1090 324 1163 346 cum
1186 316 1264 354 suis,

294 374 426 397 neccsse
449 363 538 403 prius
560 359 725 391 habebunt
745 369 867 397 omues,
890 357 1027 399 probare
1047 368 1081 389 sc
1097 368 1135 388 ex
1153 367 1265 389 eorum

296 417 366 439 esso
390 414 523 438 numero
547 403 601 442 qui
625 412 682 443 pro
705 402 809 433 salute
832 407 942 433 nostra
961 400 1106 442 vigilant.
1144 399 1216 432 Hoc
1238 400 1266 432 si

295 454 436 482 constet:
462 445 542 477 nihil
567 446 628 476 iam
651 445 714 476 erit
729 444 969 477 controversiae
985 444 1062 484 quin
1079 447 1266 474 reverenter

296 493 336 524 ab
360 490 510 522 omnibus
534 489 595 529 piis
618 488 777 520 colantur.

382 532 452 572 Ipsi
482 532 565 564 enim
594 530 732 572 viyilant.
779 529 852 569 Quo
875 529 948 570 plus
970 528 1076 560 oneris
1099 528 1267 568 sustinent,

295 587 332 608 eo
356 576 470 607 maiori
495 575 618 606 honore
641 573 757 615 dignos
779 572 949 613 significat.
988 572 1071 603 Nam
1096 581 1157 612 quo
1181 572 1266 611 quis-

297 629 359 660 que
383 619 456 659 plus
479 617 598 649 laboris
620 616 755 656 suscipit
774 620 886 647 nostra
901 624 1006 651 causa,
1030 620 1062 645 et
1077 624 1138 655 quo
1154 613 1266 645 maiori

296 661 486 694 difficultate
503 659 556 692 vel
580 659 723 700 periculo
747 669 780 690 se
800 658 891 690 nobis
910 657 1077 698 impendit,
1101 666 1137 687 eo
1156 666 1267 689 sumus

294 705 342 737 illi
372 704 477 745 magis
506 702 659 734 obstricti.
711 701 801 733 'Palis
830 707 936 733 autem
968 701 1186 741 episcoporum
1219 704 1266 732 est

293 747 428 784 functio,
458 751 493 777 ut
521 755 665 777 summas
696 744 729 775 in
759 755 793 776 se
823 744 999 784 molestias,
1030 748 1156 784 praeter
1179 752 1264 774 sum-

296 801 386 823 mum
410 788 599 830 periculum,
623 787 888 828 comprehendat.
933 786 998 818 Vix
1022 796 1107 826 ergo,
1130 785 1156 816 si
1181 786 1265 825 grati

297 844 366 866 esse
391 832 550 871 volumus,
578 830 686 862 licebit
714 835 871 871 quantum
895 829 959 861 illis
983 829 1125 866 debetur,
1153 838 1266 868 repen·

298 876 384 908 dere.
436 874 609 913 Praecipue
641 883 710 905 vero
743 883 841 913 quum
854 872 878 914 ¹)
912 873 1068 904 rationem
1105 871 1143 902 de
1174 870 1266 902 nobis

297 918 456 951 reddituri
491 917 557 948 sint
586 916 672 957 Deo,
707 916 877 956 indignum
909 921 994 947 esset
1027 914 1148 946 nullam
1180 914 1265 954 apud

297 972 356 993 nos
390 960 500 991 haberi
535 969 647 991 eorum
678 959 846 990 rationem.
899 958 1064 990 Admonet
1090 961 1266 998 praeterea,

297 1009 417 1045 quanta
450 1003 484 1034 in
515 1013 550 1034 re
579 1001 671 1034 nobis
700 1011 812 1033 eorum
842 1011 938 1042 opera
967 1001 1080 1041 prosit.
1129 999 1212 1031 Nam
1239 1000 1267 1031 si

297 1047 440 1088 pretiosa
470 1045 563 1077 nobis
593 1052 642 1076 est
665 1045 846 1076 animarum
872 1050 1053 1075 nostrarum
1079 1042 1176 1080 salus,
1207 1043 1265 1074 mi-

297 1091 385 1121 nime
402 1089 482 1120 viles
504 1093 602 1119 erunt
626 1088 681 1128 qui
704 1098 763 1128 pro
786 1087 841 1118 illa
858 1087 1026 1118 excubant.
1064 1086 1142 1117 Ideo
1158 1091 1266 1117 autem

297 1143 356 1164 nos
379 1131 498 1163 dociles
516 1141 587 1162 esse
606 1130 695 1162 iubet
713 1134 943 1171 promptosque
959 1129 998 1160 ad
1015 1128 1266 1169 obsequendum,

297 1180 333 1206 ut
373 1175 456 1215 quod
498 1184 555 1214 pro
593 1173 689 1205 officii
727 1173 916 1205 necessitate
953 1173 1074 1203 faciunt
1112 1178 1266 1213 pastores,

296 1218 436 1249 libenter
469 1226 596 1257 quoque
626 1222 658 1247 et
687 1216 786 1248 alacri
815 1216 921 1246 animo
951 1215 1079 1247 saciant.
1126 1215 1208 1246 Nam
1239 1214 1266 1246 si

297 1261 480 1292 restrictum
504 1259 667 1290 moestitia
687 1259 737 1289 vel
761 1258 867 1290 taedio
891 1258 1033 1289 animum
1058 1258 1208 1296 habeant,
1231 1261 1267 1289 ut

298 1303 376 1335 alias
400 1302 490 1343 probi
514 1303 579 1333 sint
602 1312 638 1332 ac
662 1301 726 1340 fidi,
759 1301 936 1332 reddentur
959 1304 1068 1332 tamen
1092 1301 1265 1342 pigriores:

298 1346 373 1387 quia
403 1356 467 1377 una
495 1356 567 1376 cum
599 1345 761 1375 hilaritate
788 1344 935 1376 concidet
957 1345 990 1375 in
1015 1345 1138 1385 agendo
1161 1345 1264 1385 vigor.

298 1389 376 1420 Ideo
407 1388 523 1419 inutile
554 1388 620 1418 fore
651 1387 735 1427 plebi
768 1387 938 1419 denuntiat
965 1388 1139 1428 apostolus⁷
1169 1388 1196 1420 si
1220 1389 1265 1419 in-

298 1431 497 1473 gratitudine
535 1441 593 1461 sua
630 1430 813 1470 pastoribus
851 1430 992 1462 dolorem
1033 1441 1070 1463 ac
1110 1431 1265 1472 gemitum

299 1475 426 1506 afferat:
452 1479 486 1504 ut
505 1473 666 1514 significet
682 1483 740 1504 nos
756 1473 825 1505 sine
842 1475 990 1514 propriae
1005 1474 1118 1506 salutis
1134 1475 1266 1513 iactura,

298 1527 364 1548 non
381 1517 447 1548 fore
463 1516 645 1556 pastoribus
661 1516 812 1548 molestos
828 1516 880 1547 vel
896 1516 1132 1558 immorigeros.
1157 1517 1265 1557 Quum

301 1561 356 1591 vix
381 1560 522 1591 decimus
546 1559 683 1599 quisque
700 1559 760 1590 hoc
775 1559 902 1600 cogitet,
927 1560 1003 1592 hinc
1018 1567 1152 1600 apparet
1168 1571 1266 1601 quan-

300 1608 352 1634 tus
377 1602 474 1643 vulgo
502 1603 543 1633 sit
573 1601 686 1632 salutis
718 1602 894 1643 neglectus.
939 1603 1007 1635 Nec
1030 1605 1144 1635 mirum
1169 1608 1218 1634 est
1239 1603 1266 1633 si

299 1649 367 1677 tam
391 1645 483 1686 pauci
508 1644 602 1676 hodie
621 1645 827 1686 reperiantur
845 1646 899 1686 qui
916 1653 1046 1678 strenue
1062 1658 1120 1688 pro
1135 1646 1268 1678 ecclesia

301 1689 366 1721 Dei
397 1689 541 1730 vigilent.
596 1688 829 1729 Praeterquam
861 1689 948 1720 enim
977 1690 1060 1730 quod
1091 1689 1275 1730 paucissimi

303 1738 381 1765 sunt
404 1733 524 1764 similes
549 1731 663 1773 Paulo,
687 1733 741 1772 qui
765 1743 800 1763 os
824 1739 970 1772 apertum
995 1732 1137 1764 habeant
1160 1732 1276 1765 clausis

304 1775 417 1817 populi
452 1775 597 1812 auribus,
632 1781 665 1806 et
694 1776 869 1806 constricto
900 1775 1009 1816 populi
1040 1776 1148 1814 corde,
1182 1786 1275 1807 suum

304 1820 365 1860 ipsi
400 1818 552 1849 dilatent:
586 1817 750 1849 Dominus
780 1818 876 1849 etiam
908 1819 1175 1860 ingratitudinem
1205 1819 1275 1850 vin-

305 1863 390 1894 dicat
419 1871 500 1901 quae
531 1860 650 1900 ubique
679 1861 745 1891 fere
768 1861 917 1893 invaluit.
963 1861 1073 1901 Quare
1097 1861 1277 1893 memineri-

303 1916 374 1936 mus
406 1903 444 1935 de
469 1909 580 1935 nostra
603 1903 783 1944 pervicacia
807 1914 927 1944 poenas
949 1906 1044 1945 sumi,
1073 1905 1199 1945 quoties
1222 1904 1275 1935 fri—

304 1953 382 1987 gent
405 1947 436 1977 in
462 1947 565 1978 officio
590 1951 744 1987 pastores,
769 1946 820 1979 vel
840 1947 949 1979 minus
967 1953 1043 1979 sunt
1062 1947 1166 1979 seduli
1182 1957 1275 1988 quam

304 1989 481 2029 expediret.
793 2016 795 2021 ,

393 2032 442 2063 18.
469 2031 660 2071 Confidimus
681 2032 772 2064 enim.
818 2031 991 2072 Postquam
1016 2043 1049 2064 se
1073 2043 1183 2064 eorum
1207 2043 1275 2073 pre—

311 2074 400 2105 cibus
430 2074 680 2113 commendavit,
712 2081 746 2106 ut
776 2085 830 2106 eos
859 2076 898 2106 ad
927 2076 1122 2115 precandum
1155 2077 1277 2114 incitet,

311 2117 477 2158 praedicat
501 2127 534 2148 se
558 2118 672 2148 bonam
697 2117 818 2148 habere
837 2119 1076 2150 conscientiam.
1118 2118 1278 2158 Quamvis

311 2161 396 2191 enim
439 2166 541 2191 totum
582 2160 738 2191 mundum
779 2160 949 2201 complecti
991 2162 1128 2193 debeant
1167 2171 1278 2201 preces

311 2208 452 2243 nostrae,
482 2203 576 2234 sicuti
606 2204 723 2234 caritas
746 2213 785 2234 ex
810 2213 874 2242 qua
897 2212 1046 2235 manant:
1075 2204 1277 2244 peculiariter

310 2251 418 2276 tamen
453 2256 509 2276 nos
545 2245 582 2276 de
615 2246 674 2285 piis
704 2251 735 2276 et
765 2247 885 2277 sanctis
915 2247 1098 2279 hominibus
1127 2247 1297 2278 convenite

309 2299 379 2319 esse
402 2288 565 2325 sollicitos,
592 2298 729 2328 quorum
752 2288 844 2319 nobis
867 2296 1030 2330 comperta
1054 2297 1101 2322 est
1124 2289 1277 2330 probitas,

309 2336 365 2362 aut
394 2331 475 2362 aliae
499 2331 631 2362 virtutis
661 2337 765 2362 notae.
810 2331 848 2362 In
874 2332 960 2363 hunc
983 2343 1059 2373 ergo
1081 2333 1178 2364 finem
1202 2343 1276 2363 con-

310 2374 464 2405 scientiae
502 2383 578 2404 suae
616 2374 837 2414 integritatem
876 2383 1115 2415 commemorat,
1152 2380 1187 2406 nt
1224 2385 1277 2406 eos

309 2418 413 2456 magis
429 2422 631 2447 commoveat
648 2417 687 2447 ad
704 2417 939 2456 suscipiendam
957 2419 1004 2449 sui
1023 2429 1141 2450 curam.
1168 2417 1276 2457 Quum

309 2459 400 2490 dicit:
433 2459 613 2490 Persuasus
636 2469 718 2498 sum,
746 2459 798 2490 vel
822 2461 957 2500 confido,
985 2463 1103 2501 partim
1126 2460 1186 2492 hoc
1209 2471 1296 2491 mo-›

309 2501 430 2533 destiae
457 2502 567 2539 servit,
599 2503 716 2542 partim
740 2502 885 2533 fiduciae.
930 2503 1095 2536 Particula
1125 2506 1163 2534 in
1195 2513 1274 2534 om-

308 2544 377 2575 nib
389 2555 448 2581 us,
474 2551 538 2575 tam
564 2544 602 2575 ad
627 2554 678 2575 res
697 2555 792 2584 quam
809 2545 848 2576 ad
866 2545 1012 2578 homines
1028 2547 1138 2578 referri
1156 2552 1275 2586 potest:

1041 218 1183 250 EPIS'P.
1208 219 1271 251 AD
1296 217 1544 251 HEBRAEOS

307 2587 417 2626 itaque
439 2587 473 2617 in
494 2587 601 2618 medio
620 2588 776 2628 relinquo.
814 2588 913 2619 Aliud
930 2596 1161 2630 argumentum
1177 2588 1275 2626 addit,
1293 2600 1295 2622 ,¹

386 2681 408 2714 ¹)
425 2687 496 2712 ergo.

2223 221 2283 253 196

1317 324 1380 347 non
1416 319 1480 345 tam
1515 313 1576 345 sibi
1610 314 1666 345 uni
1699 314 1867 354 privatim,
1908 324 2004 355 quam
2040 314 2102 346 illis
2135 315 2284 349 omnibus

1317 357 1413 389 utiles
1443 357 1510 388 fore
1539 366 1650 396 preces
1676 366 1756 398 quas
1779 367 1836 397 pro
1858 357 1926 397 ipso
1948 357 2140 398 concipient.
2187 359 2234 391 Ac
2257 360 2283 391 si

1318 400 1452 431 diceret:
1483 399 1555 430 Non
1586 403 1652 430 tam
1681 399 1762 431 mihi
1792 399 1925 432 consulo
1949 409 2043 440 quam
2069 400 2157 432 vobis
2180 402 2284 433 omni·

1317 443 1392 474 bus:
1425 442 1500 482 quia
1529 442 1562 472 in
1586 441 1646 473 hoo
1666 452 1836 474 commune
1856 442 2000 474 omnium
2025 442 2142 474 bonum
2166 444 2285 485 agitur,

1318 492 1352 517 ut
1376 485 1466 516 vobis
1490 484 1650 516 restituar.
1696 485 1782 516 Hinc
1805 485 1910 525 colligi
1936 484 2016 516 sorte
2040 492 2146 526 posset
2169 486 2284 527 proba-

1319 528 1390 559 bilis
1421 527 1618 566 coniectura,
1646 527 1803 568 epistolae
1830 532 1974 559 autorem
2005 529 2083 559 tunc
2109 527 2208 560 fuisse
2230 532 2286 560 aut

1319 570 1455 611 negotiis
1494 569 1700 609 implicitum,
1738 575 1794 602 aut
1827 570 1993 602 detentum
2028 572 2285 612 persequutionis

1319 619 1416 650 metu,
1448 613 1621 652 quominus
1651 613 1764 644 sistere
1793 623 1827 645 se
1858 619 1923 644 tam
1953 613 2016 644 cito
2049 623 2155 645 coram
2178 618 2285 655 posset

1319 656 1436 697 quibus
1467 654 1636 687 scribebat.
1684 655 1879 696 Quamquam
1899 656 1970 695 fieri
1987 658 2085 696 potest
2107 659 2141 688 ut
2163 656 2237 689 liber
2258 659 2285 689 et

1318 699 1478 738 expeditus
1505 698 1552 730 sic
1581 697 1736 739 loquatur,
1765 699 1841 738 quia
1863 701 1983 739 reputet
2004 698 2138 731 hominis
2159 709 2287 740 yressus

1317 742 1352 773 in
1384 751 1480 773 manu
1509 740 1572 772 Dei
1602 750 1676 772 esse.
1729 740 1827 781 quue
1855 742 2060 773 verisimilius
2090 745 2219 782 apparet
2248 751 2286 774 επ

1315 785 1376 824 fine
1397 783 1549 824 epistolae.
1557 782 1580 824 ¹)

1403 869 1453 901 20.
1485 868 1584 900 Porro
1614 868 1703 900 Deus
1729 869 1838 909 pacis,
1871 870 1926 909 qui
1953 871 2058 902 eduxit
2088 881 2125 902 ex
2155 870 2287 903 mortuis

1311 915 1471 952 pastorem
1486 912 1590 944 ovium
1604 921 1751 952 maynum
1766 912 1800 942 in
1814 912 1966 953 sanquine
1979 914 2149 945 testamenti
2160 914 2286 952 aeterni,

1317 955 1488 987 Dominum
1510 956 1649 986 nostrum
1671 953 1786 992 Iesum,
1822 954 1872 986 2l.
1895 955 2049 996 confirmet
2071 966 2124 988 vos
2145 957 2180 988 in
2202 957 2286 988 omni

1319 1007 1408 1038 opere
1437 997 1525 1034 bono,
1561 999 1596 1028 ut
1622 997 1751 1037 faciatis
1780 997 1846 1029 eius
1874 997 2074 1031 voluntatem:
2104 999 2223 1039 faciens
2251 1000 2286 1030 in

1317 1041 1403 1072 vobis
1425 1040 1504 1080 quod
1525 1042 1679 1079 acceptum
1701 1040 1742 1071 sit
1763 1049 1865 1072 coram
1887 1040 1963 1080 ipso,
1984 1052 2041 1081 per
2059 1040 2165 1073 Iesum
2183 1041 2287 1074 Chris-

1318 1086 1391 1124 tum,
1407 1084 1456 1114 cui
1470 1082 1573 1123 yloria
1587 1083 1622 1114 in
1637 1082 1761 1115 saecula
1775 1083 1975 1115 saeculorum.
2000 1084 2112 1116 Amen.
2135 1084 2187 1116 22.
2204 1084 2286 1117 Hor-

1317 1129 1364 1158 tor
1386 1128 1487 1157 autem
1509 1135 1572 1166 vos,
1600 1125 1726 1166 fratres,
1748 1125 1894 1165 suscipite
1915 1136 2081 1158 sermonem
2103 1127 2287 1159 exhortatio-

1317 1169 1377 1201 nis.
1433 1168 1475 1199 Et
1508 1169 1589 1199 enim
1622 1167 1762 1200 brevibus
1794 1168 1880 1200 vobis
1911 1170 2035 1209 scripsi.
2092 1169 2143 1201 23.
2179 1169 2289 1201 Scitote

1315 1213 1444 1252 fratrem
1464 1210 1655 1243 Timotheum
1677 1210 1810 1243 solutum
1833 1221 1905 1249 esse,
1929 1221 1996 1243 cum
2018 1222 2088 1253 quo,
2110 1213 2140 1244 si
2158 1213 2289 1244 celerius

1316 1255 1440 1291 venerit,
1468 1253 1573 1285 videbo
1595 1264 1656 1286 vos.
1702 1254 1752 1285 24.
1778 1253 1917 1286 Salutate
1939 1265 2041 1286 omnes
2064 1256 2118 1295 qui
2135 1257 2290 1296 praesunt

1317 1297 1402 1329 vobis
1423 1299 1450 1328 et
1465 1306 1566 1328 omnes
1581 1299 1712 1329 sanctos.
1752 1296 1896 1329 Salutant
1911 1308 1964 1329 vos
1981 1298 2068 1330 Itali.
2104 1299 2154 1330 25.
2174 1298 2289 1330 Gratia

1318 1350 1386 1372 cum
1409 1339 1550 1371 omnibus
1571 1339 1665 1380 vobis,
1688 1340 1798 1372 Amen.

1404 1425 1455 1457 20.
1479 1424 1567 1457 Deus
1592 1426 1694 1465 pacis.
1739 1425 1784 1457 Ut
1814 1432 1926 1457 mutuo
1945 1426 2041 1458 faciat
2065 1427 2147 1466 quod
2173 1436 2231 1466 pro
2255 1436 2289 1458 se

1322 1469 1392 1499 fieri
1408 1468 1504 1509 cupit,
1524 1468 1691 1508 epistolam
1710 1468 1830 1499 claudit
1846 1469 2036 1508 precatione.
2076 1469 2164 1500 Petit
2180 1474 2290 1500 autem

1320 1521 1338 1542 a
1363 1511 1431 1542 Deo
1463 1516 1499 1542 ut
1529 1511 1600 1542 illos
1628 1512 1660 1542 in
1691 1512 1780 1543 omni
1802 1521 1897 1551 opere
1921 1512 2002 1542 bono
2025 1512 2202 1547 confirmet,
2234 1511 2289 1542 vel

1319 1559 1416 1593 aptet,
1440 1553 1492 1585 vel
1510 1554 1663 1594 perficiat.
1702 1554 1740 1585 Id
1756 1553 1842 1585 enim
1859 1554 1945 1586 valet
1960 1553 2157 1595 καταρτίσαι.
2195 1553 2290 1585 Unde

1320 1597 1512 1637 colligimus,
1550 1606 1608 1627 nos
1642 1596 1681 1628 ad
1717 1597 1797 1628 bene
1831 1597 1993 1637 agendum
2028 1598 2161 1628 minime
2195 1600 2288 1637 aptos

1321 1641 1396 1679 fore,
1429 1640 1532 1671 donec
1555 1650 1572 1670 a
1595 1639 1666 1670 Deo
1689 1640 1817 1671 formati
1841 1641 1959 1671 simus:
1990 1650 2049 1671 nec
2072 1640 2106 1671 in
2129 1640 2212 1671 bono
2235 1639 2292 1670 diu

1321 1689 1471 1719 staturos,
1504 1682 1565 1714 nisi
1598 1692 1656 1714 nos
1687 1682 1865 1714 confirmet.
1918 1683 1978 1713 Est
2006 1683 2093 1714 enim
2124 1682 2290 1722 proprium

1320 1727 1386 1756 eius
1415 1725 1533 1756 donum
1565 1725 1816 1765 perseverantia.
1875 1724 1939 1756 Nec
1961 1725 2090 1757 dubium
2111 1728 2162 1762 est,
2193 1735 2288 1765 quum

1319 1768 1383 1799 iam
1413 1769 1447 1800 in
1474 1768 1540 1799 illis
1569 1777 1629 1799 non
1657 1768 1805 1808 vulyaria
1831 1767 1962 1799 lucerent
1982 1768 2063 1800 dona
2084 1768 2228 1807 spiritus,
2258 1770 2292 1798 ut

1319 1812 1420 1842 visum
1448 1814 1500 1851 est,
1532 1821 1592 1842 non
1610 1811 1753 1849 primam
1774 1810 1911 1850 formam
1932 1821 1994 1851 qua
2018 1810 2207 1848 inchoentur,
2237 1810 2291 1842 sed

1320 1854 1534 1893 expolitionem
1556 1863 1618 1893 qua
1636 1853 1767 1893 perfecti
1788 1854 1970 1893 reddantur,
1993 1854 2103 1893 optari.
2144 1853 2214 1885 Iam
2238 1853 2290 1884 de-

1320 1898 1499 1927 finitionem
1524 1896 1679 1927 honorum
1703 1907 1835 1936 operum
1859 1897 1960 1936 ponit,
1982 1906 2080 1936 quum
2101 1897 2160 1927 Dei
2178 1896 2290 1928 volun-

1321 1944 1419 1970 tatem
1449 1939 1563 1971 statuit
1591 1949 1648 1979 pro
1678 1938 1799 1980 regula.
1844 1939 1926 1970 Nam
1954 1940 1999 1970 ita
2021 1939 2192 1980 significat,
2223 1948 2289 1970 non

1320 1982 1381 2013 alia
1416 1993 1484 2013 esse
1519 1982 1667 2013 habenda
1697 1982 1780 2013 bona
1808 1992 1919 2022 opera,
1955 1983 2013 2013 nisi
2044 1992 2126 2022 quae
2157 1982 2197 2013 ad
2227 1981 2290 2012 Dei

1322 2025 1522 2056 voluntatem
1547 2025 1733 2065 exiguntur,
1764 2024 1859 2056 sicuti
1889 2025 1985 2056 etiam
2010 2025 2132 2056 Paulus
2159 2024 2199 2055 ad
2222 2024 2290 2055 Ro-

1322 2078 1431 2099 manos
1451 2067 1502 2106 12,
1526 2068 1555 2105 2,
1580 2075 1611 2098 et
1634 2067 1781 2107 pluribus
1804 2067 1875 2098 aliis
1893 2067 1971 2099 locis
1991 2067 2094 2099 docet.
2134 2067 2289 2098 Memine-

1322 2111 1422 2141 rimus
1463 2121 1539 2151 ergo
1579 2110 1664 2141 hanc
1705 2120 1774 2142 esse
1815 2111 1896 2141 bene
1935 2116 1966 2141 et
2006 2116 2115 2142 sancte
2158 2109 2290 2141 vivendi

1322 2154 1559 2193 perfectionem,
1584 2153 1659 2184 dum
1677 2153 1746 2184 vita
1769 2153 1808 2184 ad
1827 2153 1897 2184 eius
1914 2153 2128 2184 obedientiam
2144 2158 2192 2184 est
2208 2162 2291 2183 com-

1322 2197 1434 2236 posita.
1480 2195 1575 2235 Quod
1606 2196 1754 2235 proxime
1784 2196 1928 2236 sequitur
1951 2196 2142 2232 membrum,
2172 2194 2212 2225 ad
2236 2204 2290 2231 ex,-

1323 2238 1526 2278 plicationem
1557 2239 1653 2269 valet.
1710 2238 1902 2276 Faciem,
1936 2239 2054 2278 inquit,
2088 2237 2192 2278 quod
2224 2247 2290 2268 ac·

1322 2286 1483 2321 ceptum
1508 2281 1562 2313 sit
1586 2291 1719 2312 coram
1743 2281 1828 2312 illo.
1874 2281 2037 2321 Loquutus
2051 2283 2117 2312 crat
2131 2280 2169 2311 de
2184 2279 2291 2311 volun-

1322 2326 1389 2365 tate,
1413 2335 1493 2364 quae
1516 2325 1550 2355 in
1574 2324 1635 2364 Zeye
1651 2324 1808 2364 patefacta
1827 2326 1886 2355 est.-
1908 2333 1987 2354 nunc
2005 2323 2143 2363 ostendit,
2167 2323 2291 2363 frustra

1321 2366 1388 2398 Deo
1422 2367 1542 2398 obtrudi
1575 2367 1656 2406 quod
1689 2377 1750 2397 non
1781 2367 1951 2407 praecepit,
1985 2366 2059 2405 quia
2086 2376 2146 2397 sua
2170 2365 2290 2405 placita

1315 2409 1423 2448 pluris
1451 2410 1531 2450 facit
1560 2419 1655 2449 quam
1680 2419 1783 2441 omnes
1804 2409 1913 2441 mundi
1935 2409 2133 2440 inventiones.
2178 2410 2290 2447 Quum

1321 2452 1397 2483 dicit
1420 2453 1497 2483 Per
1520 2453 1656 2483 I‘esum
1680 2452 1915 2488 Christum,
1940 2451 2084 2482 bifariam
2105 2451 2164 2482 hoc
2183 2455 2289 2491 potest

1321 2496 1454 2534 exponi:
1480 2495 1540 2533 vel,
1564 2495 1682 2526 faciens
1705 2505 1762 2535 per
1780 2494 1888 2525 Iesum
1908 2493 2093 2525 Christum:
2117 2494 2180 2533 vel,
2203 2492 2290 2533 quod

1320 2538 1367 2568 illi
1394 2538 1519 2578 placeat
1549 2547 1605 2577 per
1629 2537 1735 2568 Iesum
1760 2536 1936 2568 Christum.
1983 2538 2030 2568 Ac
2061 2542 2195 2577 uterque
2219 2546 2290 2567 sen-

1319 2590 1373 2611 sus
1403 2581 1524 2621 optime
1547 2580 1705 2621 congruit.
1751 2579 1880 2611 Scimus
1904 2579 1989 2610 enim
2013 2584 2045 2611 et
2068 2581 2216 2620 spiritum
2240 2588 2288 2609 re-

1405 2683 1426 2717 ¹)
1443 2682 1523 2709 Haec
1542 2683 1650 2709 exstant
1667 2681 1724 2707 iam
1741 2681 1771 2707 in
1789 2680 1851 2708 edit.
1870 2689 1894 2708 α,
1915 2680 1988 2706 1541.
