2513 3126
119 190 180 221 277

123 286 299 318 tractandis
317 286 376 318 Dei
400 286 545 328 eloquiis
570 286 693 321 Christi
718 296 886 327 personam
903 285 1088 317 sustinent?

121 329 203 360 Inde
226 330 325 370 igitur
349 335 439 360 tanta
463 330 619 363 securitas
646 335 677 360 et
701 329 839 367 licentia,
871 327 954 368 quod
979 327 1089 366 paucis

120 372 154 403 in
188 379 328 403 mentem
359 373 448 403 venit
476 377 680 405 sacrosancta
711 372 800 404 verbi
833 371 892 402 Dei
923 369 1087 400 maiestas:

120 413 252 455 ideoque
282 419 435 454 tanquam
463 415 497 445 in
521 417 656 455 profana
679 415 876 446 villicatione
898 411 957 443 sibi
981 410 1087 442 indul-

121 463 207 497 gent.
247 457 375 489 Interea
397 457 579 498 colligimus
603 470 642 490 ex
662 458 750 488 Petri
773 455 890 492 verbis,
915 464 978 484 non
1002 453 1088 485 aliud

120 500 217 532 licere
240 500 279 531 iis
300 500 353 540 qui
373 499 412 531 ad
430 500 609 532 docendum
633 502 794 541 praesunt,
819 497 879 528 nisi
896 501 932 527 ut
947 496 1088 527 fideliter

120 547 282 582 acceptam
307 553 325 573 a
344 543 412 574 Deo
435 543 611 574 doctrinam
634 541 704 573 aliis
728 550 784 580 per
807 549 924 570 manus
947 539 1087 570 tradant.

120 585 218 616 Vetat
243 585 329 616 enim
349 595 542 625 quemquam
566 586 599 615 in
623 583 764 614 medium
787 581 924 630 prodire,
949 582 1010 613 nisi
1035 582 1087 621 qui

120 627 184 659 Dei
206 638 354 659 sermone
378 628 564 663 instructus,
589 632 743 666 tanquam
767 635 806 656 ex
830 635 898 656 eius
922 635 977 655 ore
999 629 1089 656 certa

118 671 249 702 oracula
266 671 419 710 proferat.
453 669 567 709 Itaque
583 668 706 700 nullum
726 667 878 699 humanis
896 667 1088 699 commentis

118 713 223 745 locum
253 712 416 752 relinquit.
467 711 581 742 Genus
611 712 697 743 enim
729 710 895 742 doctrinae
925 709 1007 750 quod
1037 720 1087 741 ec·

117 755 234 787 clesiae
265 754 455 785 tradendum
487 759 545 793 est,
576 754 716 785 breviter
748 753 870 785 definit.
915 753 982 785 Nec
1013 763 1088 784 vero

119 797 275 838 particula
305 795 541 835 similitudinis,
574 796 742 828 minuendi
772 806 870 828 causa
900 795 952 827 hic
983 796 1088 836 posita

117 846 175 878 est,
205 839 294 880 quasi
317 838 462 879 profiteri
485 839 632 877 sufficiat,
665 838 799 871 verbum
823 849 892 870 esse
918 838 980 870 Dei
1003 838 1087 878 quod

118 882 262 914 traditur.
320 881 403 913 Nam
442 881 502 913 hoc
536 882 611 913 olim
650 881 939 923 pseudoprophetis
974 882 1088 912 tritum

116 926 193 957 fuit:
225 930 256 955 et
286 923 379 955 hodie
402 924 550 956 videmus
572 935 668 965 quam
695 930 886 965 arroganter
908 934 992 965 papa
1014 934 1087 956 cum

115 968 180 999 suis
209 967 269 998 hoc
299 967 393 998 titulo
423 973 592 1008 praetexat
615 968 731 1008 impias
753 978 865 999 omnes
889 977 963 999 suas
987 966 1087 998 tradi-

115 1010 228 1041 tiones.
263 1010 308 1041 At
323 1010 443 1041 Petrus
466 1020 532 1041 non
549 1010 652 1042 voluit
668 1010 708 1041 ad
726 1010 924 1051 hypocrisim
941 1014 1087 1050 pastores

113 1053 294 1090 instituere,
317 1057 353 1084 ut
376 1055 504 1084 tantum
529 1064 546 1084 a
563 1054 634 1085 Deo
653 1064 687 1085 se
705 1053 822 1085 habere
839 1052 1088 1093 praetenderent

113 1105 343 1136 quamcunque
374 1096 451 1136 ipsis
483 1095 613 1127 libuerit
636 1096 779 1136 proferre
803 1096 998 1128 doctrinam:
1031 1095 1087 1126 sed

115 1149 156 1170 ex
187 1139 293 1178 reipsa
322 1143 552 1180 argumentum
582 1139 694 1177 sumit,
728 1143 764 1170 ut
794 1149 848 1170 eos
877 1138 917 1169 ad
946 1138 1087 1170 sobriam

117 1181 322 1220 modestiam,
357 1181 396 1212 ad
424 1181 486 1213 Dei
517 1182 680 1220 timorem,
715 1187 940 1222 attentumque
971 1181 1087 1223 agendi

114 1224 259 1256 studium
284 1224 440 1256 hortetur.

202 1266 240 1298 Si
261 1267 333 1307 quis
354 1268 521 1299 ministrat.
568 1268 657 1299 Haec
679 1267 818 1300 secunda
844 1268 966 1307 species
989 1267 1087 1298 latius

115 1313 213 1350 patet,
243 1310 307 1341 imo
338 1311 398 1341 sub
428 1321 462 1342 se
492 1311 638 1342 continet
662 1311 796 1342 docendi
818 1311 972 1342 officium.
1020 1309 1085 1342 Sed

115 1352 267 1393 quoniam
292 1353 422 1394 singula
444 1353 626 1384 ministeria
649 1364 817 1385 recensere
840 1354 934 1385 nimis
953 1353 1086 1394 longum

114 1396 242 1434 fuisset,
276 1396 462 1427 summatim
497 1396 535 1427 de
566 1396 715 1428 omnibus
745 1396 841 1427 simul
873 1397 1087 1437 pronuntiare

114 1438 248 1470 maluit:
279 1449 316 1471 ac
345 1439 371 1470 si
395 1439 546 1470 dixisset:
578 1449 802 1480 quamcunque
832 1439 938 1471 oneris
961 1444 1087 1480 partem

114 1482 277 1513 sustineas
307 1482 338 1513 in
369 1482 514 1522 ecclesia,
543 1482 625 1514 scias
649 1489 679 1513 te
703 1482 785 1513 nihil
808 1487 971 1522 praestare
994 1492 1087 1522 posse

115 1524 178 1556 nisi
209 1524 295 1564 quod
327 1535 345 1555 a
368 1524 509 1556 Domino
540 1525 650 1556 datum
675 1530 741 1556 est:
773 1535 831 1557 nec
855 1530 886 1556 te
908 1524 994 1556 aliud
1018 1535 1087 1556 esse

114 1577 212 1608 quam
238 1567 300 1599 Dei
324 1578 492 1608 organum.
536 1567 624 1599 Cave
647 1568 748 1608 igitur
771 1578 812 1599 ne
835 1567 896 1599 Dei
919 1568 1024 1608 gratia
1047 1567 1087 1599 ad

116 1615 148 1641 te
171 1609 371 1642 efferendum
394 1610 554 1642 abutaris:
585 1621 661 1642 cave
685 1621 726 1641 ne
749 1611 809 1642 Dei
834 1612 989 1642 virtutem
1013 1621 1086 1651 sup-

114 1653 247 1693 primas,
272 1663 354 1693 quae
378 1664 411 1684 se
434 1654 555 1684 exserit
578 1664 614 1685 ac
633 1653 756 1694 profert
779 1654 811 1684 in
831 1658 887 1685 tuo
907 1654 1086 1685 ministerio

112 1695 154 1727 ad
177 1696 313 1727 fratrum
337 1695 485 1728 salutem.
529 1696 695 1727 Ministret
718 1706 794 1737 ergo
819 1701 1016 1736 tanquam
1040 1706 1087 1728 ex

114 1738 191 1770 Dei
224 1739 402 1775 virtute,
438 1738 497 1770 hoc
527 1744 589 1777 est,
621 1739 702 1770 nihil
731 1740 790 1771 sibi
821 1739 987 1780 proprium
1018 1750 1088 1771 esse

114 1786 278 1822 reputans,
304 1781 471 1813 humiliter
489 1781 559 1813 Deo
583 1782 715 1822 eiusque
738 1782 890 1814 ecclesiae
913 1792 1008 1814 suum
1032 1783 1086 1814 ob-

113 1824 262 1864 sequium
285 1824 460 1864 impendat.

208 1866 246 1899 Ut
266 1868 301 1899 in
324 1867 466 1899 omnibus
485 1867 683 1908 ylorisicetur.
729 1867 840 1907 Quum
864 1867 940 1899 dicit
963 1868 997 1899 in
1021 1878 1087 1899 om-

115 1910 220 1950 nibus,
252 1914 316 1941 tam
349 1910 562 1941 masculinum
595 1920 699 1951 genus
720 1920 815 1950 quam
841 1916 993 1942 neutrum
1017 1921 1088 1943 esse

116 1955 238 1993 potest:
269 1958 365 1993 atque
395 1954 441 1985 ita
464 1953 517 1985 vel
541 1954 580 1984 ad
604 1953 696 1991 dona,
729 1953 779 1984 vel
803 1952 842 1984 ad
868 1954 1015 1986 homines
1039 1965 1087 1985 re-

114 1996 202 2034 ferri,
222 1996 356 2036 perinde
372 2001 543 2037 utrumque
560 1996 722 2028 convenit.
758 1996 884 2028 Sensus
903 2002 960 2034 est,
980 1997 1086 2028 Deum

115 2049 181 2069 non
205 2039 276 2069 ideo
301 2049 357 2070 nos
380 2049 494 2070 ornare
517 2040 584 2070 suis
609 2039 709 2076 donis,
734 2043 769 2070 ut
787 2049 822 2070 se
837 2040 945 2080 ipsum
961 2040 1086 2080 spoliet,

114 2091 214 2121 seque
238 2081 326 2112 velut
356 2082 453 2113 inane
482 2082 601 2113 idolum
625 2082 730 2121 faciat,
761 2092 853 2113 suam
877 2083 909 2113 in
935 2094 993 2114 nos
1017 2083 1086 2124 glo-

115 2124 197 2155 riam
222 2124 462 2155 transferendo:
494 2125 549 2156 sed
573 2125 679 2165 potius
703 2129 739 2156 ut
762 2136 820 2156 sua
843 2125 946 2165 gloria
969 2125 1085 2166 ubique

115 2166 268 2198 reluceat.
322 2167 463 2198 Proinde
500 2168 689 2208 sacrilegam
727 2178 796 2199 esse
832 2168 989 2200 donorum
1025 2169 1085 2200 Dei

115 2209 343 2250 pollutionem,
375 2219 474 2250 quum
505 2209 590 2241 aliud
621 2210 680 2242 sibi
712 2210 859 2243 homines
891 2217 1085 2251 proponunt,

116 2262 213 2292 quam
238 2258 273 2284 ut
290 2252 396 2284 Deum
416 2252 605 2293 glorificent.
643 2253 733 2285 Dicit
757 2264 825 2294 per
849 2254 1085 2292 Christum,

116 2297 191 2336 quia
222 2295 376 2336 quidquid
408 2295 563 2327 habemus
594 2295 632 2326 ad
662 2296 913 2328 ministrandum
946 2298 1085 2336 virtutis,

116 2338 203 2369 solus
237 2339 306 2378 ipse
340 2338 432 2369 nobis
470 2339 624 2378 suggerit.
680 2339 740 2371 Est
773 2340 859 2370 enim
893 2345 1007 2380 caput,
1045 2351 1086 2371 ex

116 2391 179 2421 quo
211 2386 313 2412 totum
344 2391 461 2422 corpus
491 2391 547 2421 per
570 2381 735 2413 iuncturas
758 2387 790 2413 et
813 2393 916 2414 nexus
939 2393 1084 2423 compac-

117 2428 185 2454 tum
216 2425 332 2456 crescit
360 2424 508 2460 Domine,
549 2429 645 2464 prout
673 2425 810 2466 singulis
838 2426 990 2457 membris
1019 2427 1085 2457 vim

117 2466 264 2506 inspirat.

205 2509 265 2542 Cui
297 2510 408 2550 yloria.
461 2509 616 2540 Nonnulli
651 2509 689 2540 ad
723 2510 892 2542 Christum
927 2512 1085 2543 referunt:

118 2562 232 2583 verum
256 2552 498 2584 circumstantia
529 2552 589 2584 loci
613 2552 753 2593 postulat
777 2560 812 2584 ut
835 2554 875 2585 ad
900 2553 1006 2585 Deum
1031 2565 1085 2594 po-

118 2595 182 2626 tius
206 2595 372 2626 referatur.
419 2595 600 2626 Confirmat
623 2595 706 2626 enim
732 2598 910 2635 proximam
938 2597 1086 2628 exhorta-

117 2638 246 2676 tionem,
279 2638 363 2678 quod
390 2638 477 2669 Deus
509 2639 579 2669 iure
613 2648 671 2668 suo
701 2648 829 2670 omnem
861 2640 997 2680 gloriam
1026 2640 1087 2671 sibi

1000 190 1149 222 CAPUT
1173 190 1231 221 IV.

2054 192 2118 223 278

1142 285 1303 317 vindicet:
1342 286 1476 327 ideoque
1514 286 1558 318 illi
1600 287 1754 319 scelerate
1788 288 1930 329 eripiant
1968 288 2116 319 homines

1142 329 1226 367 quod
1251 339 1344 359 suum
1377 335 1434 366 est,
1468 329 1544 361 dum
1574 330 1642 361 eius
1673 330 1808 371 gloriam
1840 331 1905 362 ulla
1937 331 1969 362 in
1995 341 2028 362 re
2060 337 2116 362 aut

1142 376 1233 409 parte
1256 371 1436 403 obscurant.

1229 456 1278 486 12.
1303 456 1426 493 Dilecti,
1456 468 1493 488 ne
1515 457 1672 489 miremini
1701 469 1796 498 quum
1819 459 2028 499 exploramini
2054 469 2115 498 per

1141 497 1241 537 iynem
1271 499 1312 530 ad
1341 500 1551 539 probationem
1581 501 1685 540 vestri,
1714 502 1848 541 perinde
1879 512 1914 534 ac
1942 503 1972 534 si
2001 512 2114 533 novum

1141 539 1264 578 aliquid
1294 542 1378 573 vobis
1407 542 1557 581 obtinqat:
1607 544 1656 575 13.
1693 543 1754 576 Sed
1783 547 1935 584 quatenus
1965 548 2114 577 consortes

1140 583 1214 613 estis
1240 584 1430 621 passionum
1463 584 1589 624 Gliristi,
1621 587 1769 627 gaudete:
1802 588 1835 617 ut
1865 587 1898 618 in
1930 588 2115 619 revelatione

1142 634 1258 664 quoque
1289 626 1405 665 yloriae
1438 628 1507 659 eius
1537 630 1704 668 qaudeatis
1736 630 1933 661 exsultantes.
1991 630 2041 661 14.
2078 629 2115 661 Si

1136 666 1263 706 probris
1285 668 1451 707 afficimini
1473 671 1506 700 in
1529 673 1651 703 nomine
1676 671 1802 712 Christi,
1826 672 1908 703 beati
1930 673 2018 703 estis:
2040 683 2113 712 quo-

1141 710 1229 740 niam
1258 711 1391 750 spiritus
1418 712 1536 752 ytoriae
1566 717 1593 745 et
1624 714 1688 746 Dei
1717 725 1811 754 super
1839 724 1894 746 vos
1919 725 1952 746 re
1977 716 2113 754 quiescit.

1143 752 1318 784 Secundum
1333 753 1418 792 ipsos
1433 755 1556 794 quidem
1571 758 1754 789 contumelia
1770 757 1928 797 aflicitur:
1947 758 2115 789 secundum

1140 805 1193 826 vos
1207 798 1310 827 autem
1324 796 1529 836 ylarifiieatur.
1566 800 1614 829 15.
1641 800 1689 832 Ne
1704 801 1777 840 quis
1798 801 1879 832 enim
1902 803 2037 831 vestrum
2055 810 2115 839 pa-

1141 838 1238 869 tiatur
1260 841 1296 870 ut
1316 839 1481 880 homicida,
1506 843 1559 871 aut
1580 842 1644 881 fur,
1668 846 1722 874 aut
1744 843 1909 883 maleficus,
1933 846 1987 874 aut
2004 843 2115 882 cupide

1140 880 1232 912 rebus
1247 881 1361 913 alienis
1377 882 1513 913 inhians.
1551 884 1598 915 16.
1626 885 1661 915 Si
1677 888 1777 917 autem
1792 889 1826 917 ut
1843 885 2055 926 Christianus,
2079 896 2116 916 ne

1136 924 1285 965 pudefiat,
1311 925 1371 955 imo
1389 925 1537 965 ylorificet
1552 926 1655 958 Deum
1677 928 1710 959 in
1726 928 1782 959 hac
1793 931 1895 967 parte.
1933 928 1981 960 17.
2008 929 2114 968 Quan-

1140 967 1305 1006 doquidem
1321 970 1347 998 et
1362 970 1481 1007 tempus
1492 971 1535 1000 est
1549 972 1583 1000 ut
1598 970 1751 1001 iudicium
1762 971 1892 1011 incipiat
1907 982 1927 1002 α
1942 971 2029 1003 domo
2040 971 2114 1004 Dei.

1230 1053 1277 1084 12.
1302 1052 1427 1089 Dilecti,
1451 1064 1488 1085 ne
1510 1055 1678 1086 miremini.
1713 1055 1879 1095 Frequens
1903 1057 1935 1088 in
1956 1057 2016 1088 hac
2032 1057 2115 1096 epis—

1142 1095 1206 1126 tola
1229 1096 1442 1127 afflictionum
1465 1097 1502 1127 fit
1532 1098 1667 1128 mentio:
1699 1107 1830 1129 causam
1861 1099 1937 1130 alibi
1961 1100 2112 1139 exposui-

1141 1148 1225 1169 mus.
1271 1138 1335 1170 Sed
1359 1139 1593 1170 observandum
1619 1146 1668 1171 est
1691 1139 1878 1172 discrimen:
1908 1142 1991 1181 quod
2014 1143 2112 1173 inter-

1142 1180 1219 1212 dum
1243 1181 1296 1211 ubi
1320 1182 1359 1212 ad
1383 1182 1574 1222 patientiam
1599 1182 1721 1214 hortari
1739 1183 1809 1214 vult
1833 1184 1952 1223 fideles,
1974 1185 2012 1215 de
2028 1195 2114 1216 com-

1142 1224 1295 1255 munibus
1312 1225 1397 1255 vitae
1415 1225 1577 1256 humanae
1593 1226 1758 1257 aerumnis
1774 1227 1807 1257 in
1821 1237 1938 1266 genere
1952 1227 2111 1267 loquitur:

1142 1266 1203 1298 hoc
1233 1272 1341 1298 autem
1372 1267 1439 1299 loco
1463 1278 1645 1300 sermonem
1673 1268 1770 1300 habet
1798 1269 1837 1300 de
1867 1270 2002 1306 iniuriis,
2033 1280 2113 1310 quas

1141 1310 1303 1340 sustinent
1319 1310 1429 1342 fideles
1453 1316 1584 1351 propter
1600 1311 1723 1343 Christi
1747 1322 1876 1343 nomen.
1910 1314 1956 1344 Ac
1973 1313 2111 1352 primum

1141 1352 1269 1393 quidem
1293 1353 1454 1393 admonet,
1486 1363 1552 1385 non
1576 1354 1691 1386 debere
1720 1354 1806 1394 ipsos
1837 1359 1991 1395 tanquam
2022 1355 2056 1385 in
2080 1367 2113 1386 re

1141 1395 1247 1426 subita
1271 1396 1321 1427 vel
1345 1396 1512 1436 inopinata
1530 1397 1659 1428 mirari:
1683 1407 1744 1438 quo
1759 1398 1931 1438 significat,
1953 1408 2007 1429 eos
2027 1399 2113 1437 prius

1140 1437 1238 1478 longa
1261 1438 1471 1470 meditatione
1493 1439 1533 1471 ad
1558 1439 1725 1472 ferendam
1748 1451 1877 1472 crucem
1906 1440 2021 1472 debere
2044 1451 2112 1472 esse

1141 1486 1354 1521 comparatos.
1396 1481 1551 1523 Quisquis
1575 1484 1661 1514 enim
1685 1483 1747 1515 hoc
1770 1484 1830 1515 sibi
1856 1484 2032 1523 proposuit,
2057 1485 2112 1515 mi-

1140 1523 1301 1555 litandum
1325 1525 1386 1556 sub
1410 1525 1542 1557 Christo
1565 1536 1644 1564 esse,
1670 1526 1696 1558 si
1719 1536 1781 1566 qua
1804 1527 2012 1567 persequutio
2035 1526 2111 1558 inci-

1141 1566 1233 1605 derit,
1256 1577 1319 1598 non
1343 1569 1621 1600 consternabitur:
1643 1569 1699 1601 sed
1724 1574 1880 1609 tanquam
1904 1569 2112 1609 assuefactus,

1140 1610 1303 1650 patienter
1325 1621 1396 1642 eam
1413 1611 1504 1642 feret.
1540 1612 1626 1652 Ergo
1643 1617 1678 1643 ut
1697 1613 1862 1652 praesenti
1879 1612 1979 1643 simus
1994 1613 2112 1651 animo,

1140 1663 1239 1692 quum
1263 1653 1442 1693 excipiendi
1475 1661 1551 1686 sunt
1575 1655 1862 1695 persequutiouum
1892 1655 2017 1692 fluctus,
2048 1665 2114 1687 ma—

1141 1700 1214 1726 ture
1237 1697 1403 1728 assuefieri
1420 1707 1476 1728 nos
1492 1703 1618 1738 oportet
1635 1697 1675 1729 ad
1692 1698 1934 1729 meditationem
1950 1697 2110 1730 assiduam

1141 1738 1255 1770 crucis.
1301 1739 1413 1779 Porro,
1441 1740 1564 1772 duobus
1589 1742 1792 1782 argumentis
1822 1741 1902 1772 utile
1928 1741 2019 1772 nobis
2042 1751 2112 1772 esse

1139 1782 1244 1813 crucis
1274 1782 1464 1814 exercitium
1495 1783 1626 1823 probat:
1660 1784 1746 1824 quod
1775 1783 1897 1815 scilicet
1927 1783 1987 1814 hoc
2019 1783 2112 1815 modo

1140 1824 1215 1856 fidei
1240 1830 1370 1856 nostrae
1386 1827 1647 1866 experimentum
1664 1827 1754 1858 Deus
1770 1826 1871 1866 capit:
1896 1825 2011 1857 deinde
2028 1826 2112 1866 quod

1139 1877 1251 1899 sumus
1285 1868 1409 1899 Christi
1444 1874 1620 1901 consortes.
1670 1869 1775 1901 Primo
1808 1870 1916 1909 itaque
1950 1868 2018 1900 loco
2053 1869 2113 1900 hoc

1140 1911 1232 1942 nobis
1255 1911 1287 1942 in
1312 1915 1455 1942 mentem
1475 1913 1594 1951 veniat,
1617 1923 1753 1944 examen
1779 1912 1847 1949 hoc,
1873 1921 1936 1951 quo
1959 1912 2113 1951 probatur

1140 1953 1220 1984 fides
1244 1958 1365 1993 nostra,
1396 1965 1466 1986 esse
1490 1955 1660 1996 plusquam
1685 1955 1914 1986 necessarium:
1941 1954 2050 1994 itaque
2074 1955 2112 1985 li-

1140 1996 1252 2027 benter
1268 1997 1557 2037 obtemperandum
1581 2009 1651 2030 esse
1669 1999 1747 2035 Deo,
1772 1997 1847 2028 dum
1864 1997 1962 2028 saluti
1982 2003 2112 2028 nostrae

1139 2040 1287 2071 consulit.
1345 2040 1525 2080 Praecipua
1559 2046 1667 2072 tamen
1701 2040 1876 2072 consolatio
1910 2050 1953 2071 ex
1987 2040 2111 2071 Christi

1139 2083 1290 2114 societate
1308 2083 1447 2122 petenda
1463 2089 1520 2115 est.
1556 2084 1631 2115 Ideo
1655 2094 1718 2115 non
1743 2088 1869 2114 tantum
1887 2082 1999 2113 mirari
2023 2089 2112 2114 vetat

1141 2125 1267 2162 Petrus,
1306 2136 1404 2165 quum
1439 2137 1509 2157 eam
1544 2127 1636 2158 nobis
1670 2126 1835 2167 proponit:
1873 2125 1930 2157 sed
1969 2127 2112 2166 gaudere

1139 2169 1236 2199 etiam
1264 2167 1363 2199 iubet.
1410 2169 1470 2200 Est
1503 2170 1632 2210 quidem
1667 2174 1699 2200 et
1732 2169 1786 2199 illa
1821 2168 1930 2208 gaudii
1964 2171 2111 2208 materia,

1139 2211 1222 2251 quod
1249 2211 1340 2242 Deus
1364 2211 1404 2242 ad
1428 2212 1501 2243 fidei
1526 2218 1654 2244 nostrae
1677 2212 1907 2252 probationem,
1937 2221 2110 2251 persequu-

1139 2254 1278 2284 tionibus
1302 2264 1360 2285 nos
1383 2260 1526 2286 exercet:
1550 2255 1606 2286 sed
1630 2256 1708 2286 haec
1732 2254 1835 2285 altera
1854 2253 1963 2294 gaudii
1987 2254 2110 2294 species

1138 2297 1233 2337 longe
1256 2302 1439 2336 exsuperat,
1463 2298 1546 2338 quod
1570 2299 1602 2329 in
1626 2307 1720 2328 suum
1744 2297 1890 2328 ordinem
1915 2306 1972 2327 nos
1994 2307 2109 2337 aggre—

1139 2346 1194 2380 gat
1217 2339 1303 2370 filius
1329 2339 1399 2378 Dei,
1431 2343 1469 2371 ut
1491 2341 1523 2372 in
1548 2340 1673 2372 beatam
1697 2340 1842 2371 coelestis
1865 2339 1988 2379 gloriae
2011 2341 2110 2372 socie-

1140 2388 1238 2413 tatem
1273 2392 1333 2413 nos
1368 2393 1476 2415 secum
1511 2383 1655 2414 adducat.
1712 2382 1902 2413 Tenendum
1937 2387 1985 2413 est
2022 2384 2109 2414 enim

1138 2426 1268 2457 axioma
1291 2425 1381 2466 illud,
1411 2437 1470 2458 nos
1493 2426 1772 2458 mortificationem
1796 2425 1920 2456 Christi
1952 2425 1985 2455 in
2012 2435 2110 2457 carne

1140 2475 1248 2499 nostra
1282 2468 1375 2506 ferre,
1410 2476 1443 2499 ut
1479 2470 1546 2500 vita.
1576 2470 1644 2500 eius
1678 2468 1905 2499 manifestetur
1938 2468 1971 2498 in
2006 2469 2108 2500 nobis.

1140 2511 1298 2542 Plurimae
1314 2511 1442 2550 quidem
1463 2512 1653 2543 afflictiones
1669 2512 1766 2542 etiam
1784 2511 1912 2550 reprobi
1928 2511 2108 2542 sustinent:

1139 2555 1194 2585 sed
1218 2554 1292 2594 quia
1314 2555 1453 2593 separati
1477 2559 1554 2585 sunt
1577 2564 1596 2584 a
1611 2554 1752 2591 Christo,
1776 2553 1859 2584 nihil
1878 2558 2007 2593 praeter
2027 2555 2108 2585 iram

1140 2596 1202 2628 Dei
1226 2602 1258 2628 et
1281 2597 1538 2628 maledictionem
1562 2597 1756 2637 concipiunt.
1790 2596 1841 2627 Ita
1865 2597 1900 2626 fit
1923 2599 1961 2627 ut
1977 2607 2029 2628 eos
2053 2598 2110 2627 tri-

1139 2640 1226 2671 stitia
1249 2644 1281 2671 et
1304 2639 1418 2671 horror
1442 2640 1568 2680 penitus
1591 2639 1769 2671 absorbeat.
1808 2639 1896 2670 Hinc
1918 2639 2019 2680 igitur
2043 2646 2109 2671 tota

1854 2698 1903 2723 18*
