2513 3126
130 191 192 223 397

132 290 287 331 religione
317 294 392 322 sunt
421 290 584 327 momenti,
614 290 809 328 praetereat:
841 295 904 316 non
929 285 1041 316 definit
1064 287 1097 316 in

134 333 323 365 universum
340 332 415 372 quid
438 333 480 364 sit
502 331 631 371 religio:
654 329 709 360 sed
732 328 884 359 admonet
907 328 1097 376 religionem

131 376 201 407 sine
231 375 282 407 his
311 375 444 406 minime
470 380 624 406 constare.
671 370 952 410 Quemadmodum
976 371 1003 401 si
1025 380 1098 410 quis

131 419 209 450 vino
250 423 282 449 et
319 417 470 458 crapulae
509 415 649 452 deditus,
691 424 725 445 se
759 416 994 453 temperantem
1029 423 1098 444 esse

132 461 243 493 iactet:
267 460 348 492 alter
371 470 446 492 vero
468 462 578 490 contra
600 457 749 497 excipiat,
773 460 1009 496 temperantem
1028 465 1098 487 esse

131 504 185 543 qui
216 503 291 535 vino
321 506 353 534 et
381 501 483 542 epulis
510 510 545 531 se
568 509 633 531 non
657 500 842 540 ingurgiat:
874 499 970 530 huius
993 498 1096 530 consi-

131 546 211 577 lium
240 556 305 577 non
333 544 404 580 erit,
434 547 533 573 totam
558 542 792 582 temperantiae
816 546 966 573 naturam
990 541 1097 580 expri-

132 598 230 626 mere,
263 587 318 619 sed
348 591 471 627 partem
508 584 667 616 duntaxat
697 595 794 616 unam
826 589 981 621 assumet,
1015 594 1097 624 quae

130 631 293 670 praesenti
320 637 434 661 causae
456 626 498 658 sit
521 627 736 659 accommoda.
781 626 835 657 Illi
858 628 942 658 enim
967 625 1097 668 ματαιό-

130 672 280 715 θρηςκοι,
318 671 356 702 de
395 670 509 710 quibus
550 670 708 711 disputat,
754 669 964 709 utplurimum
1004 669 1097 700 otiosi

129 723 206 748 sunt
238 717 458 747 ostentatores.
502 712 580 744 Ideo
612 712 746 744 Iacobus
773 712 902 744 aliunde
925 713 1096 744 aestiman-

131 757 204 789 dam
245 767 312 789 esse
351 755 557 795 religionem,
603 766 699 796 quam
741 765 780 786 ex
821 755 1096 786 caeremoniarum

129 810 245 841 pompa
273 799 373 830 docet.
417 798 499 829 Esse
529 798 615 829 enim
645 798 729 830 seria
751 798 902 830 exercitia
925 798 957 829 in
981 798 1097 838 quibus

130 851 284 883 occupare
319 850 353 872 se
383 840 520 872 debeant
550 841 612 872 Dei
641 841 789 873 cultores.
843 841 1034 872 Visitare
1063 841 1096 870 in

130 884 328 920 necessitate,
359 888 406 914 est
428 883 593 924 porrigere
616 894 747 915 manum
771 883 810 914 ad
834 894 888 915 eos
911 882 1097 915 allevaudos

130 928 182 968 qui
199 930 400 967 premuntur.
437 927 547 965 Quum
565 932 672 958 autem
697 927 761 958 sint
784 926 837 958 alii
862 936 988 967 quoque
1011 935 1096 958 com·

129 970 235 1010 plures
268 969 383 1009 quibus
417 968 579 1001 Dominus
613 979 801 1001 succurrere
835 970 939 1001 iubet:
982 979 1096 1010 synec-

129 1011 258 1043 dochice
289 1012 328 1042 de
357 1011 463 1043 viduis
487 1016 518 1043 et
541 1012 672 1053 pupillis
695 1013 853 1043 meminit.
899 1011 1008 1051 Quare
1032 1022 1098 1042 non

129 1054 263 1086 dubium
297 1061 345 1086 est
374 1055 450 1094 quin
481 1055 541 1086 sub
572 1065 639 1087 una
661 1056 723 1086 ista
745 1056 861 1095 specie,
894 1060 993 1086 totam
1017 1054 1097 1086 cari-

130 1100 230 1128 tatem
264 1097 355 1129 nobis
388 1097 606 1129 commendet:
641 1107 677 1130 ac
707 1098 732 1129 si
764 1098 897 1135 diceret,
933 1097 998 1136 Qui
1028 1097 1099 1129 vult

130 1139 242 1171 haberi
271 1139 448 1180 religiosus,
480 1140 576 1171 talem
606 1151 640 1172 se
669 1141 780 1181 probet
802 1141 852 1172 sui
875 1140 1098 1181 abnegatione,

130 1185 162 1213 et
191 1182 407 1214 misericordia
436 1183 468 1214 in
500 1183 663 1224 proximos
686 1193 722 1215 ac
745 1184 965 1215 beneficentia.
1010 1183 1098 1214 Dicit

129 1230 246 1263 autem,
281 1225 385 1265 apud
417 1226 559 1264 Deum,
594 1232 630 1257 ut
659 1227 817 1267 significet
847 1227 939 1258 aliter
969 1225 1098 1266 quidem

129 1267 233 1299 videri
256 1268 449 1309 hominibus,
473 1269 526 1308 qui
549 1270 693 1300 externis
718 1270 815 1301 larvis
839 1269 1017 1301 ducuntur:
1041 1268 1097 1300 sed

128 1310 327 1351 quarendum
347 1321 417 1342 esse
441 1311 516 1352 quid
532 1311 603 1343 Deo
627 1312 760 1352 placeat.
805 1311 930 1344 Deum
962 1317 1000 1343 et
1030 1321 1096 1352 pa-

128 1358 246 1392 trem,
270 1355 316 1386 sic
338 1354 475 1393 resolve,
499 1354 604 1386 Deum
629 1356 682 1395 qui
706 1361 798 1396 pater
820 1360 877 1387 est.

487 1484 665 1524 CAPUT
687 1484 742 1522 II.

216 1567 244 1598 1.
268 1567 397 1599 Fratres
418 1569 488 1608 mei,
520 1579 558 1600 ne
584 1569 617 1600 in
647 1567 872 1608 acceptionibus
888 1577 1098 1608 personarum

126 1609 221 1649 fidem
253 1610 392 1642 habeatis
420 1610 554 1642 Domini
587 1613 684 1643 nostri
714 1612 790 1642 Iesu
822 1610 938 1643 Christi
966 1621 1004 1643 ea:
1034 1611 1098 1650 opi-

127 1653 228 1684 nione.
265 1653 294 1685 2.
313 1653 350 1685 Si
372 1654 453 1685 enim
476 1655 636 1694 impressus
656 1654 752 1694 fuerit
773 1655 808 1686 in
828 1657 942 1686 coetum
964 1656 1099 1685 vestrum

127 1695 187 1736 vir,
217 1706 327 1728 aureos
352 1697 484 1728 annulos
504 1700 637 1738 qestans,
667 1699 745 1729 veste
767 1697 895 1728 indutus
917 1696 1098 1737 splendida:

127 1738 291 1778 inyressus
323 1742 425 1771 autem
456 1739 553 1779 fuerit
582 1743 608 1771 et
631 1750 756 1780 pauper
784 1740 818 1771 in
847 1740 975 1771 sordida
1005 1742 1099 1771 veste:

129 1780 158 1811 3.
177 1780 222 1812 Et
242 1783 440 1821 respexeritis
460 1783 495 1813 in
517 1793 586 1814 eum
607 1784 662 1823 qui
684 1785 792 1814 vestem
811 1783 873 1822 fert
893 1782 1098 1822 splendidam,

128 1833 164 1855 ae
179 1824 207 1855 ei
229 1824 392 1856 dixeritis:
413 1827 447 1856 tu
468 1826 536 1857 sede
557 1825 606 1857 hie
627 1826 784 1857 honneste:
807 1828 834 1857 et
851 1827 990 1866 pauperi
1012 1825 1098 1857 dixe-

127 1867 216 1898 ritis:
245 1869 279 1898 tu
307 1869 356 1899 sta
385 1868 466 1900 illic:
492 1869 555 1900 vel.-
591 1870 661 1900 sede
689 1870 734 1900 sic
756 1868 813 1900 sub
835 1868 963 1901 scabello
982 1869 1098 1908 pedum

128 1918 277 1941 meorum:
321 1910 350 1942 4.
378 1921 480 1943 annon
501 1911 667 1944 diiudicati
689 1912 762 1943 estis
789 1912 824 1943 in
846 1911 930 1944 vobis
952 1912 1041 1952 ipsis,
1072 1913 1099 1943 et

127 1951 206 1991 facti
227 1953 345 1985 iudices
369 1954 524 1986 matarum
546 1954 791 1995 eoyitationum?

216 2039 354 2071 Videtur
382 2040 485 2079 primo
507 2040 660 2081 adspectu
683 2040 893 2081 reprehensio
916 2039 995 2072 haec
1018 2039 1099 2071 dura

129 2085 161 2112 et
191 2081 339 2114 absurda.
385 2082 446 2113 Est
476 2083 561 2114 enim
594 2083 654 2114 hoe
676 2094 777 2114 unum
802 2084 887 2114 inter
910 2083 1014 2114 officia
1036 2082 1096 2113 hu—

128 2125 294 2156 manitatis
328 2135 393 2156 non
427 2127 672 2166 negligendum,
714 2126 834 2157 honore
875 2126 1004 2157 afficere
1044 2135 1098 2156 eos

128 2167 182 2206 qui
214 2168 247 2198 in
277 2168 397 2199 mundo
428 2169 601 2200 excellunt.
646 2169 773 2200 Deinde
803 2169 830 2200 si
860 2169 1002 2209 acceptio
1025 2178 1097 2209 per-

128 2219 282 2241 sonarum
312 2210 425 2242 vitiosa
448 2215 505 2248 est,
537 2211 700 2243 eximendi
722 2214 818 2242 erunt
840 2212 925 2243 servi
949 2211 988 2242 ab
1011 2211 1098 2243 omni

129 2252 336 2285 subiectione:
369 2254 446 2293 quia
475 2253 606 2286 libertas
629 2260 661 2285 et
683 2255 823 2286 servitus
846 2255 878 2285 in
903 2265 1056 2294 personas
1080 2265 1098 2285 a

129 2294 231 2326 Paulo
261 2296 469 2336 deputantur.
514 2297 605 2328 Idem
637 2302 669 2329 et
698 2297 737 2328 de
759 2298 1003 2338 magistratibus
1026 2307 1095 2328 sen-

129 2337 273 2370 tiendum
304 2340 374 2371 erit.
421 2339 486 2371 Sed
517 2339 633 2371 harum
662 2347 885 2380 quaest1onum
913 2341 1013 2372 facilis
1037 2341 1098 2371 erit

129 2380 257 2419 solutio,
288 2383 314 2413 si
344 2392 406 2414 non
437 2390 630 2422 separentur
658 2393 740 2423 quae
763 2383 898 2415 Iacobus
922 2383 1097 2423 coniungit.

130 2421 243 2463 Neque
273 2425 356 2456 enim
380 2426 569 2466 simpliciter
592 2427 752 2466 improbat
775 2426 858 2466 quod
884 2426 1006 2457 honore
1029 2436 1099 2466 pro-

131 2472 309 2505 sequantur
335 2468 463 2499 divites:
498 2469 553 2500 sed
577 2469 660 2509 quod
685 2469 716 2500 id
741 2470 858 2500 faciant
880 2480 954 2500 cum
979 2480 1097 2509 paupe-

131 2518 202 2538 rum
233 2511 443 2541 contumelia:
474 2511 570 2551 idque
599 2512 716 2543 melius
745 2512 868 2553 patebit
898 2522 939 2543 ex
962 2522 1098 2551 sequen-

131 2550 227 2589 tibus,
257 2562 356 2591 quum
385 2554 493 2584 omnia
523 2555 683 2586 revocabit
711 2555 751 2586 ad
774 2554 919 2587 caritatis
943 2555 1097 2595 regulam.

131 2592 240 2632 Quare
256 2595 508 2634 meminerimus,
530 2607 601 2628 eam
618 2598 767 2629 damnari
789 2599 1004 2637 acceptionem
1029 2607 1098 2637 per-

131 2646 294 2676 sonarum,
325 2648 389 2678 qua
421 2639 466 2670 sic
499 2640 663 2671 extollitur
696 2640 788 2672 dives
821 2647 858 2671 ut
891 2640 1009 2671 iniuria
1043 2640 1099 2671 fiat

1011 188 1159 220 CAPUT
1182 188 1227 220 11.

2058 194 2120 225 398

1150 287 1292 325 pauperi.

1150 328 1299 360 ostendit.

1349 286 1443 325 Quod
1484 288 1581 319 etiam
1622 288 1794 320 verborum
1829 293 2001 320 contextus
2033 290 2118 320 clare

1345 329 1390 360 Et
1420 339 1496 361 sane
1526 330 1716 362 ambitiosus
1743 337 1793 362 est
1815 330 1918 363 honos
1941 332 2119 372 plenusque

1151 372 1313 409 vanitatis,
1347 373 1401 411 qui
1432 372 1524 404 diviti
1552 372 1723 404 exhibetur
1753 384 1895 414 paupere
1924 380 2118 414 contempto.

1150 413 1217 445 Nec
1250 414 1382 445 dubium
1417 420 1466 446 est
1498 415 1576 455 quin
1610 419 1725 456 regnet
1758 417 1891 448 ambitio
1920 421 1953 449 et
1983 418 2118 455 vanitas,

1150 456 1205 486 ubi
1233 456 1319 488 solae
1350 457 1448 488 huius
1477 458 1589 489 mundi
1613 458 1722 490 larvae
1744 464 1820 489 sunt
1842 460 1875 490 in
1900 460 2010 499 pretio.
2058 460 2119 491 Te-

1150 499 1291 529 nendum
1323 504 1374 531 est
1403 500 1483 531 illud
1514 502 1650 539 axioma,
1682 501 1806 532 censeri
1833 502 1919 533 inter
1942 503 2032 543 regni
2058 502 2120 533 Dei

1150 540 1314 580 haeredes,
1349 543 1402 581 qui
1434 544 1586 583 reprobos
1615 544 1803 580 contemnit,
1839 544 1977 576 honorat
2008 549 2118 576 autem

1150 584 1301 615 timentes
1331 584 1518 618 Dominum.
1571 586 1635 618 Hic
1664 596 1742 627 ergo
1773 587 1972 618 contrarium
2004 588 2119 619 vitium

1150 626 1332 664 damnatur,
1366 638 1465 667 quum
1495 628 1615 660 scilicet
1647 629 1713 661 solo
1744 628 1933 661 divitiarum
1961 636 2119 669 respectu,

1150 670 1246 700 etiam
1270 669 1371 700 malos
1394 670 1517 702 honore
1540 672 1743 712 prosequitur
1766 672 1932 712 quispiam,
1965 682 2039 703 cum
2063 673 2117 704 bo-

1149 722 1264 742 norum
1294 713 1498 750 contumelia,
1533 720 1567 745 ut
1598 715 1718 746 dictum
1749 719 1808 746 est.
1853 714 1963 753 Quare
1986 715 2013 745 si
2036 725 2119 746 seor—

1149 764 1221 785 sum
1244 754 1345 795 legas:
1376 755 1493 787 Peccat
1515 758 1568 796 qui
1592 757 1685 788 diviti
1709 757 1864 798 assurgit:
1895 756 2036 788 absurda
2059 759 2119 788 erit

1148 798 1321 829 sententia.
1366 796 1403 829 Si
1432 803 1539 829 autem
1571 800 1777 837 coniunctim,
1808 800 1924 831 Peccat
1954 800 2008 840 qui
2036 799 2119 831 solos

1149 839 1266 871 divites
1296 840 1417 871 honore
1447 840 1609 881 dignatur,
1639 853 1736 882 quum
1766 853 1924 882 pauperes
1952 842 2118 882 despiciat,

1149 882 1215 914 imo
1238 883 1393 923 probrose
1416 889 1550 915 tractet:
1572 885 1624 924 pia
1647 891 1678 916 et
1702 896 1777 916 vera
1801 885 1947 916 doctrina
1969 886 2038 917 erit.

1238 926 1266 956 1.
1292 925 1342 957 Ne
1361 926 1454 965 fidem
1476 926 1511 957 in
1533 927 1765 967 acceptionibus.
1811 928 1985 968 Significat
2011 938 2120 968 perso-

1151 978 1265 1000 narum
1289 970 1491 1008 acceptiones
1515 970 1560 1000 sic
1583 970 1765 1010 discrepare
1788 980 1806 1000 a
1828 971 1892 1001 fide
1916 970 2051 1008 Christi,
2081 976 2117 1002 ut

1150 1011 1246 1043 simul
1280 1011 1371 1052 iungi
1405 1017 1583 1051 nequeant:
1616 1012 1713 1052 idque
1747 1013 1871 1044 merito.
1923 1013 2004 1044 Fide
2033 1013 2120 1044 enim

1150 1054 1359 1086 coalescimus
1375 1054 1409 1085 in
1426 1065 1525 1086 unum
1541 1065 1668 1096 corpus,
1694 1057 1725 1086 in
1747 1066 1808 1096 quo
1825 1055 1976 1088 Christus
1999 1056 2121 1096 primas

1151 1102 1248 1128 tenet.
1301 1097 1390 1137 Ergo
1424 1108 1522 1137 quum
1555 1099 1799 1138 supereminent
1832 1098 1943 1129 mundi
1977 1108 2121 1138 pompae,

1150 1144 1187 1171 ut
1216 1139 1300 1180 quod
1329 1139 1453 1171 Christi
1483 1144 1533 1171 est
1561 1141 1710 1180 obruant,
1740 1141 1837 1172 fidem
1865 1151 1979 1181 parum
2012 1142 2121 1182 vigere

1150 1188 1293 1222 apparet.
1339 1182 1434 1222 Quod
1459 1183 1558 1223 posui,
1590 1194 1637 1214 ex
1659 1184 1868 1224 opinione,
1891 1184 2063 1215 Erasmum
2086 1184 2120 1215 in

1151 1236 1188 1256 eo
1218 1230 1373 1265 sequutus
1402 1236 1483 1257 sum.
1529 1225 1735 1267 Quamquam
1764 1227 1958 1266 reprehendi
1981 1237 2046 1258 non
2069 1236 2122 1266 po—

1151 1273 1215 1299 test
1244 1275 1339 1299 vetus
1368 1269 1527 1308 interpres
1557 1270 1613 1308 qui
1644 1269 1779 1309 gloriam
1809 1269 1984 1301 transtulit.
2035 1268 2121 1307 Δόξα

1151 1312 1238 1342 enim
1256 1311 1391 1342 Graecis
1408 1317 1581 1352 utrumque
1596 1312 1774 1352 significat:
1798 1317 1830 1343 et
1853 1318 1927 1352 apte
1950 1312 1990 1343 ad
2006 1311 2120 1343 Chris-

1150 1358 1222 1385 tum
1256 1353 1375 1385 referre
1409 1359 1530 1394 potest:
1564 1354 1659 1394 idque
1690 1365 1747 1395 pro
1777 1355 1837 1387 loci
1867 1355 2120 1387 circumstantia.

1151 1397 1276 1428 Tantus
1299 1397 1385 1428 enim
1408 1402 1457 1428 est
1479 1397 1601 1428 Christi
1624 1397 1787 1438 splendor,
1810 1400 1847 1428 ut
1870 1407 1982 1428 omnes
2004 1398 2117 1428 mundi

1151 1440 1271 1481 glorias
1301 1439 1394 1470 facile
1423 1440 1617 1480 exstinguat.
1651 1441 1677 1471 si
1709 1441 1837 1481 quidem
1861 1440 1970 1472 oculos
1993 1442 2122 1472 nostros

1151 1482 1294 1513 irradiet.
1340 1482 1434 1514 Unde
1465 1483 1618 1522 sequitur,
1649 1482 1819 1514 Christum
1849 1493 1867 1514 a
1898 1482 1990 1514 nobis
2012 1483 2120 1523 parvi-

1151 1526 1221 1556 fieri
1253 1535 1351 1565 quum
1383 1536 1440 1556 nos
1468 1530 1555 1556 tenet
1586 1526 1770 1557 mundanae
1797 1525 1919 1567 gloriae
1942 1525 2121 1557 admiratio.

1151 1567 1277 1599 Verum
1316 1568 1419 1600 altera
1452 1578 1578 1608 quoque
1611 1569 1768 1608 expositio
1801 1569 1923 1609 optime
1957 1569 2120 1600 convenit.

1151 1611 1236 1642 Nam
1253 1611 1330 1642 dum
1352 1621 1449 1651 opum
1473 1611 1523 1643 vel
1547 1611 1707 1643 honorum
1730 1611 1838 1651 opinio
1861 1615 1988 1643 nostros
2012 1611 2121 1643 oculos

1150 1654 1350 1694 perstringit,
1372 1655 1491 1685 veritas
1508 1654 1733 1694 supprimitur:
1758 1664 1840 1694 quae
1856 1654 1926 1686 sola
1941 1654 2051 1686 valere
2068 1654 2120 1684 de-

1152 1697 1254 1728 bebat.
1300 1696 1446 1729 Sedere
1475 1696 1646 1728 honeste
1677 1697 1768 1736 dixit,
1802 1707 1859 1738 pro
1890 1697 2033 1729 sessione
2064 1696 2120 1728 ho·

1150 1740 1292 1772 norifica.

1236 1783 1266 1814 4.
1289 1782 1403 1814 Annon
1430 1782 1597 1814 diiudicati
1624 1783 1706 1815 estis.
1752 1783 1865 1814 Potest
1886 1786 1953 1813 tam
1977 1781 2121 1813 affirma-

1150 1826 1218 1856 tive
1252 1836 1347 1866 quam
1379 1825 1609 1865 interrogative
1646 1825 1724 1867 legi:
1770 1825 1826 1857 sed
1869 1826 1981 1856 eodem
2022 1834 2122 1865 prope

1150 1879 1256 1900 sensu.
1302 1868 1441 1908 Culpam
1471 1868 1557 1899 enim
1587 1879 1628 1899 ex
1658 1878 1696 1900 eo
1726 1868 1910 1908 amplificat,
1942 1867 2025 1908 quod
2059 1867 2121 1899 sibi

1150 1911 1299 1952 placeant
1330 1911 1382 1942 vel
1410 1910 1601 1951 indulgeant
1623 1911 1657 1942 in
1681 1914 1774 1942 tanta
1796 1911 1963 1951 pravitate.
2011 1909 2047 1942 Si
2070 1911 2120 1941 in—

1151 1955 1347 1994 terrogative
1377 1954 1475 1994 legas,
1504 1953 1557 1985 hic
1584 1954 1646 1985 erit
1669 1964 1793 1994 sensus,
1826 1955 1878 1985 An
1902 1963 1967 1984 non
1991 1953 2121 1993 propria

1150 1998 1346 2029 conscientia
1376 2007 1433 2028 vos
1465 2002 1552 2027 tenet
1578 1997 1750 2035 convictos,
1783 2002 1818 2028 ut
1841 1997 1904 2028 alio
1927 1995 2032 2027 iudice
2056 2006 2121 2026 non

1150 2041 1192 2072 sit
1223 2039 1324 2080 opus?
1370 2039 1407 2070 si
1438 2039 1688 2071 affirmationem
1711 2039 1814 2078 malis,
1844 2039 1977 2079 perinde
2000 2038 2121 2070 valebit

1150 2094 1187 2115 ac
1216 2083 1244 2114 si
1271 2083 1412 2120 dixisset,
1447 2082 1518 2113 Hoc
1539 2092 1666 2122 quoque
1689 2082 1766 2113 mali
1788 2082 1913 2120 accidit,
1947 2082 2031 2122 quod
2055 2092 2120 2112 non

1149 2126 1278 2157 sentitis
1295 2136 1351 2157 vos
1373 2134 1514 2165 peccare,
1539 2135 1597 2157 nec
1619 2130 1742 2157 vestras
1764 2125 1976 2165 cogitationes
1999 2133 2117 2165 pravas

1150 2179 1220 2200 esse
1244 2176 1279 2200 ut
1301 2173 1384 2205 sunt,
1409 2168 1594 2208 agnoscitis.

1235 2254 1265 2285 5.
1288 2253 1414 2293 Audite,
1442 2253 1555 2293 fratres
1582 2254 1641 2284 mei
1663 2253 1779 2284 dilecti.-
1808 2263 1906 2285 nonne
1928 2252 2016 2283 Deus
2038 2252 2121 2292 etiyit

1146 2307 1302 2337 pauperes
1333 2296 1442 2327 mundi
1475 2296 1580 2337 liuius,
1617 2296 1726 2328 divites
1759 2296 1794 2327 in
1824 2295 1894 2335 fide,
1927 2298 1953 2325 et
1975 2294 2120 2326 haeredes

1149 2340 1247 2380 reyni,
1276 2339 1356 2379 quod
1380 2339 1528 2378 promisit
1557 2340 1600 2370 iis
1628 2339 1682 2378 qui
1711 2338 1814 2378 ditiyit
1843 2338 1937 2369 eum?
1991 2338 2019 2369 6.
2056 2337 2118 2369 Vos

1150 2386 1252 2415 autem
1280 2382 1460 2422 contemptui
1486 2381 1640 2413 habuistis
1663 2391 1844 2420 pauperem,
1879 2390 1977 2412 nonne
2005 2381 2117 2412 divites

1149 2426 1345 2466 tyrannidem
1366 2425 1401 2456 in
1429 2435 1482 2456 vos
1511 2426 1655 2464 exercent,
1686 2426 1711 2454 et
1738 2424 1832 2455 iidem
1853 2423 1979 2454 trahunt
2000 2433 2053 2454 vos
2075 2423 2116 2454 ad

1149 2468 1329 2500 tribunalia.
1374 2467 1402 2499 7.
1435 2467 1479 2498 Et
1507 2468 1601 2499 iidem
1630 2466 1810 2498 contumelia
1839 2466 1982 2506 afficiunt
2005 2465 2115 2498 bonum

1150 2521 1256 2543 nornen
1278 2510 1359 2550 quod
1382 2511 1552 2542 invocatum
1575 2513 1617 2542 est
1638 2519 1733 2548 super
1755 2509 1833 2540 vos?

1235 2596 1264 2627 5.
1299 2596 1428 2635 Audite,
1459 2597 1583 2636 fratres·
1646 2594 1740 2626 Nune
1774 2594 1893 2635 duplici
1926 2599 2118 2636 argumento

1152 2640 1281 2680 probat,
1319 2638 1424 2671 facere
1457 2650 1510 2671 eos
1543 2642 1748 2678 praepostere
1782 2648 1883 2678 quum
1917 2638 1949 2669 in
1984 2637 2119 2669 divitum
