2513 3126
139 200 181 232 97
1013 200 1161 233 CAPUT
1185 201 1279 232 VIII.

142 297 268 325 tantum
298 295 424 334 opponi,
459 293 724 334 quomadmodum
757 294 869 324 Iohan.
900 303 969 333 cap.
995 294 1023 329 1,
1056 294 1110 330 17;

142 337 192 368 lex
211 347 266 376 per
285 336 397 368 Mosen
422 336 495 367 data
518 341 576 377 est,
600 337 703 376 gratia
726 339 757 367 et
782 336 900 367 veritas
924 345 981 375 per
998 335 1107 366 Iesum

141 380 311 411 Christum
336 379 419 410 facta
442 383 499 410 est.
533 379 621 420 Ergo
641 385 731 410 vetus
755 378 833 409 illud
857 377 1110 416 tabernaculum,

141 433 205 453 non
241 422 338 453 inane
373 421 512 453 hominis
543 427 760 453 commentum
792 422 868 461 fuit,
902 420 957 451 sed
989 420 1111 460 effigies

140 465 285 497 coelestis
315 464 533 495 tabernaculi:
567 464 641 504 quia
674 470 782 495 tamen
813 463 926 494 umbra
956 462 1062 493 differt
1093 473 1112 493 a

139 518 272 547 corpore
301 512 333 537 et
363 507 554 547 significatio
584 517 601 537 a
632 507 746 546 reipsa,
777 505 846 536 idea
878 514 989 536 verum
1013 503 1111 536 fuisse

141 549 382 581 tabernaculum
408 555 504 589 negat
527 549 698 589 apostolus.
746 548 795 579 Ac
818 548 844 578 si
869 547 989 578 diceret
1012 548 1109 578 fuisse

139 593 300 624 duntaxat
323 591 503 623 umbratile.

226 635 255 666 2.
283 635 370 674 Quod
389 634 460 673 flixit
474 634 640 666 Dominus.
671 631 834 671 Quidnam
858 631 918 662 sibi
943 631 1014 662 vult
1037 642 1110 670 apo-

140 677 241 709 stolus
279 677 360 717 quod
399 676 612 708 sacerdotium
648 675 772 706 Christi
810 673 961 720 locauin
998 674 1109 704 coelo?

140 721 223 752 Nam
241 726 326 751 certe
349 719 382 749 in
407 720 500 749 terris
523 728 635 757 passus
660 722 720 747 est:
745 720 777 747 et
800 726 956 755 sangume
980 721 1109 747 terreno

138 763 234 804 (quod
265 773 305 792 ex
334 761 457 792 semine
481 759 630 790 Abrahae
660 758 818 798 originem
850 757 1008 799 traxerat)
1036 768 1107 797 pec-

138 811 209 836 cata
238 809 347 835 nostra
379 802 540 842 expiavit:
573 800 765 832 sacrificium
797 800 910 831 mortis
941 800 1011 832 eius
1036 801 1107 832 visi-

140 848 201 879 bile
224 846 301 877 fuit:
331 845 468 884 denique
491 846 528 874 ut
551 854 584 874 se
608 843 692 883 patri
715 843 853 880 offerret,
885 853 902 874 e
925 843 1014 874 coelo
1037 843 1106 874 des·

138 889 274 922 cendere
307 888 338 918 in
374 892 510 923 terram,
553 890 586 916 et
619 885 800 925 hominem,
841 886 989 917 mortalis
1024 886 1108 916 vitae

137 930 299 964 aerumnis
333 939 370 960 ac
402 928 531 960 tandem
562 929 657 960 morti
687 928 864 959 obnoxium
904 929 973 960 fieri
1001 928 1106 968 ipsum

136 973 311 1014 opportuit.
341 971 544 1011 Respoudeo,
568 970 724 1011 quidquid
741 975 908 1002 terrenum
925 972 958 1002 in
975 970 1107 1002 Christo

136 1017 241 1057 prima
268 1015 349 1046 facie
378 1018 521 1054 apparet,
552 1013 764 1053 spiritualiter
791 1014 864 1044 fidei
889 1014 979 1045 oculo
1003 1015 1105 1045 consi-

136 1057 314 1090 derandum
353 1067 430 1088 esse.
488 1056 540 1087 Ita
576 1066 650 1087 caro
687 1056 756 1087 eius
793 1066 873 1096 quae
912 1067 951 1088 ex
985 1057 1107 1088 semine

135 1101 287 1133 Abrahae
317 1105 389 1131 orta
412 1105 490 1138 erat,
521 1109 620 1139 quum
645 1098 706 1130 Dei
730 1099 883 1139 templum
907 1103 1001 1137 esset,
1026 1100 1106 1131 vivi-

135 1145 195 1175 fica
226 1143 294 1180 fuit,
325 1143 389 1173 imo
413 1142 536 1173 Christi
567 1152 652 1173 mors
684 1142 781 1172 totius
806 1141 918 1172 mundi
940 1143 1000 1173 fuit
1024 1143 1104 1173 vita:

135 1185 220 1227 quod
252 1191 337 1217 certe
366 1194 462 1225 snpra
494 1190 641 1216 naturam
674 1189 732 1215 est.
777 1184 919 1215 Proinde
941 1184 1106 1225 apostolus

134 1240 197 1260 non
222 1229 382 1260 humanae
406 1232 532 1258 tantum
557 1233 693 1258 naturae
717 1227 956 1267 proprietatem,
980 1227 1034 1259 sed
1052 1238 1105 1267 po-

134 1273 199 1303 tius
218 1280 368 1302 arcanam
393 1271 457 1300 vim
474 1270 618 1310 Spiritus
642 1271 790 1310 respicit:
815 1280 876 1310 quo
901 1272 937 1301 fit
959 1275 996 1301 ut
1019 1280 1105 1302 mors

133 1314 257 1346 Christi
274 1312 354 1344 nihil
371 1317 533 1344 terrenum
551 1314 662 1352 sapiat.
695 1313 773 1344 Ideo
796 1323 893 1352 quum
918 1313 957 1344 de
973 1313 1105 1344 Christo

133 1357 251 1398 agitur,
281 1355 441 1387 discamus
470 1366 583 1386 sensus
613 1366 725 1387 omnes
753 1363 878 1387 nostros
901 1355 1048 1387 attollere
1072 1356 1106 1386 in

136 1409 272 1440 regnum
303 1398 380 1430 Dei:
414 1398 458 1429 ita
492 1398 574 1429 nihil
606 1399 748 1438 scrupuli
778 1399 810 1429 in
842 1398 933 1430 nobis
961 1398 1104 1430 restabit.

134 1442 173 1473 In
197 1441 335 1473 eundem
358 1441 425 1472 fere
449 1441 579 1472 modum
603 1441 746 1480 loquitur
769 1441 899 1481 Paulus,
926 1441 956 1473 2.
979 1441 1019 1472 ad
1043 1441 1104 1473 Co-

136 1484 275 1516 rinthios
315 1484 419 1524 capite
457 1484 578 1524 quinto.
635 1484 740 1514 Deum
781 1484 873 1515 huius
907 1484 1105 1515 tabernaculi

134 1527 282 1568 opificem
311 1526 465 1565 nominat,
497 1531 532 1557 ut
562 1532 652 1557 notet
681 1526 829 1558 stabilem
853 1537 889 1558 ac
911 1532 1105 1567 perpetuum

134 1571 201 1602 fore
234 1569 303 1601 eius
336 1574 473 1607 statum,
511 1569 781 1609 quemadmodum
817 1580 990 1601 econverso
1023 1580 1105 1609 quae

135 1611 285 1644 manibus
308 1611 477 1643 hominum
510 1617 740 1650 exstruuntur,
776 1612 895 1644 caduca
928 1618 1019 1651 sunt,
1054 1613 1105 1643 vel

134 1655 249 1687 saltem
274 1656 385 1686 ruinae
408 1655 561 1686 subiecta.
601 1655 673 1686 Hoc
696 1661 802 1686 autem
826 1655 897 1686 ideo
921 1656 1007 1696 dicit,
1032 1656 1105 1695 quia

134 1708 212 1729 vere
244 1698 390 1729 divinum
426 1698 485 1728 fuit
518 1708 598 1738 opus
631 1698 810 1738 redemptio
844 1704 947 1729 morte
981 1698 1104 1730 Christi

135 1747 244 1781 parta:
275 1747 307 1771 et
336 1740 403 1771 illic
426 1750 459 1771 se
483 1740 616 1772 mirifice
639 1740 762 1772 Christi
785 1741 929 1781 potentia
952 1742 1104 1772 exseruit.

220 1783 251 1814 3.
279 1782 388 1814 Omnis
410 1783 492 1814 enim
508 1783 663 1823 pontifex.
712 1783 784 1815 Hoc
818 1784 956 1814 intendit
979 1790 1105 1824 aposto-

135 1826 194 1864 lus,
227 1836 290 1857 non
315 1836 406 1865 posse
429 1826 551 1857 Christi
582 1826 794 1858 sacerdotium
828 1837 900 1858 cum
925 1827 1027 1858 veteri
1051 1827 1104 1857 illo

134 1868 265 1900 levitico
289 1875 384 1899 stare.
419 1868 516 1899 Ratio
540 1869 694 1908 probandi
719 1875 784 1900 est:
809 1869 955 1900 Instituit
978 1870 1030 1900 lex
1053 1879 1103 1900 sa-

135 1911 282 1943 cerdotes
306 1918 341 1942 ut
363 1911 520 1943 sacrificia
544 1912 613 1942 Deo
636 1912 789 1942 offerant:
815 1912 899 1943 unde
923 1912 1033 1952 liquet,
1056 1913 1103 1943 iu-

135 1964 230 1985 anem
251 1956 318 1985 fore
333 1954 502 1985 sacerdotii
519 1955 648 1985 titulum
666 1955 734 1986 sine
750 1955 916 1986 sacrificio.
952 1955 1103 1986 Christus

135 2003 243 2028 autem
267 1997 389 2027 nullam
419 1996 515 2028 habet
545 1997 691 2034 hostiam,
722 1997 833 2037 quales
865 1999 923 2028 sub
947 1998 1017 2038 lege
1041 1999 1103 2029 usi-

133 2044 218 2070 tatae
250 2040 395 2070 fuerunt:
430 2039 506 2071 hinc
537 2040 714 2076 conficitur,
749 2051 811 2071 nou
846 2046 1012 2071 terrenum
1048 2047 1104 2072 aut

132 2082 262 2114 carnale
295 2092 365 2113 esse
400 2082 467 2113 eius
501 2083 734 2121 sacerdotium,
768 2083 823 2114 sed
859 2083 1103 2123 praestantioris

133 2125 270 2165 generis.
295 2125 390 2156 Nunc
407 2126 609 2156 excutiamus
622 2126 765 2166 singulas
778 2127 966 2157 sententias.
991 2126 1103 2157 Prima

134 2167 213 2198 haec
235 2167 410 2198 observatu
435 2168 531 2207 digna
554 2173 612 2205 est,
645 2179 725 2208 quae
750 2168 841 2199 docet
864 2169 988 2199 nullum
1014 2169 1102 2200 insti-

134 2210 181 2240 tui
204 2210 402 2241 sacerdotem
434 2211 494 2241 nisi
518 2211 556 2241 ad
581 2211 664 2242 dona
695 2211 869 2242 offerenda.
915 2211 997 2242 Nam
1025 2211 1101 2243 hinc

133 2257 259 2283 constat
281 2263 344 2283 non
368 2263 460 2292 posse
476 2254 613 2294 gratiam
630 2254 797 2294 impetrari
816 2254 999 2285 homiuibus
1016 2255 1100 2294 apud

135 2293 241 2325 Deum
265 2296 325 2326 nisi
348 2296 568 2327 intercedente
591 2297 755 2327 sacrificio.
794 2297 908 2337 Itaque
932 2304 967 2328 ut
989 2307 1100 2338 preces

135 2342 265 2368 nostrae
287 2338 514 2377 exaudiantur,
537 2339 570 2369 in
587 2339 744 2370 sacrificio
762 2339 913 2371 fundatas
936 2350 1005 2371 esse
1029 2350 1100 2371 con-

137 2379 240 2410 venit:
275 2387 309 2411 ut
336 2382 378 2411 sit
409 2391 540 2421 prorsus
570 2382 711 2413 exitialis
741 2392 853 2413 eorum
883 2382 1016 2414 audacia
1046 2383 1100 2422 qui

136 2423 310 2460 praeterito
327 2423 467 2461 Christo,
492 2431 524 2455 et
547 2435 565 2455 a
588 2425 700 2455 mortis
724 2426 792 2456 eius
816 2425 968 2456 memoria
984 2426 1099 2462 aversi,

138 2465 170 2493 in
195 2463 254 2495 Dei
278 2471 480 2505 conspectum
500 2473 723 2507 perrumpunt.
762 2468 829 2499 Nos
851 2475 957 2499 autem
982 2469 1008 2499 si
1032 2479 1101 2508 pre-

135 2506 201 2537 cari
224 2506 346 2537 utiliter
362 2508 507 2547 velimus,
532 2509 692 2541 discamus
711 2521 837 2550 semper
860 2511 893 2541 in
911 2511 1014 2542 medio
1037 2517 1098 2542 sta-

137 2552 228 2579 tuere
243 2548 364 2579 Christi
389 2554 525 2582 mortem
542 2563 622 2592 quae
640 2563 749 2592 preces
767 2558 894 2584 nostras
912 2554 1100 2585 sanctificet.

136 2591 312 2630 Nunquam
344 2592 426 2622 enim
451 2593 540 2624 Deus
570 2606 626 2626 nos
657 2596 808 2627 exaudiet
839 2597 900 2628 nisi
932 2596 1098 2636 propitius,

135 2634 224 2674 atqui
248 2633 365 2673 placari
390 2639 464 2665 ante
491 2642 626 2677 oportet,
655 2639 804 2677 quoniam
836 2644 966 2678 peccata
989 2644 1099 2670 nostra

241 2691 349 2718 Calvim'
366 2700 457 2725 opera.
488 2693 544 2720 Vol.
564 2694 623 2721 LV.

2097 205 2139 236 98

1166 305 1238 325 eum
1262 294 1353 326 nobis
1368 294 1529 326 infensum
1548 295 1704 326 reddunt:
1730 297 1776 327 sio
1794 301 1925 336 praeeat
1940 298 2133 328 sacrificium

1167 347 1295 369 necesse
1319 342 1376 374 est,
1400 343 1435 368 ut
1458 339 1499 368 sit
1523 338 1640 377 aliquis
1663 339 1817 370 orationis
1835 339 2008 378 profectus.
2047 340 2134 371 Hinc

1166 386 1331 418 praeterea
1354 380 1572 420 colligendum
1595 385 1653 419 est,
1678 381 1800 411 nullum
1822 381 1871 412 vel
1892 392 1930 412 ex
1949 382 2134 414 hominibus

1165 422 1217 451 vel
1240 433 1280 453 ex
1304 423 1426 463 angelis
1454 423 1604 454 idoneum
1635 433 1704 454 esse
1729 424 1926 463 pacificando
1952 425 2029 463 Deo,
2058 426 2134 465 quia

1164 473 1275 495 omnes
1298 466 1455 496 sacrificio
1479 465 1561 505 quod
1586 466 1624 496 ad
1649 466 1842 506 placandum
1862 466 1965 498 Deum
1986 468 2133 508 offerant,

1164 505 1223 536 sibi
1248 509 1375 547 proprio
1399 514 1518 539 carent.
1564 508 1637 547 Quo
1661 508 1787 539 abunde
1812 509 1969 540 refellitur
1993 512 2133 550 papista-

1165 558 1236 578 rum
1269 549 1478 590 impudentia,
1513 551 1587 590 quia
1618 552 1777 591 apostolos
1807 555 1840 581 et
1870 558 2029 593 martyres
2060 563 2133 593 pro-

1164 591 1285 622 miscuo
1302 603 1373 623 cum
1389 593 1520 624 Christo
1537 594 1776 625 intercessionis
1794 594 1985 626 mediatores
1998 596 2129 627 faciunt.

1165 632 1301 664 Frustra
1324 635 1410 665 enim
1445 636 1508 667 illis
1539 636 1693 667 eiusmodi
1725 641 1832 676 partes
1866 637 2034 677 assignant
2068 639 2130 669 nisi

1163 675 1327 706 instruant
1350 687 1403 708 eos
1426 678 1575 709 victimis.

1249 718 1277 749 4.
1302 718 1384 750 Sane
1406 721 1435 750 si
1457 721 1491 751 in
1513 724 1594 752 terra
1617 724 1699 753 essct.
1739 722 1808 753 Iam
1832 725 1925 752 extra
1947 728 2132 753 controver—

1162 759 1242 790 siam
1267 766 1324 798 est,
1348 761 1515 793 Christum
1536 774 1606 794 esse
1630 764 1823 804 pontificem.
1858 764 1959 804 Atqui
1978 765 2060 796 sicut
2083 766 2130 796 iu-

1162 802 1241 833 dicis
1264 813 1383 834 munus
1405 805 1474 835 sine
1498 806 1620 845 legibus
1643 813 1675 837 et
1698 807 1824 839 iudiciis
1841 818 1902 838 non
1919 812 2060 839 constat:
2084 808 2130 839 sic

1162 845 1193 874 in
1219 844 1350 876 Christo
1384 856 1456 877 cum
1491 849 1730 880 sacerdotis
1764 850 1894 881 nomine
1929 851 2129 882 sacrificandi

1161 887 1302 919 officium
1325 890 1477 929 coniungi
1499 889 1601 920 debet.
1638 893 1736 931 Atqui
1762 892 1885 923 nullum
1911 893 2007 924 habet
2030 899 2130 924 terre-

1162 940 1238 960 num
1263 935 1318 961 aut
1343 931 1468 962 visibile
1484 933 1693 964 sacrificium:
1719 940 1868 966 terrenus
1884 946 1961 976 ergo
1979 936 2129 967 sacerdos

1161 983 1230 1004 esse
1254 983 1318 1004 non
1344 979 1458 1013 potest.
1504 975 1693 1006 Tenendum
1718 983 1767 1007 est
1788 987 1915 1018 semper
1939 978 2017 1009 illud
2041 979 2130 1010 axio-

1161 1025 1222 1053 ma,
1247 1015 1357 1054 Quum
1382 1016 1420 1047 de
1445 1017 1567 1048 Christi
1591 1025 1695 1049 morte
1718 1018 1845 1050 disserit
1868 1021 2041 1060 apostolus,
2064 1032 2126 1052 non

1160 1064 1329 1089 externam
1353 1060 1522 1098 actionem,
1545 1060 1601 1091 sed
1624 1062 1824 1100 spiritualem
1842 1063 1979 1094 fructum
2000 1063 2040 1094 ab
2056 1065 2127 1104 ipso

1160 1101 1284 1140 respici.
1318 1101 1460 1133 Mortem
1486 1103 1612 1143 vulgari
1637 1103 1802 1135 hominum
1827 1115 1915 1136 more
1939 1106 2128 1145 patiebatur,

1159 1144 1214 1174 sed
1247 1143 1402 1175 divinitus
1426 1145 1576 1185 expiabat
1606 1153 1736 1186 peccata
1763 1147 1874 1178 mundi
1907 1153 1941 1178 ut
1964 1149 2126 1181 sacerdos:

1159 1191 1296 1218 externa
1319 1192 1389 1218 erat
1411 1188 1580 1228 sanguinis
1604 1189 1726 1227 effusio,
1748 1189 1802 1221 sed
1827 1190 1958 1221 interior
1981 1201 2018 1223 ac
2033 1193 2127 1232 spiri-

1160 1229 1258 1260 tualis
1281 1235 1351 1260 erat
1381 1231 1546 1271 purgatio:
1580 1232 1611 1262 in
1644 1238 1729 1262 terra
1758 1232 1896 1272 denique
1926 1233 2127 1271 moriebatur,

1161 1272 1214 1302 sed
1241 1272 1288 1302 vis
1311 1280 1342 1303 et
1365 1273 1508 1304 efficacia
1530 1274 1642 1305 mortis
1665 1285 1704 1305 ex
1728 1275 1815 1306 coelo
1838 1275 2000 1307 manabat.
2034 1276 2129 1315 Quod

1159 1314 1311 1346 continuo
1340 1322 1410 1354 post
1433 1317 1588 1356 sequitur,
1618 1317 1672 1347 alii
1695 1318 1741 1348 sic
1766 1324 1911 1349 vertunt:
1942 1319 1993 1349 Ex
2016 1330 2127 1351 eorum

1159 1368 1294 1389 numero
1322 1358 1375 1398 qui
1404 1358 1582 1390 secundum
1615 1359 1729 1400 legem,
1761 1366 1821 1392 etc.
1867 1360 1932 1392 Sed
1963 1361 2050 1392 aliud
2080 1373 2129 1394 so-

1159 1404 1239 1430 nant
1267 1401 1404 1441 apostoli
1436 1401 1544 1433 verba.
1590 1402 1732 1433 Proinde
1762 1403 1807 1435 sic
1834 1404 1919 1434 malo
1951 1404 2128 1437 resolvere:

1158 1442 1310 1482 quamdiu
1337 1448 1421 1483 sunt,
1447 1444 1496 1475 vel
1515 1455 1613 1484 quum
1636 1445 1703 1476 sint
1718 1446 1910 1478 sacerdotes.
1945 1446 2026 1478 Vult
2041 1448 2127 1478 enim

1159 1485 1351 1517 alterutrum
1375 1497 1415 1517 ex
1446 1486 1496 1518 his
1528 1487 1651 1519 duobus
1681 1489 1840 1527 evincere,
1875 1494 1933 1520 aut
1963 1500 2026 1521 non
2058 1500 2129 1521 esse

1159 1527 1326 1560 Christum
1357 1529 1565 1566 sacerdotem.
1597 1531 1623 1561 si
1654 1530 1733 1571 legis
1764 1531 1977 1563 sacerdotium
2009 1533 2127 1574 vigeat,

1159 1572 1233 1611 quia
1256 1572 1413 1603 sacrificio
1441 1572 1645 1604 destituitur:
1676 1578 1733 1604 aut
1755 1583 1881 1606 cessare
1904 1575 1984 1615 legis
2008 1577 2128 1607 sacrifi-

1158 1615 1214 1651 cia,
1250 1615 1345 1645 simul
1380 1625 1417 1646 ac
1448 1615 1554 1654 prodit
1582 1616 1614 1646 in
1649 1616 1791 1647 medium
1825 1617 1985 1649 Christus.
2030 1618 2127 1649 Prius

1158 1656 1335 1688 membrum
1370 1657 1544 1688 absurdum
1578 1663 1641 1697 est,
1678 1659 1753 1699 quia
1787 1661 1876 1691 nefas
1909 1666 1956 1692 est
1990 1661 2129 1701 spoliare

1158 1700 1325 1731 Christum
1353 1700 1472 1731 honore
1504 1700 1682 1732 sacerdotii.
1728 1702 1844 1733 Restat
1867 1713 1944 1743 ergo
1969 1710 2004 1734 ut
2026 1702 2126 1735 fatea-

1158 1753 1229 1773 mur
1253 1743 1417 1774 leviticum
1439 1743 1584 1774 ordinem
1610 1755 1695 1776 nunc
1718 1755 1787 1776 esse
1811 1745 1976 1777 abolitum.

1242 1786 1271 1816 5.
1300 1785 1362 1824 Qui
1384 1786 1417 1816 in
1439 1786 1618 1825 ezemplari,
1643 1789 1694 1818 etc.
1733 1786 1905 1828 Λατρεύειν
1930 1788 1982 1819 hic
2005 1789 2125 1829 accipio

1157 1838 1216 1868 pro
1244 1838 1334 1859 sacra
1364 1838 1535 1868 peragere:
1566 1829 1637 1860 ideo
1667 1831 1701 1860 in
1731 1837 1885 1861 contextu
1916 1841 2031 1871 graeco
2054 1831 2127 1862 sub-

1157 1871 1316 1901 audienda
1339 1879 1387 1902 est
1411 1871 1568 1910 particula
1589 1871 1623 1903 ἑν
1648 1873 1697 1903 vel
1721 1873 1780 1904 ἐπὶ.
1827 1874 1897 1905 Hoc
1921 1879 2006 1904 certe
2031 1874 2126 1915 longe

1157 1914 1272 1944 melius
1295 1913 1440 1953 quadrat,
1474 1924 1571 1953 quam
1599 1915 1682 1954 quod
1713 1916 1768 1946 alii
1797 1920 1946 1948 vertunt:
1980 1916 2124 1948 Umbrae

1157 1960 1189 1987 et
1208 1956 1386 1996 exemplari
1403 1957 1550 1987 serviunt
1565 1958 1771 1989 coelestium:
1797 1964 1827 1989 et
1843 1959 1992 2000 syntaxis
2008 1970 2123 2000 graeca

1157 2010 1285 2030 sensum
1304 2000 1390 2030 hunc
1409 1999 1501 2030 facile
1517 2000 1648 2039 patitur.
1684 2001 1722 2031 In
1739 2011 1875 2039 summa,
1900 2002 1991 2033 docet
2008 2013 2124 2033 verum

1158 2043 1219 2073 Dei
1253 2041 1371 2073 cultum
1407 2052 1470 2072 non
1505 2043 1662 2074 contineri
1697 2043 1856 2084 legalibus
1894 2045 2122 2076 caeremoniis:

1156 2085 1290 2125 ideoque
1312 2084 1455 2115 leviticos
1478 2085 1669 2123 sacerdotes,
1703 2087 1778 2118 dum
1810 2087 2007 2118 functionem
2031 2098 2123 2118 suam

1156 2131 1318 2165 exercent,
1350 2127 1478 2158 nonnisi
1509 2128 1656 2159 umbram
1689 2129 1808 2160 habere
1835 2134 1867 2160 et
1897 2130 2123 2162 secundarium

1156 2170 1321 2209 exemplar
1351 2170 1435 2209 quod
1466 2175 1639 2211 prototypo
1669 2178 1717 2203 est
1746 2173 1892 2204 inferius.
1938 2173 2010 2205 Hoc
2034 2173 2121 2204 enim

1155 2213 1316 2253 significat
1340 2222 1455 2243 nomen
1479 2212 1717 2254 ὑποδείγματος.
1764 2217 1872 2255 Atque
1905 2216 1951 2247 ita
1974 2221 2122 2247 antever-

1156 2256 1194 2286 tit
1217 2255 1298 2295 quod
1318 2260 1429 2286 contra
1445 2256 1539 2287 obiici
1556 2263 1692 2295 poterat,
1718 2258 1809 2289 docet
1825 2258 1911 2289 enim
1928 2269 1993 2289 non
2009 2269 2121 2298 super-

1155 2308 1293 2329 vacuum
1326 2298 1422 2328 fuisse
1446 2298 1505 2329 Dei
1530 2299 1655 2330 cultum
1687 2303 1720 2331 in
1751 2301 1917 2332 sacrificiis
1949 2302 2122 2340 veteribus,

1153 2343 1230 2380 quia
1263 2340 1359 2371 altius
1392 2341 1572 2380 spectabat:
1609 2353 1723 2383 nempe
1758 2344 1798 2374 ad
1832 2344 2001 2375 coelestem
2038 2344 2121 2375 veri-

1154 2388 1262 2415 tatem.

1240 2426 1498 2465 Quemadmodum
1530 2428 1662 2468 oraculo,
1695 2431 1747 2460 etc.
1793 2429 1910 2460 Exstat
1945 2429 1996 2460 hic
2034 2429 2123 2460 locus

1154 2469 1258 2499 Exodi
1282 2470 1385 2507 capite
1406 2469 1458 2509 25,
1480 2469 1531 2506 40,
1556 2480 1650 2510 quem
1674 2471 1734 2502 hoc
1757 2473 1890 2503 consilio
1915 2472 1977 2502 huc
1997 2476 2122 2512 aposto-

1153 2512 1203 2542 lus
1227 2511 1365 2548 adducit,
1397 2517 1432 2542 ut
1455 2513 1567 2551 probet
1597 2517 1700 2544 totum
1731 2513 1869 2554 legalem
1892 2515 2015 2546 cultum
2039 2515 2121 2545 nihil

1154 2565 1250 2594 quam
1275 2555 1432 2593 picturam
1456 2555 1563 2595 fuisse,
1588 2565 1670 2595 quae
1686 2556 1930 2588 adumbraverit
1952 2557 2035 2597 quod
2059 2558 2121 2597 spi-

1153 2597 1271 2628 rituale
1295 2602 1342 2627 est
1364 2597 1398 2627 in
1422 2597 1563 2628 Christo.
1598 2598 1693 2630 Iubet
1710 2599 1799 2630 Deus
1824 2605 1858 2630 ut
1880 2610 1991 2631 omnes
2016 2600 2121 2631 taber-

1153 2640 1259 2671 naculi
1284 2644 1390 2680 partes
1414 2640 1567 2680 primario
1591 2642 1778 2682 exemplari,
1801 2642 1884 2682 quod
1908 2643 1992 2673 Mosi
2015 2646 2122 2673 osten·

1884 2701 1898 2725 7
