2513 3126
136 196 199 228 417

139 293 259 325 latione
280 297 420 325 revocet.
454 290 687 323 Continuativa
709 287 867 328 particula
890 287 935 327 δὲ,
959 286 1109 318 adversa-

141 337 241 368 tivam
267 335 354 367 valet
384 334 476 373 ἀλλὰ,
509 334 558 366 vel
581 331 664 364 ἀλλά
686 340 732 372 γε.
777 330 891 370 Itaque
915 330 995 362 verti
1019 330 1107 370 quin.

228 422 256 453 7.
288 420 420 453 Subiecti
449 420 546 461 icitur
574 419 662 448 estote
684 415 759 448 Deo.
807 416 954 448 Resistite
977 416 1108 457 diabolo,

140 468 168 496 ct
195 464 294 505 fuyiet
324 474 344 496 a
373 463 466 494 vobis.
511 461 539 492 8.
564 459 821 499 Appropinquate
842 459 918 497 Deo,
949 461 975 490 et
998 469 1109 498 appro-

134 507 303 547 pinquabit
320 506 409 537 vobis.
445 502 596 535 Mundate
610 512 733 541 manus,
745 504 933 541 peccatores:
943 503 1110 542 purificate

140 550 242 586 corda,
272 549 389 589 duplici
411 547 522 577 animo.
566 545 596 576 9.
618 545 823 585 Affliyimini,
858 545 961 585 lugete,
991 547 1017 576 et
1043 545 1109 584 plo-

139 595 221 624 rate:
254 592 340 623 risus
365 591 461 620 vester
482 589 517 620 in
540 588 653 619 luctum
676 590 822 628 vertatur,
853 590 880 619 et
900 588 1053 628 yaudium
1075 587 1109 618 in

138 645 312 667 moerorem.
352 632 400 664 10.
419 630 648 662 Humiliamini
670 640 773 662 coram
789 631 866 670 Deo,
889 633 916 662 et
933 632 1026 671 eriget
1044 639 1107 661 vos.

227 720 255 751 7.
289 717 421 750 Subiecta·
449 716 554 757 iyitur.
596 716 764 747 Subiectio
798 716 869 754 ista,
900 725 996 756 quam
1026 726 1108 746 com-

140 762 284 799 mendat,
318 759 513 791 humilitatis
543 763 600 790 est.
652 759 764 799 Neque
794 760 880 790 enim
911 758 1108 799 generaliter

139 807 287 838 hortatur
317 805 354 834 ut
379 812 547 842 pareamus
572 801 653 842 Deo,
684 802 738 833 sed
762 802 897 842 requirit
921 801 1107 833 submissio-

139 857 230 880 nem:
253 846 329 886 quia
351 845 485 885 spiritus
504 845 634 876 Domini
659 855 756 884 super
778 845 918 876 humiles
937 849 969 875 et
984 845 1108 884 quietos

138 889 317 930 requiescit.
354 887 433 919 Ideo
456 889 559 919 utitur
582 887 708 919 illativa
728 887 895 927 particula.
930 887 1014 918 Nam
1034 887 1108 927 quia

138 933 198 965 Dei
228 932 377 972 spiritum
409 931 442 962 in
476 931 589 970 gratiis
613 930 770 971 augendis
793 930 957 961 liberalem
981 930 1107 970 praedi-

136 977 277 1013 caverat,
301 985 341 1005 ex
357 983 394 1005 eo
411 974 543 1014 colligit,
568 973 684 1004 debere
700 973 802 1014 igitur
818 983 876 1004 nos
892 973 1107 1004 aemulatione

135 1018 240 1059 posita
262 1017 375 1048 subiici
396 1017 475 1048 Deo.
510 1016 609 1047 Multi
626 1016 750 1048 codices
774 1016 997 1056 interpositam
1023 1016 1107 1048 hanc

135 1060 331 1092 sententiam
356 1059 486 1100 habent,
510 1058 718 1099 Quapropter
743 1059 828 1097 dicit,
852 1059 940 1090 Deus
961 1059 1107 1099 superbis

136 1103 268 1140 resistit,
294 1102 472 1133 humilibus
495 1112 571 1134 vero
595 1101 649 1133 dat
672 1101 823 1143 gratiam.
862 1101 929 1133 Sed
949 1112 1048 1142 quum
1073 1102 1106 1133 in

135 1146 206 1177 aliis
236 1155 300 1176 non
331 1145 474 1186 legatur:
508 1145 692 1185 suspicatur
721 1145 886 1181 Erasmus,
919 1155 937 1176 a
965 1145 1108 1176 studioso

135 1189 284 1229 quopiam
305 1193 493 1219 annotatam
510 1189 543 1219 in
560 1188 718 1228 margine,
742 1192 853 1228 postea
870 1188 901 1218 in
918 1192 1107 1219 contextum

135 1231 324 1271 obrepsisse.
363 1231 463 1270 Atqui
483 1231 552 1262 fieri
576 1235 696 1271 potest:
720 1240 912 1271 quamquam
937 1241 999 1262 non
1024 1231 1108 1263 male

136 1274 310 1316 quadraret
332 1274 485 1305 orationis
509 1274 684 1306 contextui.
720 1274 803 1304 Nam
828 1273 911 1314 quod
931 1274 1108 1305 absurdum

135 1328 206 1350 esse
235 1317 364 1357 quidam
394 1321 528 1358 putant,
562 1317 653 1348 citari
684 1322 837 1356 tanquam
868 1328 907 1348 ex
938 1317 1107 1357 scriptura,

136 1359 220 1400 quod
251 1370 314 1391 non
346 1360 407 1391 nisi
434 1360 519 1400 apud
543 1360 677 1391 Petrum
703 1364 818 1397 exstat,
847 1359 940 1391 facile
963 1359 1106 1392 diluitur.

135 1403 224 1442 Quin
253 1403 362 1442 potius
391 1403 539 1441 coniicio,
569 1414 610 1434 ex
640 1403 802 1433 communi
830 1403 1009 1442 scripturae
1033 1403 1106 1434 doc-

136 1447 238 1484 trina,
276 1446 360 1476 hanc
394 1446 487 1485 quasi
521 1445 757 1486 proverbialem
795 1445 991 1477 sententiam
1029 1451 1107 1478 tunc

135 1489 234 1520 fuisse
257 1488 367 1519 tritam
392 1489 478 1520 inter
496 1489 642 1520 Iudaeos.
678 1489 722 1519 Et
744 1498 822 1520 sane
846 1488 929 1519 nihil
952 1488 1107 1527 continet,

136 1532 200 1563 nisi
233 1530 317 1572 quod
346 1531 476 1563 Psalmo
502 1532 550 1569 18,
580 1532 630 1569 28,
662 1531 814 1562 habetur:
850 1531 1010 1571 Populum
1045 1531 1105 1562 hu-

135 1574 246 1606 milem
277 1574 420 1606 servabis
445 1574 595 1612 Domine,
627 1578 659 1605 et
682 1574 791 1606 oculos
814 1574 1027 1615 superborum
1052 1574 1105 1605 de-

135 1617 239 1649 iicies:
264 1622 296 1648 et
319 1617 390 1648 aliis
413 1617 633 1657 compluribus
656 1617 742 1649 locis.

224 1659 371 1692 Resistite
403 1660 534 1692 diabolo.
588 1659 741 1692 Ostendit
774 1670 928 1700 quorsum
961 1660 1106 1692 conferre

136 1703 247 1735 deceat
264 1708 406 1734 nostram
423 1703 674 1734 contentionem:
695 1702 966 1743 quemadmodum
983 1703 1106 1734 Paulus

135 1752 300 1778 certamen
331 1746 422 1778 nobis
452 1757 523 1778 cum
548 1756 645 1778 carne
669 1750 701 1776 et
724 1746 882 1786 sanguine
906 1756 976 1777 esse
999 1750 1106 1785 negat,

135 1789 191 1820 sed
216 1799 274 1820 nos
296 1789 334 1820 ad
360 1789 560 1829 spiritualem
578 1799 719 1830 pugnam
738 1789 824 1820 acuit
839 1788 974 1830 (Ephes.
992 1789 1020 1826 6,
1042 1789 1105 1829 12).

136 1832 225 1872 Ergo
248 1832 302 1863 ubi
326 1832 515 1863 modestiam
539 1842 616 1872 erga
636 1832 793 1870 homines,
816 1842 892 1872 erga
909 1832 1014 1863 Deum
1031 1832 1106 1863 sub-

136 1875 323 1906 missionem
358 1875 480 1913 docuit,
518 1874 674 1906 Satanam
711 1875 860 1914 proponit
894 1874 1033 1913 hostem,
1072 1875 1104 1905 in

135 1927 231 1957 quem
249 1918 416 1958 insurgere
433 1918 552 1949 deceat.
584 1918 762 1949 Promissio
779 1923 886 1948 tamen
903 1928 997 1957 quam
1016 1917 1106 1948 addit

135 1961 174 1991 de
197 1961 271 2001 fuga
295 1961 436 1992 Satanae
459 1960 589 1992 videtur
612 1961 802 2000 quotidiana
835 1961 1035 2000 experientia
1058 1971 1105 1991 re-

136 2003 244 2035 futari.
289 2004 422 2034 Certum
454 2004 539 2034 enim
572 2009 630 2042 est,
660 2014 722 2044 quo
752 2004 887 2044 quisque
915 2003 1030 2034 fortius
1054 2014 1104 2034 re-

137 2050 271 2086 pugnat,
295 2057 332 2077 eo
355 2047 460 2078 acrius
483 2047 604 2087 urgeri.
638 2046 738 2077 Ludit
761 2046 845 2077 enim
870 2045 1104 2086 quodammodo

134 2088 238 2121 Satan
271 2088 323 2120 ubi
356 2099 417 2120 non
450 2090 617 2130 repellitur
646 2090 728 2120 serio
759 2090 928 2120 conflictu:
962 2089 1016 2120 sed
1048 2089 1103 2120 ad-

135 2143 250 2164 versus
280 2132 458 2163 renitentes
488 2131 643 2172 quidquid
674 2132 771 2163 habet
805 2133 929 2163 roboris
953 2132 1102 2172 explicat.

133 2174 260 2206 Deinde
284 2174 460 2215 pugnando
480 2185 645 2215 nunquam
664 2175 835 2215 fatigatur:
860 2175 914 2206 sed
934 2185 996 2206 uno
1013 2185 1102 2215 proe-

133 2217 175 2249 lio
192 2218 305 2255 victus,
324 2218 409 2249 aliud
427 2217 564 2249 subinde
580 2223 726 2249 renovat.
758 2218 959 2258 Respondeo,
975 2218 1101 2258 fugam

133 2260 200 2292 loco
236 2260 469 2301 profligationis
504 2260 615 2301 accipi.
666 2261 710 2292 Et
744 2270 821 2292 sane
852 2261 1000 2301 quamvis
1030 2271 1103 2292 con-

134 2303 244 2335 tinuos
280 2303 423 2335 insultus
461 2307 601 2343 repetat,
639 2313 766 2344 semper
804 2308 913 2335 tamen
952 2303 1103 2335 exclusus

133 2345 276 2378 discedit.

220 2390 248 2421 8.
278 2389 540 2429 Appropinquate
568 2388 644 2421 Deo.
690 2389 813 2420 Iterum
844 2389 1005 2429 admonet,
1038 2399 1102 2420 non

135 2430 321 2463 defuturum
355 2432 446 2463 nobis
481 2431 542 2463 Dei
576 2431 749 2471 auxilium,
787 2431 882 2463 modo
916 2432 1020 2463 locum
1055 2432 1103 2463 illi

135 2474 257 2505 demus.
304 2474 387 2505 Nam
418 2485 518 2515 quum
549 2475 886 2515 appropinquare
912 2474 983 2505 Deo
1005 2475 1103 2514 iubet,

135 2523 170 2548 ut
193 2516 283 2547 illum
308 2518 525 2557 propinquum
548 2518 736 2555 sentiamus,
769 2518 930 2559 significat
952 2527 1011 2549 nos
1034 2518 1103 2549 eius

134 2560 240 2600 gratia
268 2559 410 2600 destitui,
441 2561 515 2599 quia
546 2571 604 2591 nos
634 2561 852 2592 subducimus.
898 2560 969 2591 Deo
998 2566 1102 2591 autem

134 2613 153 2633 a
182 2602 327 2642 partibus
357 2603 475 2633 nostris
504 2608 619 2641 stante,
650 2614 715 2634 non
744 2608 792 2635 est
815 2614 872 2635 cur
895 2603 1102 2635 succumbere

135 2652 331 2677 metuamus.
376 2644 549 2676 Caeterum
580 2646 606 2676 si
638 2647 710 2686 quis
740 2657 779 2677 ex
810 2646 871 2677 hoc
896 2646 962 2677 loco
985 2647 1102 2677 inferat

237 2704 348 2731 Calvim‘
364 2711 456 2737 opera.
482 2703 540 2730 Vol.
557 2703 626 2730 LV.

1011 191 1161 223 CAPUT
1184 190 1243 223 IV.

2069 191 2134 222 418

1163 287 1284 327 priores
1321 287 1355 318 in
1391 285 1482 317 nobis
1517 290 1624 326 partes
1661 287 1739 318 sitas
1773 297 1857 327 esse,
1895 287 1958 318 Dei
1992 288 2131 328 gratiam

1162 336 1272 370 postea
1295 329 1461 369 subsequi:
1486 329 1565 359 nihil
1591 329 1654 360 tale
1678 330 1782 361 voluit
1805 330 1980 371 apostolus.
2022 330 2132 370 Neque

1162 375 1247 404 enim
1272 374 1298 404 si
1322 372 1381 404 hoc
1400 374 1504 403 facere
1521 371 1682 408 debemus,
1708 374 1854 412 protinus
1874 374 2019 414 sequitur
2035 374 2131 404 etiam

1163 425 1222 447 nos
1252 426 1354 455 posse.
1400 415 1444 446 Et
1474 414 1608 455 spiritus
1631 414 1694 445 Dei
1718 425 1816 454 quum
1843 426 1902 447 nos
1925 415 1965 447 ad
1988 416 2132 447 officium

1163 458 1321 498 hortatur,
1352 458 1412 489 sibi
1442 463 1497 488 aut
1526 467 1602 488 suae
1631 458 1745 488 virtuti
1776 458 1856 489 nihil
1889 459 2023 499 derogat
2053 460 2131 499 quin

1163 500 1223 532 hoc
1257 501 1363 541 ipsum
1398 501 1482 541 quod
1514 500 1618 538 iubet,
1655 500 1787 540 impleat
1820 501 1904 532 idem
1939 511 2064 542 quoque
2098 501 2131 532 in

1163 544 1264 575 nobis.
1310 544 1348 575 In
1380 554 1516 582 summa,
1549 542 1630 574 nihil
1661 543 1747 573 aliud
1780 543 1880 574 voluit
1908 544 2042 576 Iacobus
2072 544 2132 575 hoc

1162 586 1241 626 loco,
1269 597 1364 626 quam
1389 586 1482 618 nobis
1506 586 1614 617 Deum
1638 595 1803 625 nunquam
1829 586 1948 623 deesse,
1972 588 2032 618 nisi
2057 587 2132 627 quia

1163 639 1221 659 nos
1253 630 1292 660 ab
1322 630 1391 669 ipso
1415 629 1608 661 alienamus:
1643 628 1911 668 quemadmodum
1942 639 1969 659 sl
1993 631 2063 668 quis
2087 630 2131 660 fa-

1162 672 1293 703 melicos
1310 672 1349 702 ad
1366 682 1520 708 mensam,
1543 678 1574 702 et
1590 671 1629 702 ad
1647 672 1769 702 fontem
1786 671 1931 703 sitientes
1948 672 2130 704 abduceret.

1162 714 1234 745 Hoc
1267 714 1402 746 interest
1436 715 1518 755 quod
1553 725 1685 755 gressus
1719 718 1848 745 nostros
1880 724 1898 745 a
1929 713 2069 745 Domino
2100 720 2132 746 et

1162 758 1229 797 regi
1260 761 1293 788 et
1321 758 1471 788 sustineri
1495 763 1634 797 oportet:
1667 758 1742 797 quia
1765 767 1824 788 nos
1847 756 1945 797 pedes
1968 757 2131 789 deficiunt.

1161 799 1263 831 Porro
1293 800 1375 840 quod
1406 800 1614 837 cavillantur,
1645 799 1870 831 secundariam
1901 802 1933 830 et
1963 800 2053 839 quasi
2078 810 2131 839 pe—

1162 842 1326 883 disequam
1358 852 1428 874 esse
1460 843 1520 874 Dei
1556 843 1694 883 gratiam
1726 848 1855 874 nostrae
1884 843 2132 883 praeparationi,

1161 886 1236 925 quia
1265 885 1373 916 Deum
1408 886 1666 925 appropinquare
1696 886 1874 925 posteriore
1905 885 1973 916 loco
1996 885 2131 916 Iacobus

1162 929 1260 960 dicat:
1287 928 1439 959 frivolum
1463 933 1520 959 est.
1566 928 1695 960 Scimus
1719 928 1805 959 enim
1829 938 1893 959 non
1917 938 1987 959 esse
2010 938 2132 960 novum

1162 976 1197 1002 ut
1220 972 1344 1011 priores
1367 981 1442 1003 suas
1466 971 1587 1012 gratias
1611 972 1703 1002 novis
1726 975 1859 1011 augeat:
1890 971 2014 1011 hocque
2037 971 2132 1002 modo

1161 1014 1333 1054 locupletet
1369 1014 1474 1055 magis
1512 1024 1548 1045 ac
1585 1014 1703 1055 magis,
1739 1014 1853 1053 quibus
1889 1014 1953 1044 iam
1992 1013 2131 1045 multum

1161 1056 1304 1088 dederat.

1247 1100 1398 1131 Mundate
1426 1109 1549 1131 manus.
1599 1098 1784 1139 Compellat
1809 1099 1861 1130 hic
1884 1109 1995 1130 omnes
2019 1109 2038 1130 a
2062 1099 2132 1130 Deo

1161 1143 1326 1174 alienatos.
1377 1142 1489 1182 Neque
1519 1152 1595 1173 vero
1629 1141 1691 1172 duo
1726 1143 1892 1173 hominum
1927 1152 2046 1183 genera
2081 1142 2134 1173 de-

1162 1187 1286 1226 signat:
1325 1185 1381 1216 sed
1415 1185 1542 1216 eosdem
1578 1189 1672 1216 vocat
1706 1190 1959 1224 peccatores,
1997 1189 2029 1216 et
2063 1185 2131 1216 du-

1162 1229 1294 1269 plices
1324 1229 1468 1259 animo.
1515 1228 1626 1268 Neque
1649 1228 1778 1268 quosvis
1807 1233 1990 1267 peccatores
2013 1228 2132 1259 intelli-

1161 1273 1224 1312 git:
1260 1272 1316 1303 sed
1346 1271 1518 1303 sceleratos
1547 1278 1578 1302 et
1603 1271 1686 1302 vitae
1708 1271 1925 1310 corruptioris.
1970 1271 2134 1309 Quemad-

1162 1314 1294 1346 modum
1332 1314 1447 1345 Iohan.
1479 1324 1547 1354 cap.
1580 1313 1611 1352 9,
1646 1314 1678 1351 3,
1719 1314 1807 1345 Deus
1845 1315 2028 1353 peccatores
2066 1324 2132 1344 non

1160 1358 1302 1389 exaudit.
1348 1357 1421 1396 Quo
1452 1367 1549 1388 sensu
1573 1357 1688 1388 mulier
1711 1357 1875 1396 peccatrix
1898 1366 1917 1387 a
1937 1356 2030 1387 Luca
2053 1356 2131 1388 dici-

1162 1404 1216 1432 tur
1239 1401 1281 1443 (7,
1305 1400 1374 1442 37):
1404 1400 1443 1431 ab
1467 1400 1577 1431 eodem
1602 1403 1633 1430 et
1656 1399 1786 1439 reliquis
1809 1399 2035 1439 evangelistis:
2067 1399 2131 1431 Hic

1160 1454 1232 1476 cum
1265 1442 1489 1484 peccatoribus
1512 1443 1578 1474 edit
1601 1452 1637 1474 ac
1661 1442 1748 1473 bibit.
1795 1442 1904 1481 Quare
1928 1451 1994 1472 non
2017 1451 2131 1473 omnes

1160 1487 1342 1527 promiscue
1375 1485 1415 1516 ad
1449 1486 1667 1526 poenitentiae
1700 1485 1853 1525 speciem,
1887 1485 1980 1516 cuius
2012 1484 2064 1516 hic
2093 1486 2132 1516 fit

1160 1531 1292 1570 mentio,
1326 1530 1460 1561 invitat:
1495 1528 1551 1560 sed
1580 1529 1632 1568 qui
1664 1528 1758 1560 corde
1781 1533 1858 1559 sunt
1882 1537 1981 1567 pravo
2005 1530 2037 1558 et
2060 1538 2128 1559 cor-

1160 1578 1269 1613 rupto,
1309 1573 1378 1603 vita
1416 1574 1526 1604 autem
1560 1572 1646 1611 turpi
1680 1578 1712 1602 et
1744 1571 1917 1611 flagitiosa,
1957 1569 2007 1601 vel
2042 1575 2130 1602 certe

1159 1615 1325 1653 scelerata,
1357 1615 1396 1646 ab
1419 1615 1470 1647 his
1492 1615 1593 1656 exigit
1616 1614 1719 1646 cordis
1743 1615 1920 1653 puritatem
1946 1617 1977 1644 et
2001 1613 2130 1644 mundi-

1159 1660 1236 1690 tiem
1260 1669 1404 1700 operum.
1439 1658 1534 1690 Unde
1553 1657 1742 1698 colligimus,
1767 1666 1849 1696 quae
1866 1666 1943 1688 vera
1958 1656 2001 1687 sit
2021 1657 2130 1696 poeni-

1160 1701 1280 1733 tentiae
1315 1702 1397 1733 ratio
1432 1712 1469 1733 ac
1503 1705 1633 1732 natura:
1666 1700 1720 1731 ubi
1757 1700 1877 1731 scilicet
1904 1709 1968 1730 non
2001 1704 2129 1730 tantum

1159 1745 1331 1785 corrigitur
1362 1745 1428 1776 vita
1458 1744 1613 1783 exterior,
1647 1743 1702 1774 sed
1731 1743 1861 1773 initium
1892 1742 1928 1773 fit
1958 1742 1997 1773 ab
2028 1742 2129 1773 animi

1159 1788 1402 1828 repurgatione:
1438 1787 1533 1819 sicuti
1567 1796 1741 1817 econverso
1776 1795 1904 1816 necesse
1939 1790 1987 1816 est
2019 1789 2054 1815 ut
2082 1786 2130 1815 in-

1160 1831 1285 1862 terioris
1315 1830 1556 1870 resipiscentiae
1579 1828 1702 1860 fructus
1726 1829 1758 1859 in
1782 1838 1916 1868 operum
1939 1827 2130 1868 integritate

1158 1877 1345 1914 appareant.

1244 1916 1274 1948 9.
1304 1916 1506 1957 Affliyimim',
1530 1915 1634 1955 zuyete.

1159 1961 1289 1991 nuntiat
1312 1960 1351 1990 iis
1370 1960 1425 1999 qui
1445 1959 1560 1998 rident,
1584 1968 1642 1998 pro
1658 1957 1894 1988 maledictione.
1929 1957 1974 1987 Et
1991 1956 2129 1988 Iacobus

1158 2003 1254 2043 paulo
1283 2007 1354 2042 post
1384 2004 1414 2033 in
1444 2001 1579 2033 eandem
1608 2000 1805 2032 sententiam
1829 1998 1983 2031 divitibus
2004 1999 2128 2031 luctum

1158 2046 1342 2076 minabitur.
1378 2045 1500 2075 Verum
1524 2043 1576 2075 hic
1599 2044 1666 2084 agit
1690 2043 1728 2074 de
1747 2043 1881 2073 salutari
1898 2042 2029 2073 tristitia
2045 2052 2128 2083 quae

1158 2099 1214 2120 nos
1248 2088 1288 2119 ad
1322 2088 1555 2128 poenitentiam
1590 2086 1731 2118 adducit.
1776 2086 1841 2117 Eos
1871 2085 2044 2125 alloquitur
2073 2086 2128 2125 qui

1157 2135 1265 2163 mente
1288 2130 1437 2162 inebriati
1469 2130 1531 2161 Dei
1554 2129 1705 2160 iudicium
1730 2138 1795 2159 non
1820 2129 1981 2159 sentiunt:
2016 2128 2061 2158 ita
2090 2128 2129 2158 fit

1156 2181 1193 2206 ut
1226 2174 1286 2205 sibi
1316 2175 1348 2205 in
1379 2174 1466 2204 vitiis
1498 2173 1655 2212 placeant.
1708 2171 1914 2203 Mortiferum
1946 2170 2031 2201 hunc
2061 2175 2126 2200 tor-

1157 2228 1267 2258 porem
1292 2221 1327 2248 ut
1350 2216 1414 2247 illis
1438 2215 1589 2252 excutiat,
1621 2215 1771 2246 admonet
1801 2218 1835 2244 ut
1858 2214 1969 2254 lugere
1990 2213 2126 2250 discant,

1156 2260 1373 2292 conscientiae
1397 2259 1518 2290 scilicet
1541 2258 1649 2289 dolore
1672 2259 1767 2288 tacti:
1799 2266 1835 2287 ac
1863 2257 1923 2287 sibi
1948 2255 2072 2286 adulari
2095 2260 2127 2286 et

1157 2303 1310 2344 plaudere
1333 2303 1365 2333 in
1389 2302 1570 2342 propinquo
1586 2301 1685 2332 exitio
1701 2300 1860 2331 desinant.
1898 2299 2024 2329 Risus
2048 2308 2126 2338 ergo

1157 2357 1214 2386 pro
1245 2345 1363 2377 delitiis
1393 2345 1530 2385 capitur,
1565 2354 1647 2384 quas
1676 2343 1736 2374 sibi
1768 2343 1891 2374 faciunt
1913 2341 2015 2381 impii,
2049 2340 2125 2371 dum

1156 2389 1307 2420 infatuati
1337 2387 1492 2419 scelerum
1518 2387 1696 2425 dulcedine,
1727 2386 1787 2417 Dei
1819 2384 1972 2415 iudicium
1996 2383 2127 2415 oblivis-

1156 2437 1284 2464 cuntur.

1243 2475 1292 2505 10.
1331 2473 1563 2504 Humiliamim'.
1619 2471 1791 2503 Conclusio
1825 2475 1873 2500 est
1905 2469 2126 2509 superiorum:

1156 2522 1233 2549 tunc
1257 2517 1437 2556 expositam
1461 2516 1552 2547 nobis
1578 2514 1645 2546 fore
1670 2514 1731 2545 Dei
1754 2513 1892 2554 gratiam
1916 2513 1956 2543 ad
1980 2522 2039 2544 nos
2062 2513 2127 2543 eri-

1155 2560 1288 2601 gendos,
1313 2560 1366 2590 ubi
1385 2559 1465 2590 altos
1484 2559 1556 2589 illos
1572 2558 1704 2598 spiritus
1720 2556 1905 2596 deposuisse
1922 2565 1980 2586 nos
1996 2554 2125 2587 viderit.

1155 2603 1233 2634 Ideo
1264 2602 1467 2634 aemulamur
1497 2607 1530 2632 et
1552 2600 1750 2636 invidemus,
1780 2599 1856 2638 quia
1878 2599 2025 2638 cupimus
2049 2599 2125 2629 emi-

1157 2656 1244 2677 nere.
1290 2645 1380 2677 Haec
1411 2648 1616 2685 praepostera
1644 2647 1692 2674 est
1719 2642 1811 2673 ratio.
1858 2641 1919 2672 Dei
1941 2642 2025 2672 enim
2050 2651 2129 2681 pro-

1872 2700 1904 2726 27

1681 1914 1862 1945 Moerorem
1892 1913 2043 1945 Christus
2074 1913 2129 1945 de-
