2513 3126
123 202 187 235 433

123 299 218 332 fessio
251 297 406 340 exigitur,
443 307 509 330 non
546 297 600 330 alii
631 297 718 329 certe
751 294 904 328 iubentur
940 295 1086 328 confiteri

123 345 253 383 peccata
274 351 343 380 sua,
366 350 462 382 quam
485 340 541 382 qui
562 338 704 373 vicissim
726 337 767 370 ad
791 337 983 370 audiendam
1007 338 1085 370 alte-

123 385 191 417 rius
214 383 448 416 confessionem
470 386 547 416 sunt
567 381 692 413 idonei:
714 380 804 422 atqui
826 381 887 413 hoc
909 381 968 413 soli
989 380 1087 414 sacri-

123 426 176 459 fici
199 427 260 460 sibi
287 425 471 459 vindicant:
494 434 570 466 ergo
591 423 632 455 ad
655 433 709 456 eos
731 423 816 456 solos
838 423 1018 465 ableganda
1037 426 1088 456 est

122 469 292 503 confessio.
338 468 403 502 Sed
426 477 524 509 quum
546 466 700 508 indignae
722 466 790 498 sint
812 476 923 498 eorum
945 466 1087 508 ineptiae

123 511 239 554 quibus
261 510 437 544 refutandis
458 519 661 549 occupemur,
682 509 823 541 sufficiat
845 509 936 542 nobis
954 519 1033 542 vera
1054 510 1087 541 et

123 564 279 596 germana
301 552 457 594 expositio
479 561 575 593 quam
598 551 702 583 attuli.
748 551 842 584 Clare
864 552 951 584 enim
969 554 1087 584 sonant

124 597 234 636 verba,
268 606 333 629 non
365 594 427 627 alio
457 594 522 626 fine
553 593 784 627 confessionem
814 594 906 627 nobis
937 594 1085 636 praecipi,

122 640 186 673 nisi
209 645 245 672 ut
266 639 320 680 qui
343 637 428 670 mala
443 641 554 669 nostra
569 637 733 675 noverint,
757 637 797 669 ad
813 647 906 678 opem
922 637 1086 670 ferendam

122 682 227 723 magis
248 682 315 714 sint
335 679 481 721 solliciti!

207 745 342 778 Multum
372 744 460 776 valet.
512 743 562 775 Ne
590 743 662 784 quis
696 746 787 784 putet
821 744 881 777 hoc
913 744 984 776 fieri
1017 744 1086 776 sine

121 790 237 827 fructu,
260 787 336 819 dum
358 786 413 818 alii
435 796 493 827 pro
515 786 610 818 nobis
625 793 730 827 orant,
754 786 928 819 utilitatem
944 791 976 819 et
992 787 1086 819 effec-

121 837 190 864 tum
228 829 382 862 orationis
422 829 596 870 praedicat.
655 829 857 861 Nominatim
894 840 971 862 vero
1008 829 1086 861 dicit

121 871 407 916 precationem
437 872 560 904 iusti:
591 872 668 912 quia
690 873 805 913 impios
829 873 918 905 Deus
940 883 1006 904 non
1029 883 1085 904 ex-

119 915 215 954 audit,
238 924 297 946 nec
319 914 360 946 ad
378 914 487 946 Deum
509 924 658 947 accessus
681 920 779 955 patet,
804 915 867 947 nisi
891 925 947 956 per
969 914 1085 947 bonam

118 958 357 992 conscientiam.
402 957 476 989 Non
506 957 591 998 quod
621 958 657 988 in
680 958 810 998 propria
833 958 991 998 dignitate
1013 958 1085 989 fun-

118 1001 211 1033 datae
239 1000 306 1032 sint
334 1005 463 1032 nostrae
493 1010 613 1041 preces,
643 1000 699 1032 sed
727 1001 803 1041 quia
825 1001 888 1032 fide
910 1005 1085 1042 purgatum

117 1054 172 1076 eor
208 1042 327 1075 habere
363 1047 503 1083 oportet,
542 1048 578 1074 ut
616 1053 674 1075 nos
711 1044 745 1074 in
783 1048 988 1084 conspectum
1023 1043 1085 1075 Dei

115 1086 300 1118 offeramus.
335 1086 489 1117 Testatur
511 1096 589 1127 ergo
607 1085 754 1125 Iacobus,
776 1086 879 1118 iustos
899 1091 956 1118 aut
974 1085 1085 1117 fideles

115 1129 253 1168 utiliter,
286 1138 346 1160 nec
375 1129 444 1160 sine
473 1129 589 1161 effectu
620 1138 678 1169 pro
711 1129 802 1160 nobis
833 1129 968 1169 precari.
1019 1128 1085 1161 Sed

115 1171 193 1212 quid
216 1172 276 1203 sibi
299 1171 370 1203 vult
393 1171 478 1211 quod
497 1171 588 1203 addit
610 1171 791 1203 efficax?
834 1171 974 1203 Videtur
997 1172 1086 1203 enim

117 1215 179 1247 hoc
201 1224 271 1246 esse
293 1214 513 1254 superfluum:
537 1224 613 1245 nam
630 1215 656 1245 si
673 1214 811 1246 multum
827 1214 958 1255 prodest
973 1214 1084 1252 oratio,

117 1256 325 1298 proculdubio
348 1261 399 1288 est
416 1257 543 1289 efficax.
577 1257 672 1296 Quod
689 1261 784 1288 vetus
807 1258 966 1297 interpres
981 1262 1086 1288 trans-

118 1300 202 1340 tulit,
232 1299 411 1331 assiduam:
442 1300 538 1331 nimis
567 1306 616 1331 est
639 1305 794 1331 coactum.
840 1300 974 1331 Iacobus
997 1299 1084 1331 enim

118 1351 233 1384 graeco
249 1342 415 1383 participio
431 1343 534 1373 utitur
549 1341 771 1384 ἐνεργουμένη,
791 1342 876 1383 quod
893 1342 1086 1374 tantundem

119 1385 208 1417 valet
230 1390 326 1426 atque
343 1394 488 1425 operans.
522 1385 638 1417 Posset
653 1391 761 1417 autem
780 1386 825 1417 sic
840 1385 957 1417 resolvi
974 1385 1086 1424 oratio,

120 1427 258 1460 multum
277 1427 418 1468 prodest,
440 1428 513 1468 quia
529 1431 578 1460 est
593 1428 724 1460 efficax:
748 1432 785 1459 ut
800 1428 842 1460 sit
857 1432 1086 1469 argumentum

121 1470 255 1502 ductum
278 1470 318 1502 ab
340 1470 396 1502 illo
413 1471 579 1511 principio,
602 1470 685 1512 quod
702 1470 793 1503 Deus
807 1481 872 1502 non
888 1470 961 1503 vult
976 1471 1086 1502 irritas

119 1513 171 1546 vel
205 1513 324 1545 otiosas
357 1523 427 1545 esse
459 1513 606 1545 fidelium
640 1523 759 1553 preces.
810 1513 891 1545 Inde
924 1524 990 1545 non
1024 1513 1085 1544 im-

118 1555 234 1588 merito
256 1555 386 1597 colligit,
416 1555 554 1588 multum
578 1555 698 1588 valere.
742 1556 809 1588 Sed
831 1566 891 1598 ego
916 1556 1022 1596 potius
1045 1555 1085 1587 ad

117 1603 321 1640 praesentem
343 1599 617 1631 circumstantiam
641 1599 815 1640 restringo:
849 1599 976 1639 proprie
998 1599 1085 1630 enim

117 1652 228 1683 preces
251 1646 380 1673 nostrae
401 1640 624 1683 ἐνεργούμεναι
646 1641 709 1674 dici
732 1646 878 1682 possunt,
901 1641 978 1673 dum
994 1641 1086 1673 nobis

117 1684 293 1716 necessitas
332 1684 441 1724 aliqua
480 1685 644 1723 obiicitur,
690 1694 771 1725 quae
810 1685 932 1717 serium
971 1683 1085 1716 orandi

117 1727 270 1759 affectum
292 1727 422 1759 excitet.
461 1726 612 1766 Quotidie
630 1737 761 1759 oramus
779 1738 836 1768 pro
855 1732 923 1759 tota
941 1727 1084 1765 ecclesia,

117 1776 153 1802 ut
175 1774 304 1811 peccata
327 1769 374 1801 illi
390 1769 480 1801 Deus
503 1771 660 1802 remittat:
685 1769 740 1802 sed
764 1776 841 1803 tunc
856 1780 932 1802 vere
955 1771 988 1801 in
1011 1774 1084 1802 actu

117 1817 168 1844 est
199 1812 316 1850 oratio,
349 1822 449 1853 quum
479 1823 667 1845 succurrere
697 1813 924 1845 contendimus
957 1813 996 1845 iis
1029 1814 1084 1853 qui

116 1855 272 1887 laborant.
317 1854 404 1886 'Palis
427 1865 523 1896 porro
545 1856 688 1888 efficacia
717 1856 751 1887 in
775 1856 911 1888 fratrum
934 1856 1083 1897 precibus

115 1907 186 1930 esse
219 1906 284 1929 non
317 1903 436 1938 potest,
471 1899 532 1929 nisi
567 1909 625 1930 nos
659 1898 804 1930 laborare
838 1899 952 1931 sciant.
1004 1898 1082 1930 Ideo

115 1941 195 1972 haec
228 1950 343 1972 causae
380 1940 517 1972 redditio
550 1952 614 1973 non
652 1946 702 1973 est
738 1942 914 1982 generalis:
952 1941 1007 1973 sed
1042 1941 1082 1972 ad

113 1984 254 2023 priorem
276 1983 471 2015 sententiam
494 1984 677 2025 specialiter
700 1985 803 2025 aptari
827 1984 931 2016 debet.

201 2046 250 2078 17.
268 2046 362 2079 Elias
383 2046 470 2079 homo
489 2050 564 2080 erat.
599 2048 775 2081 Innumera
791 2048 888 2081 huius
904 2049 961 2087 rei,
985 2059 1082 2090 quam

112 2088 250 2131 probare
284 2089 372 2127 vult,
406 2090 555 2130 exempla
577 2094 709 2123 exstant
742 2092 776 2123 in
806 2091 992 2132 scripturis:
1025 2091 1082 2123 sed

113 2143 213 2164 unum
237 2131 335 2173 elegit
356 2142 433 2172 prae
456 2132 527 2164 aliis
549 2132 685 2165 illustre.
730 2134 889 2175 Magnum
911 2135 997 2166 enim
1021 2134 1082 2167 hoc

113 2175 183 2214 fuit,
205 2175 291 2215 quod
311 2175 400 2207 Deus
423 2175 571 2215 precibus
590 2176 682 2208 Eliae
700 2176 823 2209 coelum
847 2176 1082 2218 quodammodo

114 2218 259 2257 subiecit,
293 2222 329 2249 ut
352 2218 420 2250 eius
440 2218 525 2250 votis
547 2218 786 2259 obsequeretur.
832 2219 968 2252 Coelum
991 2220 1082 2252 Elias

114 2259 239 2292 duobus
261 2261 355 2292 annis
378 2264 410 2292 et
425 2260 534 2300 sesqui
549 2260 695 2293 clausum
711 2262 779 2294 suis
798 2263 945 2303 precibus
961 2263 1080 2294 tenuit:

113 2312 243 2335 rursum
267 2303 403 2344 aperuit,
428 2306 464 2335 ut
482 2303 606 2344 largam
630 2304 772 2344 pluviam
795 2305 900 2337 subito
916 2305 1080 2337 funderet:

114 2344 190 2377 hinc
219 2356 296 2387 ergo
319 2346 456 2378 mirifica
478 2350 567 2386 patet
589 2347 744 2378 orationis
768 2347 880 2380 virtus.
926 2347 1011 2379 Nota
1032 2352 1081 2379 est

114 2397 151 2419 ac
180 2387 313 2420 celebris
343 2388 479 2420 historia
508 2398 590 2429 quae
613 2390 732 2431 legitur
755 2390 784 2421 1.
806 2389 889 2431 Reg.
912 2390 1017 2431 capite
1041 2390 1079 2422 17

114 2435 147 2461 et
171 2430 220 2462 18.
272 2431 414 2463 Tametsi
448 2436 557 2463 autem
591 2432 709 2464 diserte
742 2432 808 2465 illic
843 2443 907 2465 non
940 2432 1081 2465 traditur

115 2472 222 2504 Eliam
255 2483 376 2506 orasse:
414 2474 590 2507 siccitatem
628 2480 737 2507 tamen
771 2481 803 2507 et
835 2475 978 2516 pluviam
1011 2476 1080 2508 eius

115 2514 262 2555 precibus
285 2515 390 2547 datam
412 2527 481 2549 esse
503 2516 610 2559 colligi
634 2517 725 2551 facile
748 2523 864 2559 potest.
906 2517 1079 2550 Caeterum

115 2557 259 2589 notanda
288 2562 337 2589 est
364 2559 504 2600 exempli
526 2561 705 2601 applicatio.
752 2561 824 2593 Non
847 2560 925 2593 dicit
948 2561 1079 2593 Iacobus

114 2600 286 2641 petendam
310 2611 379 2632 esse
402 2601 579 2635 siccitatem
602 2614 620 2636 a
643 2603 794 2641 Domino,
818 2604 895 2645 quia
916 2603 1000 2637 hanc
1023 2605 1079 2636 im-

115 2644 291 2685 petraverit
313 2642 421 2676 Elias:
452 2654 619 2685 possemus
643 2646 730 2679 enim
753 2647 989 2679 inconsiderato
1011 2647 1079 2680 zelo

220 2702 328 2730 Calvt'mi
344 2710 436 2736 opera.
463 2703 522 2730 Vol.
539 2703 601 2732 LV.

1015 199 1165 234 CAPUT
1188 200 1228 232 V.

2053 203 2117 235 434

1140 300 1261 329 temere
1283 306 1321 329 ac
1335 295 1435 329 stulte
1450 295 1608 328 aemulari
1624 296 1828 338 prophetam.
1862 296 1952 339 Ergo
1967 297 2109 330 tenenda

1139 342 1188 371 est
1209 338 1323 371 orandi
1346 337 1468 379 regula,
1498 342 1534 370 ut
1555 349 1597 371 ex
1620 339 1694 371 fide.
1738 339 1778 371 In
1801 339 1861 372 hoc
1883 350 1960 381 ergo
1982 349 2111 373 accom-

1139 381 1251 414 modat
1272 381 1467 423 exemplum‚
1492 381 1577 421 quod
1598 382 1625 414 si
1648 382 1820 414 exauditus
1843 382 1905 414 fuit
1927 382 2027 424 Elias,
2052 393 2110 416 nos

1139 434 1266 465 quoque
1295 424 1355 456 rite
1382 423 1541 465 precando
1569 423 1792 456 exaudiemur.
1836 424 1922 457 Nam
1944 435 2045 466 quum
2068 426 2111 458 sit

1143 477 1314 500 commune
1329 465 1442 499 orandi
1461 470 1668 508 praeceptum
1684 470 1717 498 et
1733 468 1912 500 communis
1927 468 2111 509 promissio:

1139 510 1288 550 sequitur
1310 510 1461 542 effectum
1484 519 1610 550 quoque
1633 510 1700 541 fore
1722 508 1935 543 communem.
1971 511 2020 543 Na
2038 511 2110 552 quis

1139 556 1248 584 autem
1278 552 1439 591 obiiceret,
1469 551 1565 594 longe
1595 562 1653 584 nos
1682 551 1804 584 distare
1833 563 1853 584 a
1881 553 1983 593 gradu
2007 553 2108 594 Eliae,

1139 605 1213 627 eum
1228 595 1362 627 collocat
1378 595 1412 626 in
1429 598 1539 627 nostro
1554 594 1677 635 ordine,
1699 605 1799 635 quum
1816 594 1892 627 dicit
1915 596 2108 629 hominem

1139 638 1239 669 fuisse
1262 637 1431 669 mortalem
1455 642 1487 669 et
1509 638 1624 670 iisdem
1646 636 1812 670 nobiscum
1838 638 2110 678 passionibus

1139 680 1370 712 obnoxium.
1416 679 1500 712 Nam
1522 680 1595 712 ideo
1619 681 1727 712 minus
1750 680 1936 721 proficimus
1956 691 1999 712 ex
2017 689 2109 714 sanc-

1139 727 1248 754 torum
1277 723 1443 763 exemplis,
1471 723 1548 763 quia
1575 723 1662 765 ipsos
1691 724 1846 764 fingimus
1876 723 2033 756 semideos
2057 725 2108 756 vel

1139 765 1265 806 heroas,
1296 765 1412 806 quibus
1442 766 1602 806 peculiare
1633 766 1730 797 fuerit
1756 776 1832 798 cum
1853 765 1925 797 Deo
1953 776 2107 799 commer—

1139 808 1241 840 cium:
1270 808 1316 839 ita
1344 818 1383 839 ex
1411 817 1449 839 eo
1473 808 1557 849 quod
1581 808 1725 840 exauditi
1748 813 1833 847 sunt,
1864 809 1947 840 nihil
1970 809 2109 842 fiduciae

1138 851 1349 892 concipimus.
1393 850 1440 882 Ut
1463 850 1546 883 hanc
1568 851 1732 883 ethnicam
1755 855 1787 883 et
1810 851 1977 892 profanam
2001 861 2111 892 super-

1138 894 1300 926 stitionem
1317 892 1453 925 Iacobus
1475 894 1627 933 excutiat,
1650 898 1777 926 sanctos
1800 895 1834 925 in
1851 895 1957 926 carnis
1973 894 2108 926 infirmi-

1139 942 1205 969 tate
1228 935 1479 969 considerandos
1502 946 1572 968 esse
1595 936 1764 968 admonet:
1797 940 1832 968 ut
1855 937 2018 969 discamus
2042 948 2109 969 non

1138 990 1252 1012 eorum
1275 978 1410 1018 meritis,
1433 978 1490 1011 sed
1512 979 1666 1011 orationis
1689 979 1850 1012 efficaciae
1865 980 2006 1012 tribuere
2023 980 2108 1021 quod

1138 1023 1248 1054 omnia
1281 1032 1300 1054 a
1332 1021 1405 1053 Deo
1438 1022 1665 1062 impetrarunt.
1722 1021 1810 1055 Hinc
1847 1027 1980 1063 apparet
2014 1033 2110 1064 quam

1138 1064 1307 1106 pueriliter
1330 1067 1496 1105 nugentur
1523 1064 1677 1105 papistae,
1709 1065 1764 1105 qui
1785 1065 1825 1096 ad
1849 1069 2034 1097 sanctorum
2057 1076 2110 1106 pa-

1138 1108 1310 1140 trocinium
1334 1107 1506 1149 confugere
1530 1107 1655 1145 docent,
1682 1108 1759 1148 quia
1781 1107 1925 1140 exauditi
1948 1108 2068 1140 fuerint
2091 1118 2110 1140 a

1137 1150 1290 1182 Domino.
1345 1149 1401 1182 Sic
1432 1150 1519 1182 enim
1553 1149 1725 1191 colligunt:
1765 1151 1841 1191 quia
1877 1150 1931 1183 ille
1965 1151 2108 1183 obtinuit

1138 1193 1223 1234 quod
1252 1192 1391 1234 petebat,
1421 1193 1573 1234 quamdiu
1601 1193 1685 1225 vixit
1705 1193 1738 1224 in
1761 1193 1892 1233 mundo,
1921 1203 2008 1226 nunc
2030 1194 2112 1235 opti-

1138 1247 1212 1268 mus
1234 1236 1295 1268 erit
1318 1242 1389 1278 post
1407 1243 1543 1268 mortem
1561 1236 1651 1268 nobis
1674 1241 1837 1277 patronus.
1872 1236 1962 1269 Haec
1978 1237 2108 1278 argutia

1138 1279 1268 1319 spiritui
1291 1284 1402 1311 sancto
1426 1280 1589 1320 incognita
1612 1279 1680 1310 fuit.
1715 1279 1799 1310 Nam
1815 1279 1994 1311 exadverso
2010 1280 2109 1312 ratio-

1139 1324 1266 1354 cinatur
1290 1323 1434 1360 Iacobus,
1459 1323 1532 1363 quia
1556 1326 1682 1353 tantum
1706 1322 1879 1354 valuerunt
1901 1332 2013 1354 eorum
2037 1333 2106 1363 pre-

1138 1374 1207 1403 ces,
1244 1364 1360 1397 debere
1397 1375 1456 1397 nos
1493 1364 1641 1396 similiter
1679 1374 1792 1397 eorum
1826 1365 1975 1406 exemplo
2010 1364 2106 1398 hodie

1139 1417 1248 1439 orare:
1272 1407 1370 1448 idque
1393 1418 1451 1440 nos
1474 1417 1540 1439 non
1563 1407 1684 1439 frustra
1707 1407 1860 1440 facturos.

1226 1514 1275 1546 19.
1306 1513 1437 1547 Fratres
1465 1515 1540 1555 mei,
1569 1514 1599 1546 si
1630 1514 1702 1554 quis
1730 1514 1811 1546 inter
1840 1524 1896 1547 vos
1917 1515 2067 1547 erraverit
2089 1526 2110 1547 a

1137 1558 1271 1596 veritate,
1300 1560 1327 1589 et
1357 1558 1532 1590 couverterit
1560 1557 1721 1597 quispiam
1747 1567 1836 1589 eum:
1879 1557 1929 1590 20.
1953 1561 2109 1599 coqnosoat

1138 1601 1219 1641 quod
1247 1601 1302 1641 qui
1329 1601 1506 1633 converterit
1529 1602 1714 1639 peccatorem
1744 1599 1783 1631 ab
1809 1610 1911 1633 errore
1932 1601 2001 1633 viae
2022 1611 2108 1641 suae,

1138 1643 1273 1676 servabit
1304 1643 1445 1675 animam
1477 1654 1498 1675 a
1529 1644 1639 1681 morte,
1676 1645 1704 1674 et
1734 1642 1962 1675 multitudinem
1995 1644 2109 1684 operiet

1133 1689 1335 1727 peccatorum.

1223 1793 1274 1825 20.
1307 1792 1480 1834 Coqnoscat.
1526 1792 1650 1824 Dubito
1680 1802 1790 1824 annon
1818 1792 1925 1833 potius
1948 1793 2106 1834 scriptum

1137 1836 1234 1867 fuerit
1264 1835 1450 1877 γινώσκετε;
1485 1835 1537 1867 Ita
1564 1835 1739 1877 legendum
1770 1839 1870 1867 esset:
1904 1834 2107 1876 Cognoscite.

1136 1879 1284 1919 Utroque
1317 1884 1426 1910 tamen
1460 1877 1554 1910 modo
1588 1878 1686 1910 stabit
1719 1877 1806 1910 idem
1834 1888 1958 1911 sensus.
2010 1878 2108 1911 Gom-

1136 1922 1270 1953 mendat
1303 1922 1390 1953 enim
1420 1921 1511 1953 nobis
1541 1920 1676 1953 lacobus
1706 1921 1843 1952 fratrum
1872 1921 2105 1953 correctionem

1136 1965 1176 1996 ab
1206 1964 1332 2003 effectu,
1360 1968 1395 1995 ut
1425 1964 1546 1996 maiore
1572 1963 1679 1996 studio
1702 1964 1737 1995 in
1761 1974 1832 1995 eam
1855 1964 1971 1995 intenti
1995 1964 2107 1996 simus.

1136 2007 1228 2039 Nihil
1251 2007 1466 2047 praestantius
1482 2011 1539 2039 aut
1555 2007 1658 2047 magis
1674 2006 1821 2047 optabile,
1845 2016 1944 2046 quam
1961 2006 2106 2039 animam

1135 2050 1259 2090 eripere
1275 2060 1315 2081 ex
1332 2054 1435 2081 morte
1452 2054 1597 2082 aeterna:
1614 2049 1674 2081 hoc
1690 2054 1797 2081 autem
1814 2049 1890 2081 facit
1906 2049 1960 2090 qui
1972 2049 2108 2082 fratrem

1136 2098 1300 2125 errantem
1334 2093 1459 2124 reducit
1491 2092 1525 2124 in
1555 2092 1657 2124 viam:
1693 2101 1769 2132 ergo
1805 2096 1874 2124 tam
1904 2092 2109 2132 praeclarum

1136 2145 1217 2177 opus
1233 2136 1365 2167 minime
1381 2135 1613 2176 negligendum
1629 2139 1687 2166 est.
1711 2134 1828 2166 Cibum
1845 2134 1922 2166 dare
1936 2135 2104 2174 esurienti,

1136 2184 1168 2210 et
1189 2178 1312 2210 sitienti
1331 2181 1453 2218 potum,
1478 2177 1625 2210 videmus
1641 2177 1753 2218 quanti
1770 2177 1921 2210 Christus
1938 2178 2104 2210 aestimet:

1136 2222 1225 2262 atqui
1256 2221 1358 2253 multo
1387 2220 1556 2262 pretiosior
1584 2223 1634 2252 est
1656 2220 1704 2251 illi
1727 2220 1854 2252 animae
1889 2220 1976 2252 salus
2005 2230 2103 2261 quam

1135 2264 1278 2304 corporis
1307 2264 1385 2296 vita.
1431 2263 1621 2296 Cavendum
1651 2273 1727 2304 ergo
1760 2273 1801 2294 ne
1831 2267 1942 2295 nostra
1974 2263 2107 2304 ignavia

1135 2312 1267 2346 pereant
1290 2306 1476 2347 redemptae
1499 2317 1517 2338 a
1541 2306 1671 2339 Christo
1695 2305 1831 2346 animae,
1854 2315 1994 2346 quarum
2018 2305 2104 2338 salu-

1135 2354 1201 2380 tem
1225 2349 1461 2390 quodammodo
1483 2349 1516 2381 in
1540 2359 1639 2381 manu
1659 2352 1766 2380 nostra
1783 2348 1872 2388 ponit
1889 2348 1988 2379 Deus.
2029 2347 2105 2381 Non

1133 2391 1217 2432 quod
1247 2392 1384 2424 salutem
1408 2391 1610 2424 conferamus
1633 2391 1708 2432 ipsi:
1740 2390 1796 2422 sed
1820 2390 1902 2432 quod
1927 2390 2018 2424 Deus
2045 2392 2107 2423 mi-

1133 2434 1265 2467 nisterio
1296 2440 1407 2467 nostro
1429 2435 1545 2467 liberat
1568 2444 1604 2466 ac
1626 2437 1736 2466 servat
1759 2434 1843 2474 quod
1867 2433 1986 2474 alioqui
2017 2434 2105 2466 vide-

1132 2476 1228 2509 batur
1261 2478 1361 2510 exitio
1391 2478 1617 2518 propinquum.
1669 2476 1780 2516 Aliqui
1811 2476 1935 2508 codices
1967 2476 2102 2515 habent,

1132 2520 1273 2552 animam
1307 2521 1391 2558 eius,
1425 2519 1510 2561 quod
1544 2520 1582 2551 de
1617 2529 1712 2551 sensu
1747 2519 1830 2550 nihil
1861 2521 1976 2551 mutat.
2032 2520 2102 2560 Ego

1132 2567 1241 2594 tamen
1271 2562 1432 2595 diversam
1462 2563 1634 2595 lectionem
1661 2562 1753 2602 sequi
1786 2561 1886 2600 malo,
1921 2563 1995 2603 quia
2028 2563 2103 2603 plus

1131 2606 1282 2646 energiae
1306 2605 1411 2638 habet.

1221 2648 1343 2689 Operiet
1365 2648 1593 2681 multitudinem
1608 2648 1812 2688 peccatorum.
1851 2646 1980 2679 Alludit
1995 2648 2102 2689 potius

1869 2707 1903 2733 28
