2513 3126
298 236 356 266 271

298 329 382 369 quod
400 339 527 360 necesse
552 338 614 357 non
638 327 678 357 sit
703 326 786 357 bano
807 324 1051 356 similitudinem
1076 334 1132 364 por
1155 324 1267 355 omnia

298 380 491 412 congruere:
521 369 644 400 suffieit
672 379 748 409 ergo
779 368 861 408 quod
892 367 1095 408 aliquatenus
1125 365 1267 406 configu-

299 425 408 446 ramur
438 413 531 443 morti
556 412 688 442 Christi.
735 411 808 449 Quo
831 421 926 442 sensu
951 411 1048 441 etiam
1073 420 1137 441 non
1161 409 1269 449 inepte

298 457 469 498 exponitur
499 454 578 485 illud
610 454 702 485 Pauli
732 454 842 494 (Rom.
866 454 897 492 6,
927 453 976 494 5),
1010 463 1068 483 nos
1098 452 1195 483 inseri
1237 451 1269 481 in

298 497 541 531 similitudinem
565 497 680 528 mortis
703 497 785 528 eins:
815 497 889 536 quia
912 505 977 527 non
1001 495 1113 527 eadem
1137 503 1270 535 prorsus

298 544 338 572 sit
368 541 457 577 ratio,
491 540 546 571 sed
577 540 653 579 qnia
683 549 770 570 mors
799 540 868 570 eius
902 542 1000 580 typus
1032 539 1074 570 sit
1106 536 1200 569 modo
1235 545 1272 567 ac

298 583 463 623 exemplar
481 582 739 614 mortificationis
759 587 897 613 nostrae.
930 581 1072 612 Proinde
1096 579 1270 612 notandum

297 633 356 666 est,
379 626 518 658 caruis
543 636 659 656 nomon
684 625 737 656 hic
760 625 889 656 diverso
912 635 1009 655 sensu
1034 624 1081 655 bis
1095 633 1165 655 esse
1190 622 1271 662 posi-

298 678 376 700 tum.
434 668 517 700 Nam
556 678 653 708 quum
690 677 821 707 passum
857 678 955 699 carne
985 666 1154 698 Christum
1187 665 1272 702 dicit,

298 718 448 743 naturam
473 711 658 750 humanam,
683 721 778 751 quam
803 721 821 742 a
844 710 937 741 nobis
960 715 1143 750 sumpserat
1160 708 1271 740 Chris-

299 763 360 791 tus,
385 759 478 786 morti
496 754 672 784 subiectam
691 753 789 784 fuisse
806 753 911 785 docet:
938 753 997 784 hoc
1013 758 1071 789 est,
1093 751 1272 787 Christum,

298 803 454 837 quatenus
486 796 581 827 homo
616 801 701 831 orat,
737 795 930 827 naturaliter
964 795 1064 826 fuisse
1098 800 1272 825 mortuum.

299 841 338 871 In
373 839 512 871 secundo
544 844 650 869 antem
675 839 829 876 membro,
859 848 960 879 quum
991 838 1030 868 de
1053 838 1146 868 nobis
1169 845 1273 867 sermo

298 889 356 921 est,
390 892 464 914 earo
486 886 535 913 est
550 884 685 912 naturae
709 887 838 912 nostrae
860 881 1023 921 corruptio
1046 891 1082 912 ac
1105 879 1274 910 vitiositas.

300 926 349 956 Ita
380 925 485 965 passio
517 926 548 955 in
581 934 678 955 carne
706 925 866 965 significat
890 924 991 955 nostri
1016 923 1271 962 abnegationem.

300 969 395 999 Nunc
429 967 578 998 videmus
609 968 685 1007 quid
717 968 803 997 inter
825 966 992 998 Christum
1017 971 1049 997 et
1073 975 1131 996 nos
1155 963 1273 1002 simile,

299 1010 374 1050 quid
397 1010 561 1041 diversum
585 1010 643 1041 sit:
675 1020 793 1050 nempe
816 1011 900 1050 quod
925 1010 1008 1040 sicut
1031 1018 1144 1048 passus
1167 1011 1216 1038 est
1240 1007 1273 1036 in

299 1064 395 1084 carne
427 1063 446 1084 a
477 1052 568 1084 nobis
599 1058 737 1093 sumpta,
772 1053 818 1084 sic
850 1056 951 1083 totam
974 1061 1104 1083 carnem
1128 1053 1272 1081 nostram

298 1096 443 1137 crucifigi
467 1100 623 1136 oporteat.

383 1139 413 1170 2.
439 1138 487 1171 Ne
503 1138 650 1180 amplius.
682 1138 745 1169 Hic
768 1138 897 1169 modum
921 1136 1073 1176 exprimit
1098 1135 1274 1166 desistendi

299 1192 317 1213 a
340 1185 487 1222 peccato:
510 1186 547 1212 ut
570 1181 692 1213 scilicet
715 1182 940 1212 renuntiantes
965 1179 1133 1210 hominum
1158 1187 1275 1209 concu-

299 1225 474 1265 piscentiis,
506 1225 607 1254 vitam
632 1230 774 1255 nostram
799 1223 986 1254 studeamus
1008 1221 1047 1252 ad
1074 1221 1134 1252 Dei
1158 1220 1273 1252 volun-

300 1273 399 1298 tatem
424 1277 626 1306 componere.
664 1266 776 1306 Itaque
800 1266 880 1297 duas
902 1264 1119 1296 renovationis
1143 1269 1273 1295 nostrae

301 1316 409 1350 partes
441 1310 492 1341 hic
513 1309 768 1350 comprehendit,
799 1309 904 1339 carnis
926 1308 1105 1343 interitum,
1135 1312 1167 1337 et
1188 1306 1272 1338 vivi-

302 1353 486 1384 ficationem
514 1353 657 1393 spiritus.
703 1351 754 1383 Ab
783 1351 837 1382 illo
867 1351 977 1391 itaque
1000 1349 1202 1381 inchoandus
1225 1353 1274 1380 est

302 1396 384 1427 bene
418 1395 549 1427 vivendi
583 1405 712 1426 cursus:
753 1394 792 1425 ad
832 1394 917 1425 hanc
950 1403 1028 1424 vero
1061 1392 1274 1433 pergendum.

303 1439 405 1469 Porro
446 1438 499 1469 hic
539 1437 653 1469 definit
686 1437 804 1468 Petrus
837 1447 919 1477 quae
952 1436 993 1467 sit
1027 1436 1108 1467 bene
1142 1434 1273 1466 vivendi

303 1481 431 1522 regula:
456 1491 555 1520 quum
571 1480 693 1512 seilicet
709 1491 726 1511 a
743 1479 807 1511 Dei
830 1479 1000 1510 voluntate
1023 1478 1142 1518 pendet
1166 1478 1272 1508 homo.

301 1523 398 1556 Unde
426 1524 582 1563 sequitur,
613 1523 693 1554 nihil
718 1523 750 1554 in
774 1523 843 1553 vita
865 1532 935 1554 esse
958 1526 1081 1553 rectum
1106 1530 1165 1553 nec
1188 1530 1273 1552 com-

302 1567 454 1607 positum,
484 1566 617 1597 simulac
647 1565 722 1597 inde
753 1566 891 1596 aberrat.
938 1564 1113 1596 Praeterea
1135 1562 1275 1595 notanda

302 1614 353 1641 est
386 1609 558 1641 antithesis
592 1609 676 1640 inter
699 1608 775 1640 Dei
805 1607 1066 1639 voluntatem
1097 1612 1129 1638 et
1152 1606 1276 1637 homi-

303 1663 390 1684 num
449 1652 836 1692 concupiscentias.
913 1650 1008 1682 Unde
1062 1649 1276 1690 intelligimus

302 1697 424 1735 quanta
453 1695 495 1726 sit
526 1701 636 1726 nostra
665 1695 820 1735 pravitas,
855 1698 886 1725 et
918 1700 1119 1734 quantopere
1152 1692 1275 1723 luctan-

303 1738 380 1769 dum
414 1739 467 1775 sit,
506 1743 541 1768 ut
574 1737 644 1768 Deo
679 1737 854 1769 reddamur
888 1737 1110 1776 obsequentes.
1166 1735 1276 1774 Quum

303 1781 390 1819 dicit,
424 1780 630 1819 reliquum
658 1781 859 1821 temporis
890 1781 929 1810 in
957 1789 1090 1817 carne,
1124 1788 1198 1810 caro
1219 1787 1278 1817 pro

303 1824 372 1854 vita
409 1823 571 1863 praesenti
607 1823 777 1863 accipitur,
815 1823 908 1854 sicuti
947 1822 987 1853 ad
1021 1822 1189 1853 Hebraeos
1225 1830 1277 1852 ca-

303 1867 367 1906 pite
391 1866 422 1906 5,
447 1866 476 1897 7.

389 1909 419 1941 3.
453 1908 539 1940 Satis
575 1909 658 1940 enim
695 1908 793 1940 nobis.
855 1907 924 1939 Non
961 1906 1114 1949 intelligit
1151 1907 1278 1943 Petrus,

304 1951 409 1982 taedio
433 1961 492 1982 nos
516 1951 720 1992 voluptatum
744 1951 828 1983 affici
853 1951 978 1987 debere,
1010 1948 1279 1990 quemadmodum

304 1993 409 2025 solent
440 1994 494 2033 qui
517 1994 557 2025 ad
581 1995 763 2025 satietatem
787 1994 851 2025 illis
874 1996 951 2025 sunt
974 1993 1111 2033 expleti:
1146 1992 1202 2024 sed
1224 2002 1280 2033 po-

304 2037 368 2067 tius
403 2036 486 2067 vitae
509 2037 704 2076 praeteritae
727 2037 884 2068 memoria
907 2036 946 2067 ad
970 2036 1202 2076 poenitentiam
1227 2045 1280 2066 eos

305 2078 462 2110 stimulat.
515 2079 559 2109 Et
593 2085 680 2110 certe
713 2079 766 2111 hic
797 2080 973 2111 acerrimus
1004 2079 1096 2110 nobis
1129 2077 1281 2110 stimulus

306 2131 376 2152 esse
398 2120 493 2152 debet
517 2120 556 2152 ad
581 2121 661 2152 bene
683 2122 887 2157 currendum,
912 2122 987 2153 dum
1010 2127 1199 2162 reputamus
1221 2131 1281 2152 nos

307 2173 427 2204 magna
457 2170 550 2203 parta
581 2164 665 2195 vitae
697 2169 790 2195 extra
821 2165 907 2195 viam
937 2174 1072 2196 errasse.
1118 2164 1281 2196 Admonet

308 2212 417 2237 autem
441 2206 568 2246 Petrus,
599 2206 774 2238 absurdum
804 2207 880 2245 fore,
911 2208 937 2238 si
961 2217 979 2237 a
1002 2207 1134 2238 Christo
1164 2206 1281 2237 illumi-

307 2248 375 2280 nati
404 2249 506 2280 vitam
538 2249 570 2280 in
605 2249 720 2281 melius
743 2259 809 2280 non
832 2254 969 2281 mutent.
1014 2250 1098 2281 Nam
1121 2250 1174 2281 hic
1196 2249 1281 2280 inter

307 2292 512 2332 ignorantiae
534 2296 568 2323 et
590 2291 664 2323 fidei
688 2297 835 2332 tempora
857 2292 1025 2324 discernit:
1055 2303 1089 2325 sc
1113 2294 1139 2322 si
1162 2292 1281 2324 diceret

308 2344 444 2374 aequum
478 2344 548 2366 esse
582 2340 617 2365 ut
647 2344 750 2366 novos
779 2340 812 2366 et
841 2335 922 2366 alios
950 2345 984 2366 se
1013 2335 1162 2366 homines
1190 2344 1280 2375 prac-

308 2377 421 2417 beant,
463 2387 504 2408 ex
538 2386 600 2418 quo
633 2377 786 2409 Christus
819 2388 873 2409 eos
908 2379 1047 2410 vocavit.
1106 2378 1281 2410 Caeterum

309 2430 367 2459 pro
405 2419 576 2451 hominum
613 2421 898 2460 concupiscentiis,
936 2431 1023 2453 nunc
1060 2421 1152 2462 ponit
1184 2430 1281 2461 gen-

310 2463 410 2493 tium
433 2462 716 2494 voluntatem:
740 2464 772 2494 in
797 2473 859 2503 quo
875 2463 1005 2495 Iudaeis
1023 2464 1181 2505 exprobat
1196 2461 1281 2503 quod

310 2504 459 2545 gentibus
483 2505 518 2536 in
540 2505 630 2536 omni
653 2505 840 2545 pollutionis
863 2517 981 2547 genere
1004 2507 1148 2548 permisti
1163 2510 1282 2545 essent,

311 2557 409 2587 quum
432 2558 487 2579 eos
510 2547 673 2579 Dominus
698 2554 910 2590 segregasset.
954 2548 994 2580 In
1018 2555 1182 2590 posterum
1205 2557 1283 2579 vero

311 2591 404 2621 docet
435 2591 585 2622 exuenda
617 2601 688 2622 esse
719 2592 800 2622 vitia
829 2602 912 2633 quae
941 2592 1129 2624 caecitatem
1160 2601 1197 2623 ae
1221 2590 1284 2621 Dei

311 2632 528 2672 ignorantiam
558 2634 591 2664 in
626 2633 810 2665 hominibus
834 2641 984 2675 arguunt.
1031 2634 1163 2666 Pondus
1185 2633 1283 2665 etiam

312 2675 408 2706 habet
432 2675 511 2708 haec
527 2677 686 2716 particula
709 2677 813 2717 quod
837 2677 1050 2709 residuum
1074 2682 1137 2709 est
1160 2676 1284 2708 vitae.

1129 231 1155 260 E
1162 230 1270 261 PIS'P.
1296 232 1429 263 PETRI

2231 234 2293 264 272

1319 325 1489 366 Significat
1526 325 1611 356 enim
1650 324 1688 355 ad
1728 325 1825 355 finem
1865 334 1966 365 usque
2005 325 2290 365 perseverandum:

1319 369 1411 400 sicuti
1442 379 1539 409 quum
1570 367 1649 399 dicit
1674 367 1793 398 Paulus
1823 366 1931 408 (Rom.
1949 367 1979 406 6,
2011 367 2044 409 9)
2074 367 2243 399 Christum
2275 380 2293 400 a

1321 412 1455 442 mortuis
1486 411 1670 445 excitatum.
1706 410 1768 440 iam
1801 409 1939 449 amplius
1970 421 2031 441 non
2065 410 2157 443 mori.
2210 410 2292 442 Nam

1322 452 1392 484 ideo
1424 454 1578 493 redempti
1607 463 1719 484 snmus
1749 463 1767 482 a
1792 452 1941 489 Domino,
1977 458 2013 484 ut
2041 453 2088 483 illi
2111 453 2294 485 serviamus

1322 496 1470 527 omnibus
1494 496 1605 527 diebus
1630 496 1714 526 vitae
1738 502 1877 526 nostrae.

1410 539 1451 570 In
1468 539 1616 571 lasciviis.
1656 538 1727 569 Non
1749 543 1894 569 recenset
1911 538 2073 579 integrum
2096 537 2293 579 catalogum:

1325 580 1379 611 sed
1417 586 1542 612 tantum
1581 581 1736 621 quasdam
1774 581 1896 620 species
1934 581 2066 621 attingit
2103 592 2142 612 ex
2179 581 2294 620 quibus

1324 624 1519 663 summatim,
1552 625 1702 664 colligere
1737 623 1841 663 liceat,
1876 623 2030 663 quidnam
2065 629 2228 663 appetant,
2263 628 2296 655 et

1326 676 1478 706 quorsum
1516 667 1664 707 propensi
1703 666 1767 696 sint
1802 666 1949 697 homines
1983 666 2099 706 spiritu
2134 665 2196 697 Dei
2231 677 2296 697 non

1326 709 1455 749 regniti.
1499 708 1665 741 Crassiora
1688 715 1794 739 autem
1820 708 1898 740 vitia
1921 710 2076 747 nominat,
2109 713 2146 740 ut
2170 709 2237 740 fleri
2261 710 2296 740 in

1326 751 1522 791 proferendis
1559 752 1716 792 exemplis
1753 751 1845 784 solet.
1907 751 1946 783 In
1986 752 2157 783 verborum
2197 752 2295 783 inter-

1327 794 1508 833 pretatione
1531 805 1593 825 nou
1621 794 1823 832 immorabor,
1858 795 1933 834 quia
1957 794 2038 825 nihil
2068 794 2190 826 habent
2213 794 2297 826 diffi-

1326 836 1465 868 cultatis.
1518 836 1582 869 Sed
1611 837 1664 868 hic
1695 837 1841 868 exoritur
1870 837 2029 877 quaestio:
2064 837 2138 877 quia
2167 836 2297 868 videtur

1327 878 1440 910 multis
1469 880 1618 911 iniuriam
1650 881 1752 911 facere
1777 880 1902 916 Petrus,
1937 890 2037 920 quum
2068 890 2181 911 omnes
2205 879 2297 912 lasci-

1327 922 1408 960 viae,
1442 922 1670 963 dissolutionis,
1705 922 1884 957 libidinum.
1916 922 2090 960 ebrietatis,
2122 924 2155 953 et
2177 932 2297 954 comes-

1326 964 1489 995 sationum
1521 975 1592 996 reos
1622 966 1706 996 facit.
1753 965 1885 996 Certum
1919 971 1968 996 est
1998 966 2085 996 enim
2109 975 2174 996 non
2199 966 2298 997 fuisse

1326 1017 1436 1038 omnes
1466 1007 1517 1038 his
1547 1008 1633 1039 vitiis
1659 1008 1837 1048 implicitos.
1882 1007 1953 1039 Imo
1977 1008 2010 1038 in
2033 1009 2182 1048 gentibus
2205 1018 2297 1048 quos-

1327 1050 1398 1080 dam
1417 1050 1535 1081 scimus
1552 1050 1685 1082 honeste
1701 1056 1734 1081 et
1753 1051 1834 1082 citra
1857 1050 2008 1082 infamiae
2032 1056 2142 1082 notam
2165 1050 2297 1082 vixisse.

1327 1092 1528 1133 Respondeo,
1563 1093 1696 1124 Petrum
1727 1104 1789 1124 non
1813 1094 1858 1125 sic
1881 1094 2022 1125 tribuere
2045 1093 2196 1134 gentibus
2219 1093 2299 1125 haec

1327 1136 1416 1176 vitia,
1441 1136 1533 1176 quasi
1556 1135 1702 1167 omnium
1726 1136 1857 1167 damnet
1886 1137 2031 1175 singulos
2055 1136 2211 1172 homines,
2241 1136 2299 1167 sed

1327 1180 1418 1219 quasi
1443 1179 1488 1210 sic
1511 1178 1551 1209 ad
1575 1179 1694 1209 malum
1719 1184 1836 1210 natura
1859 1179 2018 1219 proclives
2042 1189 2170 1210 sumus:
2196 1189 2300 1219 neque

1326 1221 1359 1252 id
1390 1221 1494 1261 modo,
1528 1221 1584 1252 sed
1614 1221 1710 1252 etiam
1734 1223 1886 1262 pravitati
1910 1222 2035 1260 addicii,
2059 1227 2095 1253 ut
2118 1221 2300 1253 necessario

1326 1265 1380 1295 isti
1397 1264 1531 1302 fructus,
1547 1274 1625 1304 quos
1641 1270 1820 1304 enumerat,
1843 1276 1883 1296 ex
1900 1265 1986 1296 mala
2002 1264 2110 1296 radice
2133 1264 2299 1305 prodeant.

1327 1307 1430 1338 Nemo
1460 1306 1589 1347 quidem
1620 1312 1669 1338 est
1698 1307 1751 1347 qui
1783 1318 1847 1338 non
1878 1308 2037 1339 inclusum
2069 1308 2102 1338 in
2125 1317 2160 1338 se
2183 1307 2302 1339 habeat

1328 1351 1481 1381 vitiorum
1498 1350 1644 1380 omnium
1661 1359 1784 1381 semen:
1808 1350 1863 1381 sed
1888 1361 1951 1381 non
1974 1350 2083 1382 omnia
2105 1351 2140 1381 in
2163 1349 2302 1391 singulis

1327 1393 1513 1433 germinant
1542 1397 1638 1433 atque
1667 1395 1845 1433 emergunt.
1894 1392 1948 1425 Sic
1978 1398 2087 1424 tamen
2117 1403 2175 1433 per
2197 1398 2301 1424 totum

1327 1436 1505 1466 humanum
1536 1445 1641 1475 genus
1671 1445 1782 1475 sparsa
1805 1441 1852 1467 est
1873 1445 1910 1467 ac
1933 1435 2049 1467 diffusa
2071 1435 2232 1476 contagio,
2266 1440 2302 1466 ut

1327 1483 1483 1519 appareat
1517 1482 1621 1509 totum
1653 1488 1767 1518 corpus
1799 1478 1981 1510 innumeris
2016 1478 2110 1509 malis
2143 1479 2302 1509 refertum

1327 1532 1409 1553 esse:
1439 1521 1565 1552 nullum
1590 1530 1666 1552 vero
1689 1521 1870 1553 membrum
1894 1531 1912 1552 a
1934 1522 2099 1552 communi
2120 1520 2303 1561 corruptela

1328 1574 1398 1595 esse
1429 1564 1572 1595 immune
1603 1563 1655 1595 vel
1684 1574 1811 1604 purum.
1856 1564 2027 1595 Postremo
2050 1573 2177 1603 quoque
2200 1573 2302 1594 mem-

1329 1607 1422 1638 brum
1453 1606 1550 1637 aliam
1580 1607 1802 1647 quaestionem
1834 1607 1968 1647 gignere
1999 1610 2114 1646 potest.
2163 1605 2302 1637 Iudaeos

1329 1650 1416 1680 enim
1440 1649 1616 1689 alloquitur
1639 1649 1773 1680 Petrus:
1800 1655 1833 1680 et
1855 1654 1965 1680 tamen
1987 1648 2021 1679 in
2045 1648 2176 1680 nefariis
2198 1648 2303 1680 idolo-

1329 1692 1432 1723 latriis
1463 1697 1609 1723 versatos
1636 1702 1706 1723 esse
1730 1692 1818 1724 dicit.
1863 1692 1963 1732 Atqui
1987 1691 2097 1723 Iudaei
2120 1690 2303 1731 ubicunque

1329 1741 1488 1766 terrarum
1519 1740 1662 1776 agerent,
1698 1734 1832 1766 sollicite
1862 1735 1922 1766 sibi
1952 1733 2110 1766 cavebant
2136 1733 2176 1765 ab
2198 1734 2301 1765 idolis.

1331 1778 1460 1818 Duplex
1492 1777 1609 1809 solutio
1637 1777 1746 1809 afferri
1770 1782 1892 1818 potest:
1927 1777 1978 1808 vel
2001 1776 2085 1818 quod
2108 1787 2166 1817 per
2187 1787 2304 1818 synec-

1331 1821 1455 1852 dochen
1488 1821 1704 1851 communiter
1737 1820 1776 1851 de
1810 1820 1963 1852 omnibus
1998 1820 2186 1860 pronuntiet
2218 1820 2304 1860 quod

1332 1867 1459 1894 tantum
1493 1863 1534 1895 ad
1568 1873 1688 1903 paucos
1722 1863 1888 1903 spectabat
1916 1863 2033 1904 (neque
2060 1862 2147 1893 enim
2170 1862 2304 1894 dubium

1332 1913 1380 1938 est
1395 1907 1472 1946 quin
1489 1916 1528 1937 ex
1546 1905 1675 1937 Iudaeis
1691 1907 1875 1947 promiscue
1899 1917 1917 1937 a
1936 1905 2087 1946 gentibus
2109 1905 2306 1945 compositae

1333 1949 1453 1980 fuerint
1483 1949 1636 1981 ecclesiae
1667 1950 1707 1980 ad
1736 1959 1816 1989 quas
1843 1947 2017 1990 scribebat)
2045 1948 2098 1980 vel
2128 1948 2215 1989 quod
2237 1948 2304 1979 ido-

1334 1992 1444 2023 latrias
1478 1991 1619 2032 appellet
1652 1992 1743 2032 quasi
1777 1991 2024 2032 superstitiones
2058 2001 2196 2031 quarum
2228 1996 2306 2022 tunc

1333 2034 1420 2074 pleni
1453 2040 1548 2066 erant
1581 2034 1703 2066 Iudaei.
1759 2034 1967 2074 Quamquam
2007 2034 2094 2065 enim
2129 2043 2164 2066 se
2198 2034 2305 2065 Deum

1334 2077 1436 2109 Israel
1470 2077 1573 2108 colere
1607 2077 1850 2117 profitebantur,
1884 2077 2003 2109 scimus
2036 2078 2146 2108 tamen
2181 2076 2304 2108 nullam

1334 2120 1436 2151 divini
1476 2120 1583 2152 cultus
1623 2125 1747 2160 partem
1782 2120 1869 2160 apud
1904 2130 1958 2151 eos
1991 2129 2163 2160 synceram
2196 2118 2304 2150 fuisse.

1333 2163 1378 2194 Et
1400 2168 1521 2203 quanta
1553 2163 1586 2193 in
1610 2163 1796 2204 regionibus
1819 2162 1965 2194 barbaris
1988 2173 2025 2194 ac
2049 2163 2082 2193 in
2105 2161 2221 2193 turmis
2244 2161 2306 2192 dis-

1333 2206 1447 2245 sipatis
1469 2206 1614 2237 confusio
1637 2216 1708 2237 esse
1731 2212 1866 2246 poterat,
1890 2215 1988 2245 quum
2008 2205 2079 2245 ipsa
2093 2203 2305 2245 Ierosolyma,

1333 2259 1373 2280 ex
1396 2249 1487 2280 cuius
1509 2248 1609 2279 radiis
1632 2249 1736 2280 lucem
1760 2258 1852 2279 suam
1875 2248 2120 2286 mutuabantur,
2143 2246 2184 2278 ad
2200 2253 2305 2278 extre-

1333 2302 1422 2322 mum
1452 2292 1629 2331 impietatis
1660 2291 1811 2332 prolapsa
1841 2297 1935 2322 esset.
1980 2290 2110 2322 Scimus
2132 2290 2217 2321 enim
2242 2289 2306 2321 illic

1333 2344 1427 2365 omne
1454 2344 1557 2375 genus
1587 2334 1700 2365 deliria
1729 2335 1860 2373 impune
1882 2338 2028 2374 grassata
2051 2342 2129 2367 esse,
2162 2337 2199 2363 ut
2221 2343 2307 2364 sum-

1333 2387 1423 2408 mum
1458 2386 1585 2417 quoque
1616 2376 1832 2408 sacerdotium
1862 2382 1894 2406 et
1923 2375 2131 2416 praecipuum
2152 2375 2306 2407 ecclesiae

1333 2420 1478 2460 regimen
1502 2429 1600 2459 penes
1622 2419 1828 2451 Sadducaeos
1851 2424 1943 2449 esset.

1419 2462 1448 2494 4.
1473 2462 1561 2502 Quod
1589 2462 1655 2493 illis
1690 2462 1820 2493 videtur.
1866 2460 1918 2492 Ad
1950 2460 2084 2492 verbum
2114 2461 2160 2492 sic
2187 2460 2306 2492 Petrus

1335 2505 1441 2542 habet,
1473 2504 1515 2536 In
1545 2514 1609 2545 quo
1639 2504 1909 2545 peregrinantur,
1943 2513 2007 2534 non
2037 2503 2306 2535 concurrentibus

1335 2548 1428 2579 vobis
1454 2548 1489 2579 in
1512 2547 1648 2578 eandem
1671 2546 1767 2577 luxus
1783 2545 2011 2586 profusionem,
2035 2545 2306 2586 blasphemantes.

1336 2590 1402 2622 Sed
1436 2589 1697 2630 peregrinari
1731 2589 1857 2628 capitur
1890 2599 1948 2629 pro
1983 2589 2102 2620 morari
2136 2591 2172 2620 ut
2206 2588 2240 2619 in
2272 2598 2306 2618 re

1337 2643 1422 2664 nova
1454 2637 1487 2664 et
1520 2631 1658 2663 insolita.
1704 2630 1778 2671 Qua
1801 2631 1989 2671 loquutione
2011 2635 2044 2662 et
2068 2631 2179 2662 Latini
2206 2631 2303 2661 inter-

1338 2676 1415 2707 dum
1443 2678 1594 2707 utuntur:
1629 2679 1665 2706 ut
1695 2684 1794 2714 quum
1822 2673 1934 2705 Cicero
1964 2674 2049 2711 dicit,
2081 2684 2116 2705 se
2146 2673 2306 2714 hospitem
