2513 3126
315 203 369 234 147

312 301 403 337 Abel,
440 302 487 331 vol
517 301 585 331 cius
614 299 746 339 saiuguis
777 298 915 330 clamare
948 298 1071 336 dicitur,

312 346 485 384 figuratum
524 350 579 373 est.
641 341 737 372 l'orro
773 341 935 381 singulare
958 341 1066 381 ‚divini
1099 352 1173 382 erga
1206 352 1277 373 eum

312 388 429 417 umoris
464 386 521 416 hoc
558 384 776 415 testimonium
814 385 888 421 luit,

314 429 423 460 habuit
448 427 579 458 mortui:

313 478 446 509 uinctos,
470 480 604 509 quorum
629 480 715 501 mors
739 469 785 500 illi
810 470 949 510 pretiosa
970 476 1027 502 est.

395 535 422 564 5.
449 533 530 565 Fide
552 532 657 564 Enoch
688 533 859 564 mundatus
881 537 923 565 est
946 545 982 565 ne
1004 534 1117 565 'uideret
1139 537 1279 565 mortem:

312 588 403 614 neque
434 578 572 607 inventus
594 581 646 615 est,
670 578 835 615 propterea
858 577 939 615 ‹Juocl
961 576 1050 608 Deus
1071 576 1159 608 ‘illum
1181 580 1281 608 trans-

309 621 428 651 lulerat.
476 619 560 650 Nam
595 622 664 650 ante
692 619 926 650 translationem
957 629 1049 650 suam
1076 620 1281 651 testimmzium

311 663 440 702 adeptus
463 665 528 694 erat
551 662 630 701 quod
648 661 818 701 placuisset
840 661 917 693 Deo.
949 663 978 693 6.
1005 661 1079 694 Sine
1098 662 1159 702 fide
1182 665 1280 694 autem
1305 686 1307 702 ,
1334 684 1466 724 propius
1496 683 1659 721 attendas,
1690 686 1831 725 reperies
1862 685 2016 717 haberem
2047 685 2100 717 hic
2131 695 2167 716 ao
2191 696 2300 717 recou-

312 705 498 745 impossibile
519 707 561 736 est
580 704 701 744 placere
723 703 806 735 Deo.-
839 714 912 736 uam
933 706 986 744 qui
1010 705 1052 736 ad
1076 704 1177 736 Deum
1198 715 1279 736 accc—

310 749 365 787 dit,
388 758 456 779 eum
472 748 591 779 credere
612 749 725 786 oportet
746 748 826 786 quod
848 747 898 787 sit,
920 750 946 778 et
968 747 1049 787 quod
1070 751 1281 780 remunerator
1306 761 1307 766 ¹

310 792 350 822 stt
372 792 414 822 iis
436 791 489 830 qui
511 800 578 821 eum
601 793 759 829 quaeruut.

396 856 424 886 5.
450 854 528 885 Fide
544 853 661 886 Enoch.
698 853 822 886 Paucos
846 853 957 895 deligit
980 865 1019 886 ex
1045 855 1281 893 vetustissimis,

312 905 347 929 ut
376 898 435 929 sibi
464 897 502 928 ad
528 896 693 927 Abraham
726 903 757 928 et
780 897 849 928 eius
872 902 1015 937 posteros
1039 898 1211 928 transitum
1238 898 1279 928 fa-

311 941 381 973 ciat.
427 939 520 970 Fidei
549 939 703 971 beneflcio
733 940 851 971 factum
881 950 950 972 esse
981 940 1072 972 docet
1103 945 1137 971 ut
1168 939 1279 971 Enoch

312 982 489 1015 translatus
512 981 618 1013 fuerit.
650 982 691 1013 In
715 983 829 1023 primis
853 993 927 1014 vero
952 982 1090 1014 tenenda
1113 988 1161 1014 est
1184 992 1280 1013 causa

311 1036 366 1057 cur
383 1025 510 1056 insolito
527 1024 619 1056 modo
636 1035 708 1056 eum
727 1024 816 1056 Deus
841 1036 857 1056 e
883 1032 968 1057 terra
992 1025 1190 1057 subduxerit.
1224 1025 1279 1055 In·
1304 1031 1306 1038 ¹

310 1070 399 1109 signe
429 1067 489 1099 hoc
519 1067 579 1098 fuit
601 1068 776 1108 specimen,
807 1068 892 1099 unde
915 1078 1026 1099 omncs
1047 1072 1279 1108 cognoscerent

309 1121 404 1152 quam
429 1120 523 1142 carus
547 1117 631 1142 esset
655 1110 735 1142 Deo.
781 1110 935 1151 Impietas
962 1117 993 1142 et
1017 1120 1125 1141 omnes
1148 1119 1278 1150 corrup-

309 1154 390 1185 telae
422 1153 539 1194 ubique
570 1160 647 1185 tunc
675 1154 918 1194 grassabantur.
965 1152 999 1185 Si
1025 1152 1151 1193 vulgari
1175 1152 1278 1183 homi-

310 1207 387 1228 num
405 1206 493 1227 more
509 1202 656 1228 mortuus
679 1197 801 1235 fuisset,
826 1196 945 1227 nemini
971 1196 1110 1227 venisset
1134 1195 1166 1226 in
1191 1205 1278 1226 men-

310 1247 385 1278 tem,
402 1240 446 1270 ita
459 1245 625 1271 servatum
638 1249 706 1271 esse
719 1239 779 1270 Dei
798 1238 1010 1279 providentia,
1030 1248 1070 1269 ne
1086 1238 1278 1279 contagione
1304 1237 1305 1253 l

309 1283 512 1314 inficeretur:
537 1281 592 1313 sed
616 1292 715 1322 quum
741 1283 864 1322 rapitur
887 1282 955 1312 sine
979 1282 1090 1319 morte,
1117 1281 1224 1321 palam
1244 1292 1278 1313 se

309 1324 450 1357 ostendit
477 1336 494 1356 e
525 1325 612 1356 coelo
635 1324 698 1355 Dei
729 1335 854 1362 manus,
887 1330 922 1355 ut
950 1334 1024 1355 eum
1050 1324 1142 1363 quasi
1166 1335 1208 1355 ex
1230 1324 1278 1355 in-

309 1368 422 1400 cendio
463 1368 588 1408 eripiat.
646 1367 754 1406 Quare
789 1377 849 1398 non
885 1366 1020 1407 vulgare
1054 1367 1114 1398 hoc
1149 1367 1278 1399 honoris

308 1412 435 1452 signum
459 1417 509 1442 est
531 1420 592 1451 quo
616 1410 704 1442 Deus
727 1420 800 1441 eum
832 1409 995 1450 dignatur.
1047 1409 1085 1440 Id
1114 1410 1278 1450 apostolus

309 1454 371 1485 fide
413 1460 645 1493 consequutum
689 1463 757 1484 esse
794 1452 944 1484 affirmat.

310 1497 417 1528 Moses
433 1497 552 1528 iustum
575 1496 682 1527 huisse
707 1495 878 1533 hominem,
903 1499 935 1526 et
956 1505 1062 1527 coram
1081 1495 1150 1527 Deo
1167 1495 1277 1527 ambu-

310 1540 406 1571 lasse:

310 1582 369 1614 1100
398 1581 472 1613 fidei
502 1582 664 1619 tribuitur,
699 1581 781 1621 quod
810 1581 945 1612 dilectus
969 1581 1067 1612 fuerit
1090 1580 1170 1613 Deo.

311 1667 428 1706 solent,
462 1666 625 1708 negligere
658 1667 760 1698 satius
795 1672 852 1698 est.
909 1666 1082 1706 Quaerunt
1115 1666 1192 1707 quid
1227 1667 1277 1699 his

310 1710 433 1742 duobus
462 1710 579 1741 factum
615 1709 720 1748 fuerit,
752 1709 868 1741 Enoch
898 1715 930 1741 et
960 1709 1042 1741 Elia.

310 1838 407 1870 deant
430 1838 463 1869 in
487 1838 653 1870 mundum.
688 1838 740 1870 Ad
763 1838 848 1870 hanc
870 1849 938 1870 rem
962 1838 1079 1870 citatur
1096 1838 1277 1880 Apbcalyp-

310 1882 353 1912 sis
384 1881 550 1912 Iohannis.

309 1924 446 1964 ingeniis
465 1924 695 1964 relinquamus,
719 1934 798 1965 quae
817 1924 851 1955 in
868 1924 968 1956 solido
992 1929 1078 1956 stare
1102 1929 1276 1965 nequeunt.

311 1965 408 1997 Nobis
436 1966 575 1998 sufficiat
605 1967 688 2007 quod
717 1977 827 1998 eorum
853 1971 965 2008 raptus
1000 1977 1086 1999 mors
1121 1966 1277 2007 quaedam

311 2008 407 2039 fuerit
437 2008 708 2041 extraordinaria:
740 2020 799 2041 nec
832 2009 1015 2041 dubitemus
1039 2010 1116 2050 quin
1140 2009 1278 2041 exuendi

313 2050 377 2081 sint
393 2051 520 2082 mortali
537 2056 567 2082 et
583 2052 781 2093 corruptibili
798 2063 904 2093 carne,
925 2059 962 2084 ut
978 2063 1051 2084 cum
1072 2052 1143 2084 aliis
1157 2052 1279 2084 Christi

313 2093 464 2124 membris
487 2094 520 2124 in
544 2093 667 2125 beatam
691 2095 967 2126 immortalitatem
990 2101 1196 2127 renoventur.

398 2136 427 2167 6.
461 2135 536 2167 Sine
556 2136 617 2175 fide
639 2139 747 2169 autem.
801 2137 890 2169 Haec
912 2139 1087 2178 propositio
1121 2137 1278 2178 exemplis

313 2178 473 2216 omnibus,
505 2189 587 2219 quae
610 2180 772 2220 apostolus
800 2179 861 2211 1100
884 2180 986 2220 capite
1010 2187 1163 2219 recenset,
1194 2190 1277 2212 0001-

313 2221 422 2252 munis
445 2228 507 2252 est:
531 2221 587 2252 sed
611 2222 761 2262 quoniam
783 2223 931 2254 nonnihil
951 2223 1155 2255 obscuritatis
1172 2223 1278 2263 habet,

313 2274 428 2303 operae
458 2265 597 2304 pretium
628 2270 676 2295 est
706 2265 775 2296 eius
804 2275 934 2297 sensum
963 2267 1092 2306 propius
1117 2272 1276 2298 excutere.

313 2350 380 2389 ipse
411 2349 466 2389 qui
496 2348 646 2390 loquitur.

313 2396 385 2432 post
417 2391 559 2432 subiicit,
594 2393 685 2424 nobis
715 2393 785 2425 vice
819 2393 1028 2433 expositionis
1063 2404 1132 2425 esse
1166 2401 1277 2435 potest.

314 2434 403 2467 Haec
431 2435 563 2475 inquam
592 2436 673 2467 ratio
704 2442 752 2467 001
775 2446 832 2468 0111·
853 2437 932 2467 citra
956 2435 1053 2467 fidem
1078 2436 1185 2468 nullus
1209 2436 1278 2468 Deo

315 2477 457 2517 placeat:
481 2479 558 2518 quia
581 2478 689 2509 nullus
713 2478 752 2510 ad
772 2478 878 2510 Deum
902 2488 1043 2518 unquam
1067 2479 1194 2511 accedet
1217 2480 1278 2510 nisi

315 2519 368 2560 qui
399 2520 506 2552 credet
536 2520 643 2552 Deum
674 2531 756 2559 esse,
791 2526 822 2552 et
852 2526 973 2553 statuet
1002 2528 1277 2554 remuneratorem

314 2572 384 2594 esse
417 2563 565 2595 omnibus
594 2564 648 2604 qui
678 2574 750 2595 eum
782 2569 952 2604 quaerunt.

314 2658 428 2680 exosos
461 2648 531 2680 Deo
567 2659 635 2681 esse
669 2659 791 2681 omnes.
846 2649 992 2681 Primum
1029 2650 1103 2681 hinc
1137 2650 1278 2682 ostendit

1050 202 1190 233 131215'1‘.
1215 202 1277 233 Al)
1302 202 1424 234 llEBll
1434 203 1549 235 AEOS

927 384 1010 424 quod
1048 384 1134 415 Deus
1169 395 1305 423 euram,

611 433 707 466 utque
732 427 805 457 inde
829 432 918 466 patet
941 428 1084 467 reputari
1110 427 1193 458 inter
1218 426 1278 459 Dei
1304 438 1306 449 r

1000 1452 1113 1483 Refert
1147 1452 1277 1493 quidem
1303 1447 1305 1480 ἶ

443 1538 498 1569 sed
533 1539 683 1578 quoniam
718 1538 841 1569 iustitia
873 1549 890 1569 a
921 1538 982 1569 fide
1006 1538 1128 1578 incipit,
1163 1539 1277 1570 merito
1303 1546 1304 1551 ¹

1215 1582 1276 1612 Ar·
1303 1590 1304 1607 l

310 1631 403 1665 gutas
420 1624 634 1665 quaestiones,
652 1624 766 1665 quibus
783 1634 818 1656 se
834 1624 950 1655 curiosi
966 1623 1110 1655 homines
1126 1629 1277 1664 torquere
1303 1640 1304 1645 =

1089 1709 1207 1742 Postea
1237 1719 1277 1741 ne
1304 1722 1305 1726 ¹

310 1753 483 1784 videantur
507 1753 626 1784 frustra
648 1752 834 1793 quaesiisse,
857 1752 980 1784 servari
1005 1751 1155 1784 divinant
1179 1762 1277 1793 usque
1303 1754 1305 1795 }

310 1796 349 1827 ad
372 1796 521 1826 ultimum
547 1795 698 1827 ecclesiae
721 1800 864 1836 tempus:
890 1800 925 1827 ut
949 1800 1026 1826 tune
1049 1800 1182 1836 repente
1205 1805 1277 1836 pro·
1303 1805 1305 1816 s

1303 1841 1305 1871 J
1331 1848 1389 1869 sua
1419 1848 1484 1869 non
1508 1847 1583 1869 vere
1612 1839 1823 1879 cognoscitur.

603 1881 699 1913 Hanc
728 1890 855 1913 aeream
887 1880 1125 1922 philosophiam
1155 1881 1278 1913 levibus
1303 1880 1305 1907 ἓ

1304 1976 1305 1979 ’
1331 1966 1431 1998 simus
1462 1966 1568 1998 Deum
1600 1977 1662 1999 non
1690 1967 1809 1999 frustra
1843 1967 1961 2007 quaeri.

1304 2025 1306 2053 ἐ
1332 2009 1445 2040 salutis
1476 2010 1626 2058 vitaeque
1656 2015 1805 2041 aeternae
1833 2020 1922 2050 spem
1952 2011 1984 2040 in
2009 2020 2042 2040 00
2065 2009 2298 2049 complectitur.

997 2563 1033 2596 Si
1063 2575 1208 2596 accessus
1239 2566 1278 2596 ad
1304 2582 1305 2594 l

315 2604 422 2636 Deum
457 2617 520 2637 non
549 2609 639 2647 patet
668 2606 730 2638 nisi
761 2606 839 2646 fide,
873 2607 1034 2647 sequitur,
1067 2613 1159 2639 extra
1189 2607 1277 2639 illam
1304 2627 1305 2630 =

2240 208 2296 237 lle·

1107 305 1277 339 utrumque
1302 307 1305 326 l
1331 300 1493 340 apostolus
1525 310 1585 339 quo
1617 299 1710 331 modo
1740 301 1879 341 gratiam
1911 300 2002 333 nobis
2033 301 2178 332 conciliet
2203 303 2295 335 tides:

1333 353 1447 383 nempe
1477 343 1550 382 quia
1583 341 1672 373 nobis
1698 342 1736 373 ad
1767 343 1936 374 colendum
1962 354 2074 375 verum
2100 343 2204 375 Deum
2232 355 2297 376 ma-

1332 386 1433 426 gistra
1456 390 1512 416 cst.
1561 384 1686 416 Deinde
1708 386 1782 425 quia
1805 396 1862 417 noe
1886 385 1924 417 de
1951 387 2019 418 cius
2045 385 2208 418 voluntate
2232 397 2298 418 cer-

1333 428 1432 459 tiores
1450 427 1562 464 reddit,
1580 438 1618 459 ne
1635 429 1752 459 frustra
1766 429 1856 460 nobis
1871 428 2036 460 videamur
2049 439 2121 460 eum
2135 439 2297 469 quaerere.

1304 508 1305 512 Ἰ
1334 471 1423 502 Haec
1453 470 1514 501 11110
1544 470 1687 502 membra
1718 481 1780 502 non
1812 470 1927 503 leviter
1950 471 2183 511 praetereunda
2206 481 2297 504 sunt:

1334 524 1447 553 nempe
1472 518 1505 544 ut
1529 513 1634 554 ipsum
1658 524 1726 545 esse
1753 514 1857 545 Deum
1881 513 2063 546 credamus:
2091 514 2241 555 seeundo,
2266 523 2299 546 ut

1333 556 1477 595 persuasi
1507 557 1616 595 simus,
1647 567 1710 588 non
1743 557 1861 588 frustra
1892 557 1996 597 ipsum
2021 568 2039 588 a
2064 556 2154 588 nobis
2177 559 2298 597 quaeri.

1336 598 1473 629 Videtur
1496 598 1624 639 quidem
1649 598 1728 630 nihil
1754 599 1804 631 hic
1829 610 1981 640 magnum
2005 600 2074 637 dici,
2105 610 2203 640 quum
2227 610 2299 640 pos-

1335 641 1416 672 tulat
1439 641 1602 682 apostolus
1626 647 1660 673 ut
1682 642 1851 674 credamus
1875 652 1944 674 esse
1967 643 2082 674 Deum.
2124 642 2248 674 Verum
2273 643 2299 674 si

1334 727 1433 758 ditam
1463 726 1697 767 sublimemque
1725 728 1902 760 doctrinam
1936 728 2102 760 contineri.
2156 728 2301 759 Tametsi

1334 770 1421 800 enim
1445 769 1551 801 Deum
1583 779 1662 808 esse,
1691 776 1784 802 extra
1814 771 2064 803 controversiam
2089 771 2128 802 ab
2152 771 2301 802 omnibus

1306 813 1308 826 ¹*
1334 812 1400 843 fero
1423 812 1569 852 ponitur:
1595 812 1655 843 nisi
1679 817 1786 844 tamen
1812 824 1869 846 nos
1893 813 2053 845 Dominus
2078 813 2110 845 in
2135 814 2228 845 firma
2252 815 2300 844 sui

1334 854 1516 895 cognitione
1546 855 1693 896 retineat,
1724 855 1860 887 subinde
1889 856 2049 897 obrepunt
2073 857 2180 887 variae
2210 856 2301 887 dubi-

1334 897 1472 928 tationes
1502 907 1584 937 quae
1619 903 1720 929 totum
1751 899 1932 931 divinitatis
1966 909 2095 930 sensum
2125 899 2300 930 excutiant.

1333 939 1385 970 Ad
1417 939 1500 970 hanc
1530 944 1614 971 certe
1646 941 1821 972 vanitatem
1857 951 2054 982 propensum
2083 948 2132 973 001
2163 942 2302 973 hominis

1334 982 1511 1022 ingenium,
1535 987 1570 1014 ut
1593 982 1684 1014 facile
1709 984 1812 1015 Deum
1837 984 2054 1016 obliviscatur.
2093 984 2299 1024 Quamquam

1334 1034 1397 1055 non
1422 1024 1480 1055 hoc
1505 1030 1630 1056 tantum
1650 1026 1718 1057 vult
1741 1026 1914 1066 apostolus,
1938 1032 1973 1057 ut
1995 1031 2083 1058 certo
2107 1037 2299 1067 persuasum

1334 1067 1473 1098 habeant
1507 1067 1654 1099 homines
1685 1079 1754 1100 esse
1784 1069 1922 1109 aliquem
1947 1067 2068 1100 Deum:
2101 1069 2156 1101 sed
2180 1070 2238 1101 hoc
2264 1069 2301 1100 de

1334 1120 1409 1141 vero
1429 1109 1499 1142 Deo
1522 1111 1695 1151 praedicat.
1735 1111 1808 1142 Non
1832 1111 1967 1143 sufficiet
1991 1111 2124 1151 inquam
2148 1116 2175 1142 01
2194 1122 2300 1152 quem-

1332 1152 1410 1184 libet
1444 1153 1668 1193 apprehendas
1700 1153 1823 1191 Deum,
1860 1154 1921 1185 nisi
1956 1153 2120 1186 discernas
2152 1157 2300 1194 quisnam

1333 1206 1427 1227 verus
1451 1196 1493 1227 sit
1509 1195 1608 1227 Deus.
1647 1196 1735 1236 Quid
1760 1197 1845 1228 enim
1869 1196 2012 1237 proderit
2032 1197 2151 1228 idolum
2169 1197 2299 1237 fingere,

1331 1239 1381 1270 cni
1407 1239 1467 1270 Dei
1498 1238 1633 1279 gloriam
1659 1238 1893 1272 transscribas?
1943 1239 2013 1271 Iam
2045 1243 2193 1271 tenemus
2223 1239 2300 1279 quid

1332 1281 1393 1312 hoc
1423 1281 1565 1313 membro
1596 1282 1759 1322 apostolus
1788 1283 1957 1324 significet.
2003 1281 2106 1323 Negat
2129 1282 2168 1314 ad
2194 1282 2299 1313 Deum

1333 1324 1425 1356 nobis
1460 1334 1529 1356 esse
1558 1334 1735 1362 accessum,
1771 1326 1832 1357 nisi
1869 1324 1997 1365 penitus
2033 1325 2091 1356 hoc
2122 1326 2155 1356 in
2183 1325 2300 1356 animis

1331 1367 1450 1398 nostris
1480 1367 1618 1398 infixum
1648 1367 1835 1406 habeamus,
1865 1369 1969 1408 ipsum
2000 1378 2069 1399 esse
2100 1367 2222 1399 Deum:
2259 1378 2299 1399 ne

1333 1410 1431 1440 variis
1446 1410 1651 1450 opinionibus
1670 1410 1733 1442 huc
1750 1416 1779 1442 et
1796 1410 1874 1442 illuc
1890 1410 2167 1442 circumferamur.
2203 1410 2299 1442 Unde

1332 1457 1428 1493 patet,
1459 1453 1576 1483 frustra
1607 1453 1754 1485 homines
1776 1453 1811 1485 10
1835 1453 1967 1486 colendo
1990 1452 2060 1484 Deo
2085 1453 2213 1494 fatigari
2239 1453 2299 1484 0101

1331 1500 1453 1527 rectam
1473 1495 1556 1526 viam
1581 1502 1720 1527 teneant.
1757 1495 1823 1528 Nec
1843 1506 1944 1527 vanas
1968 1496 2070 1534 modo,
2095 1496 2149 1527 sed
2168 1496 2299 1527 vitiosas

1331 1548 1456 1578 quoque
1478 1548 1546 1569 esse
1569 1548 1678 1570 omnes
1703 1538 1883 1580 religiones,
1907 1549 1989 1579 quae
2012 1544 2134 1570 certam
2156 1538 2217 1569 Dei
2241 1548 2298 1568 no-

1330 1581 1436 1612 titiam
1459 1581 1665 1612 coniunctam
1690 1592 1753 1613 non
1781 1581 1916 1613 habent:
1947 1582 2098 1621 quoniam
2123 1591 2141 1612 0
2166 1581 2221 1612 Dei
2247 1591 2298 1612 00-

1331 1634 1423 1655 000011
1455 1623 1668 1664 prohibentur
1698 1634 1809 1656 omnes
1840 1625 1895 1664 qui
1929 1634 2001 1655 eum
2036 1624 2075 1656 ab
2106 1623 2198 1655 idolis
2232 1633 2298 1655 non

1331 1666 1526 1698 discernunt.
1572 1666 1719 1707 Denique
1752 1667 1840 1699 nulla
1870 1673 1918 1698 est
1947 1666 2057 1707 religio
2088 1667 2150 1698 nisi
2173 1667 2206 1697 in
2236 1676 2298 1706 qua

1332 1714 1447 1750 regnat
1471 1709 1601 1741 veritas.
1640 1708 1734 1748 Quod
1756 1711 1782 1741 si
1807 1721 1884 1742 vera
1902 1710 1964 1741 Dei
1987 1710 2127 1750 cognitio
2149 1709 2299 1741 cordibus

1331 1752 1450 1783 nostris
1481 1751 1626 1790 insideat,
1659 1753 1729 1784 fieri
1759 1764 1823 1784 non
1854 1753 1972 1793 poterit
1995 1754 2074 1793 quin
2097 1762 2157 1784 nos
2181 1752 2300 1784 afficiat

1331 1795 1514 1826 reverentia
1546 1801 1579 1826 01
1612 1796 1733 1827 timore.
1783 1795 1872 1827 Deus
1907 1795 1993 1827 enim
2028 1796 2098 1827 sine
2132 1795 2300 1826 maiestate

1869 1838 1956 1870 Hinc
1986 1837 2132 1870 studium
2156 1838 2226 1869 eius
2249 1848 2301 1869 co-

1332 1879 1428 1918 lendi,
1459 1880 1535 1912 hinc
1562 1881 1599 1912 fit
1629 1887 1665 1912 ut
1695 1881 1734 1912 ad
1763 1892 1835 1912 eum
1862 1881 1961 1912 veluti
1985 1891 2117 1921 scopum
2142 1885 2208 1912 tota
2232 1880 2300 1911 vita

1332 1923 1499 1964 dirigatur.
1551 1922 1736 1956 Secundum
1771 1923 1951 1955 membrum
1987 1928 2049 1962 est,
2086 1928 2121 1955 ut
2154 1923 2300 1964 persuasi

2015 1966 2107 2006 Quae
2136 1965 2300 2007 persuasio

1333 2052 1434 2083 Nemo
1458 2052 1555 2092 enim,
1586 2052 1648 2084 nisi
1680 2057 1828 2093 percepto
1859 2053 1987 2084 divinae
2016 2053 2168 2084 bonitatis
2191 2061 2297 2088 sensu,

1333 2095 1376 2126 ita
1406 2100 1439 2126 ut
1469 2095 1607 2127 salutem
1637 2094 1676 2126 ab
1703 2105 1740 2127 eo
1765 2098 1881 2136 speret,
1911 2095 1950 2126 ad
1981 2106 2054 2127 eum
2078 2093 2298 2136 quaerendum

1332 2137 1392 2169 erit
1425 2138 1530 2170 animo
1564 2141 1778 2178 comparatus.
1831 2138 1990 2179 Fugimus
2024 2137 2110 2169 enim
2143 2136 2191 2168 vel
2226 2145 2298 2166 con-

1333 2181 1504 2212 temnimus
1534 2179 1641 2212 Deum
1671 2181 1726 2212 ubi
1756 2180 1845 2213 nulla
1875 2181 1963 2213 salus
1994 2186 2135 2221 apparet.
2181 2178 2297 2210 Memi-

1304 2253 1306 2259 ,
1332 2223 1472 2255 nerimus
1496 2228 1605 2255 autem
1627 2223 1659 2255 id
1682 2223 1879 2256 credendum
1902 2234 1979 2263 esse,
2003 2233 2066 2254 non
2085 2221 2295 2270 opinandum:

1304 2263 1306 2300 ἰ
1332 2267 1406 2306 quia
1437 2266 1527 2307 impii
1557 2266 1653 2297 etiam
1683 2267 1708 2298 si
1732 2266 1808 2308 quid
1833 2267 1896 2298 tale
1919 2265 2080 2298 interdum
2104 2265 2295 2304 concipiant,

314 2305 414 2338 Nemo
445 2311 552 2338 autem
583 2306 674 2339 nobis
702 2307 816 2338 melior
845 2308 905 2339 erit
934 2308 1103 2348 interpres,
1134 2319 1228 2357 quam
1252 2309 1279 2339 is
1304 2305 1306 2321 '¹

694 2350 806 2390 Itaque
834 2350 977 2390 probatio
1000 2361 1096 2391 quam
1124 2352 1278 2383 continuo
1304 2389 1306 2392 Α

1332 2320 1396 2340 11011
1420 2314 1528 2340 tamen
1552 2308 1593 2341 ad
1616 2308 1723 2340 Deum
1748 2314 1916 2350 propterea
1939 2308 2105 2345 accedunt,
2135 2307 2210 2348 quia
2234 2317 2296 2338 non

1332 2358 1468 2383 utuntur
1491 2353 1583 2383 firma
1606 2357 1638 2383 et
1661 2352 1767 2384 stabili
1794 2353 1867 2383 fide.
1913 2351 2003 2382 Haec
2027 2350 2128 2381 altera
2152 2356 2199 2381 001
2223 2359 2297 2390 pars

1331 2395 1404 2426 fidei
1428 2405 1492 2435 qua
1515 2394 1652 2435 gratiam
1676 2395 1904 2434 consequimur
1927 2392 2010 2434 apud
2032 2393 2154 2424 Deum:
2181 2402 2297 2433 nempe

1332 2438 1406 2469 dum
1438 2440 1525 2470 certo
1553 2437 1726 2469 statuimus
1749 2437 1885 2468 salutem
1909 2435 1995 2476 apud
2016 2446 2089 2467 eum
2114 2435 2205 2466 nobis
2228 2445 2296 2467 esse

1331 2481 1513 2521 repositam.
1566 2479 1630 2511 Sed
1664 2479 1725 2511 1100
1757 2479 1936 2510 membrum
1971 2478 2166 2510 calumniose
2203 2477 2296 2509 multi

1331 2523 1522 2564 depravant,
1555 2522 1630 2554 dum
1665 2522 1740 2553 inde
1770 2532 1902 2562 operum
1937 2522 2051 2552 merita
2085 2526 2117 2552 et
2151 2519 2297 2552 merendi

1331 2566 1484 2598 fiduciam
1514 2565 1652 2597 eliciunt.
1700 2564 1753 2597 Sic
1776 2565 1862 2596 00101
1887 2565 2135 2596 ratiocinantur.
2168 2565 2193 2594 si
2225 2563 2294 2594 ideo

1332 2609 1393 2640 fide
1417 2609 1578 2649 placemus
1601 2607 1680 2646 Deo,
1711 2608 1785 2648 quia
1812 2607 1900 2638 illum
1925 2607 2087 2638 credimus
2111 2615 2295 2638 remunera·

1332 2655 1448 2683 torem:
1466 2662 1541 2693 ergo
1558 2650 1636 2682 fides
1653 2656 1832 2691 respectum
1853 2650 1948 2681 habet
1964 2650 2003 2681 ad
2024 2660 2155 2691 operum
2173 2649 2295 2680 merita.
