<?xml version="1.0" encoding="UTF-8"?>
<!DOCTYPE html PUBLIC "-//W3C//DTD XHTML 1.0 Transitional//EN"
    "http://www.w3.org/TR/xhtml1/DTD/xhtml1-transitional.dtd">
<html xmlns="http://www.w3.org/1999/xhtml" xml:lang="en" lang="en">
 <head>
  <title>
</title>
<meta http-equiv="Content-Type" content="text/html;charset=utf-8" />
  <meta name='ocr-system' content='tesseract 3.04.00' />
  <meta name='ocr-capabilities' content='ocr_page ocr_carea ocr_par ocr_line ocrx_word'/>
</head>
<body>
  <div class='ocr_page' id='page_1' title='image "./ioanniscalviniop55calv_0283.png"; bbox 0 0 2513 3126; ppageno 0'>
   <div class='ocr_carea' id='block_1_1' title="bbox 175 228 1149 264">
    <p class='ocr_par' dir='ltr' id='par_1_1' title="bbox 175 228 1149 264">
     <span class='ocr_line' id='line_1_1' title="bbox 175 228 1149 264; baseline -0.005 0"><span class='ocrx_word' id='word_1_1' title='bbox 175 233 237 264; x_wconf 82' lang='lat'><em>489</em></span> <span class='ocrx_word' id='word_1_2' title='bbox 1017 228 1149 260; x_wconf 80' lang='lat' dir='ltr'>EPIST</span> 
     </span>
    </p>
   </div>
   <div class='ocr_carea' id='block_1_2' title="bbox 174 324 1146 494">
    <p class='ocr_par' dir='ltr' id='par_1_2' title="bbox 174 324 1146 494">
     <span class='ocr_line' id='line_1_2' title="bbox 176 324 1146 371; baseline -0.005 -10"><span class='ocrx_word' id='word_1_3' title='bbox 176 330 311 371; x_wconf 75' lang='lat' dir='ltr'><em>inyressi</em></span> <span class='ocrx_word' id='word_1_4' title='bbox 339 330 420 361; x_wconf 80' lang='lat' dir='ltr'><em>enim</em></span> <span class='ocrx_word' id='word_1_5' title='bbox 447 332 518 362; x_wconf 77' lang='lat' dir='ltr'><em>sunt</em></span> <span class='ocrx_word' id='word_1_6' title='bbox 539 329 667 370; x_wconf 75' lang='lat' dir='ltr'><em>quidam</em></span> <span class='ocrx_word' id='word_1_7' title='bbox 689 327 834 366; x_wconf 72' lang='lat' dir='ltr'><em>homines,</em></span> <span class='ocrx_word' id='word_1_8' title='bbox 864 326 936 357; x_wconf 78' lang='lat' dir='ltr'><em>olim</em></span> <span class='ocrx_word' id='word_1_9' title='bbox 953 324 1146 365; x_wconf 75' lang='lat' dir='ltr'><em>praescripti</em></span> 
     </span>
     <span class='ocr_line' id='line_1_3' title="bbox 177 369 1143 411; baseline -0.007 -6"><span class='ocrx_word' id='word_1_10' title='bbox 177 374 210 404; x_wconf 77' lang='lat' dir='ltr'><em>in</em></span> <span class='ocrx_word' id='word_1_11' title='bbox 238 372 292 404; x_wconf 76' lang='lat' dir='ltr'><em>hoc</em></span> <span class='ocrx_word' id='word_1_12' title='bbox 320 373 487 409; x_wconf 78' lang='lat' dir='ltr'><em>iudicium,</em></span> <span class='ocrx_word' id='word_1_13' title='bbox 519 371 624 411; x_wconf 84' lang='lat' dir='ltr'><em>impii,</em></span> <span class='ocrx_word' id='word_1_14' title='bbox 653 369 716 401; x_wconf 86' lang='lat' dir='ltr'><em>Dei</em></span> <span class='ocrx_word' id='word_1_15' title='bbox 744 369 842 400; x_wconf 76' lang='lat' dir='ltr'><em>nostri</em></span> <span class='ocrx_word' id='word_1_16' title='bbox 874 369 1014 409; x_wconf 58' lang='lat' dir='ltr'><em>,qratiam</em></span> <span class='ocrx_word' id='word_1_17' title='bbox 1044 370 1143 399; x_wconf 78' lang='lat' dir='ltr'><em>trans—</em></span> 
     </span>
     <span class='ocr_line' id='line_1_4' title="bbox 174 410 1145 456; baseline -0.006 -9"><span class='ocrx_word' id='word_1_18' title='bbox 174 416 307 456; x_wconf 77' lang='lat' dir='ltr'><em>ferentes</em></span> <span class='ocrx_word' id='word_1_19' title='bbox 337 415 371 447; x_wconf 76' lang='lat' dir='ltr'><em>in</em></span> <span class='ocrx_word' id='word_1_20' title='bbox 398 415 574 447; x_wconf 81' lang='lat' dir='ltr'><em>lasciviam:</em></span> <span class='ocrx_word' id='word_1_21' title='bbox 604 415 631 444; x_wconf 86' lang='lat' dir='ltr'><em>et</em></span> <span class='ocrx_word' id='word_1_22' title='bbox 651 412 764 450; x_wconf 81' lang='lat' dir='ltr'><em>Deum,</em></span> <span class='ocrx_word' id='word_1_23' title='bbox 794 412 849 452; x_wconf 81' lang='lat' dir='ltr'><em>qui</em></span> <span class='ocrx_word' id='word_1_24' title='bbox 871 411 954 443; x_wconf 79' lang='lat' dir='ltr'><em>sotus</em></span> <span class='ocrx_word' id='word_1_25' title='bbox 977 413 1022 442; x_wconf 83' lang='lat' dir='ltr'><em>est</em></span> <span class='ocrx_word' id='word_1_26' title='bbox 1043 410 1145 449; x_wconf 79' lang='lat' dir='ltr'><em>herus,</em></span> 
     </span>
     <span class='ocr_line' id='line_1_5' title="bbox 177 454 1044 494; baseline -0.006 -4"><span class='ocrx_word' id='word_1_27' title='bbox 177 461 203 490; x_wconf 87' lang='lat' dir='ltr'><em>et</em></span> <span class='ocrx_word' id='word_1_28' title='bbox 224 457 395 490; x_wconf 76' lang='lat' dir='ltr'><em>Dominum</em></span> <span class='ocrx_word' id='word_1_29' title='bbox 417 461 559 490; x_wconf 79' lang='lat' dir='ltr'><em>nostrum</em></span> <span class='ocrx_word' id='word_1_30' title='bbox 581 455 688 487; x_wconf 81' lang='lat' dir='ltr'><em>Iesum</em></span> <span class='ocrx_word' id='word_1_31' title='bbox 713 454 870 487; x_wconf 74' lang='lat' dir='ltr'><em>Christum</em></span> <span class='ocrx_word' id='word_1_32' title='bbox 891 455 1044 494; x_wconf 64' lang='lat' dir='ltr'><em>negantes.</em></span> 
     </span>
    </p>
   </div>
   <div class='ocr_carea' id='block_1_3' title="bbox 171 538 1148 2726">
    <p class='ocr_par' dir='ltr' id='par_1_3' title="bbox 172 538 1148 1652">
     <span class='ocr_line' id='line_1_6' title="bbox 263 538 1145 583; baseline -0.007 -8"><span class='ocrx_word' id='word_1_33' title='bbox 263 543 291 575; x_wconf 87' lang='lat'><em>3.</em></span> <span class='ocrx_word' id='word_1_34' title='bbox 327 543 428 583; x_wconf 76' lang='lat' dir='ltr'><em>Quum</em></span> <span class='ocrx_word' id='word_1_35' title='bbox 456 552 541 573; x_wconf 78' lang='lat' dir='ltr'><em>omne</em></span> <span class='ocrx_word' id='word_1_36' title='bbox 568 541 715 573; x_wconf 80' lang='lat' dir='ltr'><em>studium.</em></span> <span class='ocrx_word' id='word_1_37' title='bbox 767 539 917 580; x_wconf 85' lang='grc' dir='ltr'>Σπουδὴν</span> <span class='ocrx_word' id='word_1_38' title='bbox 946 538 1145 580; x_wconf 80' lang='grc' dir='ltr'>ποιούμενος,</span> 
     </span>
     <span class='ocr_line' id='line_1_7' title="bbox 178 582 1146 627; baseline -0.007 -9"><span class='ocrx_word' id='word_1_39' title='bbox 178 587 270 627; x_wconf 87' lang='lat' dir='ltr'><em>verti,</em></span> <span class='ocrx_word' id='word_1_40' title='bbox 293 585 535 618; x_wconf 88' lang='lat' dir='ltr'><em>Adhibens</em></span> <span class='ocrx_word' id='word_1_41' title='bbox 567 583 785 616; x_wconf 85' lang='lat' dir='ltr'><em>studium.</em></span> <span class='ocrx_word' id='word_1_42' title='bbox 823 582 873 614; x_wconf 88' lang='lat' dir='ltr'><em>Ad</em></span> <span class='ocrx_word' id='word_1_43' title='bbox 890 582 1026 615; x_wconf 90' lang='lat' dir='ltr'><em>verbum</em></span> <span class='ocrx_word' id='word_1_44' title='bbox 1043 587 1146 620; x_wconf 89' lang='lat' dir='ltr'><em>sonat,</em></span> 
     </span>
     <span class='ocr_line' id='line_1_8' title="bbox 176 623 1146 669; baseline -0.005 -10"><span class='ocrx_word' id='word_1_45' title='bbox 176 629 282 661; x_wconf 83' lang='lat' dir='ltr'><em>facere</em></span> <span class='ocrx_word' id='word_1_46' title='bbox 316 628 525 669; x_wconf 84' lang='lat' dir='ltr'><em>diligentiam.</em></span> <span class='ocrx_word' id='word_1_47' title='bbox 579 627 682 658; x_wconf 89' lang='lat' dir='ltr'><em>Porro</em></span> <span class='ocrx_word' id='word_1_48' title='bbox 712 625 905 657; x_wconf 86' lang='lat' dir='ltr'><em>sententiam</em></span> <span class='ocrx_word' id='word_1_49' title='bbox 937 625 1020 656; x_wconf 88' lang='lat' dir='ltr'><em>hano</em></span> <span class='ocrx_word' id='word_1_50' title='bbox 1051 623 1146 655; x_wconf 89' lang='lat' dir='ltr'><em>multi</em></span> 
     </span>
     <span class='ocr_line' id='line_1_9' title="bbox 176 666 1146 712; baseline -0.006 -9"><span class='ocrx_word' id='word_1_51' title='bbox 176 672 370 712; x_wconf 78' lang='lat' dir='ltr'><em>interpretes</em></span> <span class='ocrx_word' id='word_1_52' title='bbox 400 671 446 701; x_wconf 82' lang='lat' dir='ltr'><em>ita</em></span> <span class='ocrx_word' id='word_1_53' title='bbox 475 669 650 705; x_wconf 87' lang='lat' dir='ltr'><em>resolvunt,</em></span> <span class='ocrx_word' id='word_1_54' title='bbox 679 669 763 709; x_wconf 92' lang='lat' dir='ltr'><em>quod</em></span> <span class='ocrx_word' id='word_1_55' title='bbox 795 669 971 700; x_wconf 90' lang='lat' dir='ltr'><em>vehemens</em></span> <span class='ocrx_word' id='word_1_56' title='bbox 1002 666 1146 698; x_wconf 88' lang='lat' dir='ltr'><em>studium</em></span> 
     </span>
     <span class='ocr_line' id='line_1_10' title="bbox 176 709 1146 752; baseline -0.005 -7"><span class='ocrx_word' id='word_1_57' title='bbox 176 714 289 746; x_wconf 89' lang='lat' dir='ltr'><em>Iudam</em></span> <span class='ocrx_word' id='word_1_58' title='bbox 317 713 356 745; x_wconf 90' lang='lat' dir='ltr'><em>ad</em></span> <span class='ocrx_word' id='word_1_59' title='bbox 384 713 589 744; x_wconf 90' lang='lat' dir='ltr'><em>scribendum</em></span> <span class='ocrx_word' id='word_1_60' title='bbox 617 712 818 752; x_wconf 83' lang='lat' dir='ltr'><em>compulerit.</em></span> <span class='ocrx_word' id='word_1_61' title='bbox 864 709 1146 749; x_wconf 77' lang='lat' dir='ltr'>Quemadmodum</span> 
     </span>
     <span class='ocr_line' id='line_1_11' title="bbox 178 752 1147 795; baseline -0.006 -7"><span class='ocrx_word' id='word_1_62' title='bbox 178 757 284 788; x_wconf 88' lang='lat' dir='ltr'><em>dicere</em></span> <span class='ocrx_word' id='word_1_63' title='bbox 310 755 461 793; x_wconf 80' lang='lat' dir='ltr'><em>solemus,</em></span> <span class='ocrx_word' id='word_1_64' title='bbox 491 765 543 787; x_wconf 91' lang='lat' dir='ltr'><em>eos</em></span> <span class='ocrx_word' id='word_1_65' title='bbox 567 755 622 795; x_wconf 92' lang='lat' dir='ltr'><em>qui</em></span> <span class='ocrx_word' id='word_1_66' title='bbox 646 755 728 786; x_wconf 89' lang='lat' dir='ltr'><em>serio</em></span> <span class='ocrx_word' id='word_1_67' title='bbox 752 754 857 794; x_wconf 90' lang='lat' dir='ltr'><em>aliquo</em></span> <span class='ocrx_word' id='word_1_68' title='bbox 880 753 998 784; x_wconf 86' lang='lat' dir='ltr'><em>affectu</em></span> <span class='ocrx_word' id='word_1_69' title='bbox 1022 752 1147 792; x_wconf 79' lang='lat' dir='ltr'><em>ardent,</em></span> 
     </span>
     <span class='ocr_line' id='line_1_12' title="bbox 177 796 1146 839; baseline -0.005 -9"><span class='ocrx_word' id='word_1_70' title='bbox 177 800 236 831; x_wconf 89' lang='lat' dir='ltr'><em>sibi</em></span> <span class='ocrx_word' id='word_1_71' title='bbox 264 809 326 830; x_wconf 89' lang='lat' dir='ltr'><em>uon</em></span> <span class='ocrx_word' id='word_1_72' title='bbox 350 808 443 839; x_wconf 88' lang='lat' dir='ltr'><em>posse</em></span> <span class='ocrx_word' id='word_1_73' title='bbox 467 802 657 838; x_wconf 88' lang='lat' dir='ltr'><em>temperare.</em></span> <span class='ocrx_word' id='word_1_74' title='bbox 702 798 790 838; x_wconf 86' lang='lat' dir='ltr'><em>Ergo</em></span> <span class='ocrx_word' id='word_1_75' title='bbox 814 796 1000 835; x_wconf 90' lang='lat' dir='ltr'><em>necessitas,</em></span> <span class='ocrx_word' id='word_1_76' title='bbox 1030 805 1146 827; x_wconf 88' lang='lat' dir='ltr'><em>secun-</em></span> 
     </span>
     <span class='ocr_line' id='line_1_13' title="bbox 177 838 1147 881; baseline -0.005 -8"><span class='ocrx_word' id='word_1_77' title='bbox 177 842 254 874; x_wconf 91' lang='lat' dir='ltr'><em>dum</em></span> <span class='ocrx_word' id='word_1_78' title='bbox 278 851 341 879; x_wconf 89' lang='lat' dir='ltr'><em>eos,</em></span> <span class='ocrx_word' id='word_1_79' title='bbox 372 841 403 872; x_wconf 89' lang='lat' dir='ltr'><em>in</em></span> <span class='ocrx_word' id='word_1_80' title='bbox 428 851 465 872; x_wconf 91' lang='lat' dir='ltr'><em>eo</em></span> <span class='ocrx_word' id='word_1_81' title='bbox 489 842 548 872; x_wconf 87' lang='lat' dir='ltr'><em>fuit</em></span> <span class='ocrx_word' id='word_1_82' title='bbox 571 840 654 881; x_wconf 93' lang='lat' dir='ltr'><em>quod</em></span> <span class='ocrx_word' id='word_1_83' title='bbox 679 840 874 872; x_wconf 85' lang='lat' dir='ltr'><em>desiderium</em></span> <span class='ocrx_word' id='word_1_84' title='bbox 897 838 1059 870; x_wconf 88' lang='lat' dir='ltr'><em>scribendi</em></span> <span class='ocrx_word' id='word_1_85' title='bbox 1081 847 1147 868; x_wconf 89' lang='lat' dir='ltr'><em>non</em></span> 
     </span>
     <span class='ocr_line' id='line_1_14' title="bbox 177 880 1147 926; baseline -0.003 -11"><span class='ocrx_word' id='word_1_86' title='bbox 177 883 360 926; x_wconf 81' lang='lat' dir='ltr'><em>patiebatur</em></span> <span class='ocrx_word' id='word_1_87' title='bbox 377 883 490 915; x_wconf 88' lang='lat' dir='ltr'><em>Iudam</em></span> <span class='ocrx_word' id='word_1_88' title='bbox 515 884 621 915; x_wconf 90' lang='lat' dir='ltr'><em>silere.</em></span> <span class='ocrx_word' id='word_1_89' title='bbox 659 883 731 923; x_wconf 88' lang='lat' dir='ltr'><em>Ego</em></span> <span class='ocrx_word' id='word_1_90' title='bbox 754 888 863 914; x_wconf 88' lang='lat' dir='ltr'><em>autem</em></span> <span class='ocrx_word' id='word_1_91' title='bbox 887 882 992 922; x_wconf 90' lang='lat' dir='ltr'><em>potius</em></span> <span class='ocrx_word' id='word_1_92' title='bbox 1016 881 1079 912; x_wconf 90' lang='lat' dir='ltr'><em>duo</em></span> <span class='ocrx_word' id='word_1_93' title='bbox 1095 880 1147 912; x_wconf 83' lang='lat' dir='ltr'><em>hio</em></span> 
     </span>
     <span class='ocr_line' id='line_1_15' title="bbox 177 923 1148 967; baseline -0.004 -9"><span class='ocrx_word' id='word_1_94' title='bbox 177 926 321 958; x_wconf 89' lang='lat' dir='ltr'><em>membra</em></span> <span class='ocrx_word' id='word_1_95' title='bbox 344 927 495 957; x_wconf 87' lang='lat' dir='ltr'><em>distincta</em></span> <span class='ocrx_word' id='word_1_96' title='bbox 518 937 588 958; x_wconf 87' lang='lat' dir='ltr'><em>esse</em></span> <span class='ocrx_word' id='word_1_97' title='bbox 609 932 693 967; x_wconf 86' lang='lat' dir='ltr'><em>puto,</em></span> <span class='ocrx_word' id='word_1_98' title='bbox 718 925 800 966; x_wconf 92' lang='lat' dir='ltr'><em>quod</em></span> <span class='ocrx_word' id='word_1_99' title='bbox 817 935 917 965; x_wconf 92' lang='lat' dir='ltr'><em>quum</em></span> <span class='ocrx_word' id='word_1_100' title='bbox 934 924 1053 964; x_wconf 88' lang='lat' dir='ltr'><em>alioqui</em></span> <span class='ocrx_word' id='word_1_101' title='bbox 1069 923 1148 954; x_wconf 88' lang='lat' dir='ltr'><em>satis</em></span> 
     </span>
     <span class='ocr_line' id='line_1_16' title="bbox 177 967 1146 1010; baseline -0.003 -10"><span class='ocrx_word' id='word_1_102' title='bbox 177 980 358 1010; x_wconf 87' lang='lat' dir='ltr'><em>propensus</em></span> <span class='ocrx_word' id='word_1_103' title='bbox 388 973 420 1000; x_wconf 89' lang='lat' dir='ltr'><em>et</em></span> <span class='ocrx_word' id='word_1_104' title='bbox 450 969 561 1001; x_wconf 86' lang='lat' dir='ltr'><em>sedulo</em></span> <span class='ocrx_word' id='word_1_105' title='bbox 590 970 736 1000; x_wconf 89' lang='lat' dir='ltr'><em>intentus</em></span> <span class='ocrx_word' id='word_1_106' title='bbox 760 968 799 1000; x_wconf 91' lang='lat' dir='ltr'><em>ad</em></span> <span class='ocrx_word' id='word_1_107' title='bbox 823 967 1029 999; x_wconf 91' lang='lat' dir='ltr'><em>scribendum</em></span> <span class='ocrx_word' id='word_1_108' title='bbox 1053 971 1146 1002; x_wconf 91' lang='lat' dir='ltr'><em>esset,</em></span> 
     </span>
     <span class='ocr_line' id='line_1_17' title="bbox 175 1010 1147 1052; baseline -0.003 -9"><span class='ocrx_word' id='word_1_109' title='bbox 175 1012 351 1044; x_wconf 80' lang='lat' dir='ltr'><em>necessitas</em></span> <span class='ocrx_word' id='word_1_110' title='bbox 382 1012 479 1044; x_wconf 85' lang='lat' dir='ltr'><em>etiam</em></span> <span class='ocrx_word' id='word_1_111' title='bbox 510 1023 582 1044; x_wconf 90' lang='lat' dir='ltr'><em>eum</em></span> <span class='ocrx_word' id='word_1_112' title='bbox 613 1013 765 1052; x_wconf 77' lang='lat' dir='ltr'><em>coegerit.</em></span> <span class='ocrx_word' id='word_1_113' title='bbox 812 1010 980 1052; x_wconf 82' lang='lat' dir='ltr'><em>Significat</em></span> <span class='ocrx_word' id='word_1_114' title='bbox 1011 1020 1086 1050; x_wconf 90' lang='lat' dir='ltr'><em>ergo</em></span> <span class='ocrx_word' id='word_1_115' title='bbox 1114 1019 1147 1040; x_wconf 92' lang='lat' dir='ltr'><em>se</em></span> 
     </span>
     <span class='ocr_line' id='line_1_18' title="bbox 174 1052 1147 1096; baseline -0.003 -10"><span class='ocrx_word' id='word_1_116' title='bbox 174 1054 314 1086; x_wconf 86' lang='lat' dir='ltr'><em>libenter</em></span> <span class='ocrx_word' id='word_1_117' title='bbox 351 1054 480 1095; x_wconf 91' lang='lat' dir='ltr'><em>quidem</em></span> <span class='ocrx_word' id='word_1_118' title='bbox 518 1060 550 1087; x_wconf 91' lang='lat' dir='ltr'><em>et</em></span> <span class='ocrx_word' id='word_1_119' title='bbox 587 1055 702 1096; x_wconf 86' lang='lat' dir='ltr'><em>cupide</em></span> <span class='ocrx_word' id='word_1_120' title='bbox 735 1055 774 1085; x_wconf 91' lang='lat' dir='ltr'><em>ad</em></span> <span class='ocrx_word' id='word_1_121' title='bbox 810 1064 863 1085; x_wconf 91' lang='lat' dir='ltr'><em>eos</em></span> <span class='ocrx_word' id='word_1_122' title='bbox 897 1053 1052 1085; x_wconf 87' lang='lat' dir='ltr'><em>scribere:</em></span> <span class='ocrx_word' id='word_1_123' title='bbox 1091 1052 1147 1084; x_wconf 91' lang='lat' dir='ltr'><em>sed</em></span> 
     </span>
     <span class='ocr_line' id='line_1_19' title="bbox 176 1096 1148 1138; baseline -0.003 -10"><span class='ocrx_word' id='word_1_124' title='bbox 176 1102 287 1130; x_wconf 87' lang='lat' dir='ltr'><em>tamen</em></span> <span class='ocrx_word' id='word_1_125' title='bbox 316 1098 507 1129; x_wconf 79' lang='lat' dir='ltr'><em>necessitate</em></span> <span class='ocrx_word' id='word_1_126' title='bbox 538 1098 636 1129; x_wconf 91' lang='lat' dir='ltr'><em>etiam</em></span> <span class='ocrx_word' id='word_1_127' title='bbox 666 1098 774 1138; x_wconf 87' lang='lat' dir='ltr'><em>urgeri</em></span> <span class='ocrx_word' id='word_1_128' title='bbox 804 1102 840 1128; x_wconf 86' lang='lat' dir='ltr'><em>ut</em></span> <span class='ocrx_word' id='word_1_129' title='bbox 870 1096 901 1127; x_wconf 93' lang='lat' dir='ltr'><em>id</em></span> <span class='ocrx_word' id='word_1_130' title='bbox 930 1096 1042 1127; x_wconf 76' lang='lat' dir='ltr'><em>saciat:</em></span> <span class='ocrx_word' id='word_1_131' title='bbox 1074 1096 1148 1135; x_wconf 84' lang='lat' dir='ltr'><em>quia</em></span> 
     </span>
     <span class='ocr_line' id='line_1_20' title="bbox 175 1138 1144 1182; baseline -0.003 -10"><span class='ocrx_word' id='word_1_132' title='bbox 175 1141 298 1173; x_wconf 80' lang='lat' dir='ltr'><em>scilicet</em></span> <span class='ocrx_word' id='word_1_133' title='bbox 326 1141 375 1182; x_wconf 90' lang='lat' dir='ltr'><em>(ut</em></span> <span class='ocrx_word' id='word_1_134' title='bbox 404 1141 437 1171; x_wconf 92' lang='lat' dir='ltr'><em>in</em></span> <span class='ocrx_word' id='word_1_135' title='bbox 461 1143 618 1173; x_wconf 76' lang='lat' dir='ltr'><em>contextu</em></span> <span class='ocrx_word' id='word_1_136' title='bbox 641 1139 800 1182; x_wconf 85' lang='lat' dir='ltr'><em>sequitur)</em></span> <span class='ocrx_word' id='word_1_137' title='bbox 823 1140 1000 1180; x_wconf 86' lang='lat' dir='ltr'><em>oppugnati</em></span> <span class='ocrx_word' id='word_1_138' title='bbox 1025 1138 1064 1170; x_wconf 89' lang='lat' dir='ltr'><em>ab</em></span> <span class='ocrx_word' id='word_1_139' title='bbox 1088 1139 1144 1169; x_wconf 93' lang='lat' dir='ltr'><em>im-</em></span> 
     </span>
     <span class='ocr_line' id='line_1_21' title="bbox 175 1181 1146 1225; baseline -0.003 -10"><span class='ocrx_word' id='word_1_140' title='bbox 175 1184 299 1225; x_wconf 86' lang='lat' dir='ltr'><em>probis,</em></span> <span class='ocrx_word' id='word_1_141' title='bbox 338 1183 378 1215; x_wconf 88' lang='lat' dir='ltr'><em>ad</em></span> <span class='ocrx_word' id='word_1_142' title='bbox 411 1194 553 1224; x_wconf 87' lang='lat' dir='ltr'><em>pugnam</em></span> <span class='ocrx_word' id='word_1_143' title='bbox 588 1183 770 1215; x_wconf 87' lang='lat' dir='ltr'><em>instruendi</em></span> <span class='ocrx_word' id='word_1_144' title='bbox 805 1187 906 1214; x_wconf 87' lang='lat' dir='ltr'><em>erant.</em></span> <span class='ocrx_word' id='word_1_145' title='bbox 963 1182 1051 1222; x_wconf 87' lang='lat' dir='ltr'><em>Ergo</em></span> <span class='ocrx_word' id='word_1_146' title='bbox 1087 1181 1146 1212; x_wconf 89' lang='lat' dir='ltr'><em>hoc</em></span> 
     </span>
     <span class='ocr_line' id='line_1_22' title="bbox 174 1225 1147 1267; baseline -0.003 -9"><span class='ocrx_word' id='word_1_147' title='bbox 174 1227 282 1267; x_wconf 88' lang='lat' dir='ltr'><em>priore</em></span> <span class='ocrx_word' id='word_1_148' title='bbox 311 1226 380 1258; x_wconf 92' lang='lat' dir='ltr'><em>loco</em></span> <span class='ocrx_word' id='word_1_149' title='bbox 410 1231 548 1257; x_wconf 87' lang='lat' dir='ltr'><em>testatur</em></span> <span class='ocrx_word' id='word_1_150' title='bbox 577 1226 686 1263; x_wconf 89' lang='lat' dir='ltr'><em>Iudas,</em></span> <span class='ocrx_word' id='word_1_151' title='bbox 718 1225 779 1256; x_wconf 91' lang='lat' dir='ltr'><em>sibi</em></span> <span class='ocrx_word' id='word_1_152' title='bbox 810 1230 921 1257; x_wconf 82' lang='lat' dir='ltr'><em>tantae</em></span> <span class='ocrx_word' id='word_1_153' title='bbox 952 1234 1048 1256; x_wconf 88' lang='lat' dir='ltr'><em>curae</em></span> <span class='ocrx_word' id='word_1_154' title='bbox 1078 1234 1147 1255; x_wconf 88' lang='lat' dir='ltr'><em>esse</em></span> 
     </span>
     <span class='ocr_line' id='line_1_23' title="bbox 176 1266 1145 1308; baseline -0.003 -8"><span class='ocrx_word' id='word_1_155' title='bbox 176 1280 286 1300; x_wconf 90' lang='lat' dir='ltr'><em>eorum</em></span> <span class='ocrx_word' id='word_1_156' title='bbox 311 1269 457 1307; x_wconf 84' lang='lat' dir='ltr'><em>salutem,</em></span> <span class='ocrx_word' id='word_1_157' title='bbox 482 1271 518 1300; x_wconf 80' lang='lat' dir='ltr'><em>ut</em></span> <span class='ocrx_word' id='word_1_158' title='bbox 540 1269 681 1301; x_wconf 88' lang='lat' dir='ltr'><em>scribere</em></span> <span class='ocrx_word' id='word_1_159' title='bbox 703 1269 788 1300; x_wconf 89' lang='lat' dir='ltr'><em>ultro</em></span> <span class='ocrx_word' id='word_1_160' title='bbox 811 1267 938 1308; x_wconf 89' lang='lat' dir='ltr'><em>optarit,</em></span> <span class='ocrx_word' id='word_1_161' title='bbox 963 1271 995 1298; x_wconf 87' lang='lat' dir='ltr'><em>et</em></span> <span class='ocrx_word' id='word_1_162' title='bbox 1016 1266 1145 1307; x_wconf 89' lang='lat' dir='ltr'><em>quidem</em></span> 
     </span>
     <span class='ocr_line' id='line_1_24' title="bbox 175 1310 1146 1348; baseline -0.003 -5"><span class='ocrx_word' id='word_1_163' title='bbox 175 1312 326 1343; x_wconf 84' lang='lat' dir='ltr'><em>studiose.</em></span> <span class='ocrx_word' id='word_1_164' title='bbox 379 1311 507 1343; x_wconf 87' lang='lat' dir='ltr'><em>Deinde</em></span> <span class='ocrx_word' id='word_1_165' title='bbox 540 1317 575 1343; x_wconf 85' lang='lat' dir='ltr'><em>ut</em></span> <span class='ocrx_word' id='word_1_166' title='bbox 610 1312 739 1343; x_wconf 90' lang='lat' dir='ltr'><em>illorum</em></span> <span class='ocrx_word' id='word_1_167' title='bbox 771 1312 983 1343; x_wconf 80' lang='lat' dir='ltr'><em>attentionem</em></span> <span class='ocrx_word' id='word_1_168' title='bbox 1018 1310 1146 1348; x_wconf 80' lang='lat' dir='ltr'><em>excitet,</em></span> 
     </span>
     <span class='ocr_line' id='line_1_25' title="bbox 174 1353 1146 1394; baseline -0.001 -9"><span class='ocrx_word' id='word_1_169' title='bbox 174 1365 241 1386; x_wconf 88' lang='lat' dir='ltr'><em>rem</em></span> <span class='ocrx_word' id='word_1_170' title='bbox 264 1354 362 1385; x_wconf 89' lang='lat' dir='ltr'><em>simul</em></span> <span class='ocrx_word' id='word_1_171' title='bbox 386 1355 430 1385; x_wconf 91' lang='lat' dir='ltr'><em>ita</em></span> <span class='ocrx_word' id='word_1_172' title='bbox 453 1355 634 1394; x_wconf 87' lang='lat' dir='ltr'><em>postulasse</em></span> <span class='ocrx_word' id='word_1_173' title='bbox 654 1355 739 1386; x_wconf 83' lang='lat' dir='ltr'><em>dicit.</em></span> <span class='ocrx_word' id='word_1_174' title='bbox 777 1356 878 1387; x_wconf 88' lang='lat' dir='ltr'><em>Aeres</em></span> <span class='ocrx_word' id='word_1_175' title='bbox 895 1354 980 1385; x_wconf 90' lang='lat' dir='ltr'><em>enim</em></span> <span class='ocrx_word' id='word_1_176' title='bbox 997 1353 1146 1385; x_wconf 87' lang='lat' dir='ltr'><em>stimulos</em></span> 
     </span>
     <span class='ocr_line' id='line_1_26' title="bbox 174 1397 1148 1438; baseline -0.001 -10"><span class='ocrx_word' id='word_1_177' title='bbox 174 1397 326 1429; x_wconf 89' lang='lat' dir='ltr'><em>admovet</em></span> <span class='ocrx_word' id='word_1_178' title='bbox 345 1398 531 1429; x_wconf 84' lang='lat' dir='ltr'><em>necessitas.</em></span> <span class='ocrx_word' id='word_1_179' title='bbox 566 1398 635 1429; x_wconf 91' lang='lat' dir='ltr'><em>Nisi</em></span> <span class='ocrx_word' id='word_1_180' title='bbox 653 1398 845 1438; x_wconf 89' lang='lat' dir='ltr'><em>praemoniti</em></span> <span class='ocrx_word' id='word_1_181' title='bbox 861 1398 998 1429; x_wconf 85' lang='lat' dir='ltr'><em>fuissent</em></span> <span class='ocrx_word' id='word_1_182' title='bbox 1014 1401 1148 1437; x_wconf 90' lang='lat' dir='ltr'><em>quanto—</em></span> 
     </span>
     <span class='ocr_line' id='line_1_27' title="bbox 172 1440 1147 1481; baseline -0.001 -10"><span class='ocrx_word' id='word_1_183' title='bbox 172 1449 250 1480; x_wconf 88' lang='lat' dir='ltr'><em>pere</em></span> <span class='ocrx_word' id='word_1_184' title='bbox 280 1440 340 1471; x_wconf 89' lang='lat' dir='ltr'><em>sibi</em></span> <span class='ocrx_word' id='word_1_185' title='bbox 365 1441 546 1472; x_wconf 87' lang='lat' dir='ltr'><em>necessaria</em></span> <span class='ocrx_word' id='word_1_186' title='bbox 569 1446 653 1472; x_wconf 89' lang='lat' dir='ltr'><em>esset</em></span> <span class='ocrx_word' id='word_1_187' title='bbox 676 1441 756 1472; x_wconf 88' lang='lat' dir='ltr'><em>haec</em></span> <span class='ocrx_word' id='word_1_188' title='bbox 779 1440 967 1478; x_wconf 84' lang='lat' dir='ltr'><em>cohortatio,</em></span> <span class='ocrx_word' id='word_1_189' title='bbox 997 1442 1147 1481; x_wconf 88' lang='lat' dir='ltr'><em>poterant</em></span> 
     </span>
     <span class='ocr_line' id='line_1_28' title="bbox 173 1482 1146 1524; baseline 0.001 -11"><span class='ocrx_word' id='word_1_190' title='bbox 173 1483 213 1514; x_wconf 90' lang='lat' dir='ltr'><em>ad</em></span> <span class='ocrx_word' id='word_1_191' title='bbox 240 1482 411 1524; x_wconf 85' lang='lat' dir='ltr'><em>legendum</em></span> <span class='ocrx_word' id='word_1_192' title='bbox 436 1493 506 1515; x_wconf 87' lang='lat' dir='ltr'><em>esse</em></span> <span class='ocrx_word' id='word_1_193' title='bbox 529 1484 616 1524; x_wconf 84' lang='lat' dir='ltr'><em>pigri</em></span> <span class='ocrx_word' id='word_1_194' title='bbox 639 1488 672 1515; x_wconf 85' lang='lat' dir='ltr'><em>et</em></span> <span class='ocrx_word' id='word_1_195' title='bbox 695 1483 824 1516; x_wconf 86' lang='lat' dir='ltr'><em>resides.</em></span> <span class='ocrx_word' id='word_1_196' title='bbox 870 1483 979 1522; x_wconf 80' lang='lat' dir='ltr'><em>Quum</em></span> <span class='ocrx_word' id='word_1_197' title='bbox 1004 1494 1082 1514; x_wconf 88' lang='lat' dir='ltr'><em>vero</em></span> <span class='ocrx_word' id='word_1_198' title='bbox 1106 1493 1146 1514; x_wconf 86' lang='lat' dir='ltr'><em>ex</em></span> 
     </span>
     <span class='ocr_line' id='line_1_29' title="bbox 173 1526 1144 1567; baseline 0.001 -11"><span class='ocrx_word' id='word_1_199' title='bbox 173 1526 335 1565; x_wconf 86' lang='lat' dir='ltr'><em>praesenti</em></span> <span class='ocrx_word' id='word_1_200' title='bbox 369 1536 480 1557; x_wconf 89' lang='lat' dir='ltr'><em>eorum</em></span> <span class='ocrx_word' id='word_1_201' title='bbox 514 1527 705 1558; x_wconf 87' lang='lat' dir='ltr'><em>necessitate</em></span> <span class='ocrx_word' id='word_1_202' title='bbox 736 1537 770 1558; x_wconf 91' lang='lat' dir='ltr'><em>se</em></span> <span class='ocrx_word' id='word_1_203' title='bbox 798 1527 937 1559; x_wconf 87' lang='lat' dir='ltr'><em>scribere</em></span> <span class='ocrx_word' id='word_1_204' title='bbox 968 1527 1144 1567; x_wconf 84' lang='lat' dir='ltr'><em>praefatur,</em></span> 
     </span>
     <span class='ocr_line' id='line_1_30' title="bbox 173 1568 1146 1609; baseline 0.001 -10"><span class='ocrx_word' id='word_1_205' title='bbox 173 1568 307 1609; x_wconf 88' lang='lat' dir='ltr'><em>perinde</em></span> <span class='ocrx_word' id='word_1_206' title='bbox 349 1574 397 1600; x_wconf 89' lang='lat' dir='ltr'><em>est</em></span> <span class='ocrx_word' id='word_1_207' title='bbox 436 1579 473 1600; x_wconf 91' lang='lat' dir='ltr'><em>ac</em></span> <span class='ocrx_word' id='word_1_208' title='bbox 512 1570 538 1600; x_wconf 91' lang='lat' dir='ltr'><em>si</em></span> <span class='ocrx_word' id='word_1_209' title='bbox 577 1570 746 1601; x_wconf 87' lang='lat' dir='ltr'><em>classicum</em></span> <span class='ocrx_word' id='word_1_210' title='bbox 784 1574 913 1601; x_wconf 89' lang='lat' dir='ltr'><em>caneret</em></span> <span class='ocrx_word' id='word_1_211' title='bbox 950 1570 1146 1601; x_wconf 85' lang='lat' dir='ltr'><em>excutiendo</em></span> 
     </span>
     <span class='ocr_line' id='line_1_31' title="bbox 172 1611 305 1652; baseline 0 -10"><span class='ocrx_word' id='word_1_212' title='bbox 172 1611 305 1652; x_wconf 87' lang='lat' dir='ltr'><em>torpori.</em></span> 
     </span>
    </p>

    <p class='ocr_par' dir='ltr' id='par_1_4' title="bbox 171 1655 1145 2083">
     <span class='ocr_line' id='line_1_32' title="bbox 260 1655 1143 1695; baseline -0.001 -8"><span class='ocrx_word' id='word_1_213' title='bbox 260 1655 308 1687; x_wconf 91' lang='lat' dir='ltr'><em>De</em></span> <span class='ocrx_word' id='word_1_214' title='bbox 341 1655 494 1687; x_wconf 75' lang='lat' dir='ltr'><em>communi</em></span> <span class='ocrx_word' id='word_1_215' title='bbox 527 1656 637 1688; x_wconf 83' lang='lat' dir='ltr'><em>salute.</em></span> <span class='ocrx_word' id='word_1_216' title='bbox 679 1655 818 1695; x_wconf 79' lang='lat' dir='ltr'><em>Quidam</em></span> <span class='ocrx_word' id='word_1_217' title='bbox 853 1655 976 1687; x_wconf 85' lang='lat' dir='ltr'><em>codices</em></span> <span class='ocrx_word' id='word_1_218' title='bbox 1010 1655 1143 1693; x_wconf 86' lang='lat' dir='ltr'><em>addunt,</em></span> 
     </span>
     <span class='ocr_line' id='line_1_33' title="bbox 173 1698 1145 1739; baseline 0 -10"><span class='ocrx_word' id='word_1_219' title='bbox 173 1702 300 1729; x_wconf 87' lang='lat' dir='ltr'><em>vestra:</em></span> <span class='ocrx_word' id='word_1_220' title='bbox 323 1698 378 1730; x_wconf 90' lang='lat' dir='ltr'><em>sed</em></span> <span class='ocrx_word' id='word_1_221' title='bbox 402 1708 580 1739; x_wconf 88' lang='lat' dir='ltr'><em>perperam,</em></span> <span class='ocrx_word' id='word_1_222' title='bbox 604 1699 825 1730; x_wconf 90' lang='lat' dir='ltr'><em>meoiudicio:</em></span> <span class='ocrx_word' id='word_1_223' title='bbox 849 1708 923 1729; x_wconf 90' lang='lat' dir='ltr'><em>nam</em></span> <span class='ocrx_word' id='word_1_224' title='bbox 940 1708 1145 1730; x_wconf 89' lang='lat' dir='ltr'><em>communem</em></span> 
     </span>
     <span class='ocr_line' id='line_1_34' title="bbox 171 1740 1144 1782; baseline 0 -10"><span class='ocrx_word' id='word_1_225' title='bbox 171 1740 236 1772; x_wconf 90' lang='lat' dir='ltr'><em>illis</em></span> <span class='ocrx_word' id='word_1_226' title='bbox 259 1751 366 1772; x_wconf 89' lang='lat' dir='ltr'><em>secum</em></span> <span class='ocrx_word' id='word_1_227' title='bbox 390 1742 528 1773; x_wconf 88' lang='lat' dir='ltr'><em>salutem</em></span> <span class='ocrx_word' id='word_1_228' title='bbox 548 1742 631 1773; x_wconf 84' lang='lat' dir='ltr'><em>facit.</em></span> <span class='ocrx_word' id='word_1_229' title='bbox 668 1741 776 1782; x_wconf 88' lang='lat' dir='ltr'><em>Atque</em></span> <span class='ocrx_word' id='word_1_230' title='bbox 793 1741 853 1773; x_wconf 93' lang='lat' dir='ltr'><em>hoc</em></span> <span class='ocrx_word' id='word_1_231' title='bbox 869 1741 1043 1780; x_wconf 84' lang='lat' dir='ltr'><em>doctrinae,</em></span> <span class='ocrx_word' id='word_1_232' title='bbox 1062 1752 1144 1781; x_wconf 90' lang='lat' dir='ltr'><em>quae</em></span> 
     </span>
     <span class='ocr_line' id='line_1_35' title="bbox 173 1783 1145 1825; baseline 0.001 -11"><span class='ocrx_word' id='word_1_233' title='bbox 173 1783 364 1823; x_wconf 86' lang='lat' dir='ltr'><em>proferenda</em></span> <span class='ocrx_word' id='word_1_234' title='bbox 394 1789 456 1824; x_wconf 89' lang='lat' dir='ltr'><em>est,</em></span> <span class='ocrx_word' id='word_1_235' title='bbox 487 1795 551 1815; x_wconf 87' lang='lat' dir='ltr'><em>non</em></span> <span class='ocrx_word' id='word_1_236' title='bbox 582 1795 697 1824; x_wconf 87' lang='lat' dir='ltr'><em>parum</em></span> <span class='ocrx_word' id='word_1_237' title='bbox 728 1784 817 1816; x_wconf 86' lang='lat' dir='ltr'><em>addit</em></span> <span class='ocrx_word' id='word_1_238' title='bbox 847 1784 1014 1825; x_wconf 83' lang='lat' dir='ltr'><em>ponderis,</em></span> <span class='ocrx_word' id='word_1_239' title='bbox 1047 1794 1145 1824; x_wconf 92' lang='lat' dir='ltr'><em>quum</em></span> 
     </span>
     <span class='ocr_line' id='line_1_36' title="bbox 173 1826 1145 1868; baseline 0.001 -11"><span class='ocrx_word' id='word_1_240' title='bbox 173 1826 246 1865; x_wconf 88' lang='lat' dir='ltr'><em>quis</em></span> <span class='ocrx_word' id='word_1_241' title='bbox 287 1837 326 1858; x_wconf 85' lang='lat' dir='ltr'><em>ex</em></span> <span class='ocrx_word' id='word_1_242' title='bbox 365 1828 494 1868; x_wconf 89' lang='lat' dir='ltr'><em>proprio</em></span> <span class='ocrx_word' id='word_1_243' title='bbox 534 1838 634 1859; x_wconf 87' lang='lat' dir='ltr'><em>sensu</em></span> <span class='ocrx_word' id='word_1_244' title='bbox 675 1831 708 1859; x_wconf 86' lang='lat' dir='ltr'><em>et</em></span> <span class='ocrx_word' id='word_1_245' title='bbox 749 1828 950 1868; x_wconf 79' lang='lat' dir='ltr'><em>experientia</em></span> <span class='ocrx_word' id='word_1_246' title='bbox 990 1827 1145 1867; x_wconf 89' lang='lat' dir='ltr'><em>loquitur.</em></span> 
     </span>
     <span class='ocr_line' id='line_1_37' title="bbox 174 1868 1145 1910; baseline 0.001 -11"><span class='ocrx_word' id='word_1_247' title='bbox 174 1868 291 1900; x_wconf 87' lang='lat' dir='ltr'><em>Futilis</em></span> <span class='ocrx_word' id='word_1_248' title='bbox 326 1871 412 1901; x_wconf 90' lang='lat' dir='ltr'><em>enim</em></span> <span class='ocrx_word' id='word_1_249' title='bbox 448 1871 509 1901; x_wconf 88' lang='lat' dir='ltr'><em>erit</em></span> <span class='ocrx_word' id='word_1_250' title='bbox 538 1880 658 1910; x_wconf 87' lang='lat' dir='ltr'><em>sermo,</em></span> <span class='ocrx_word' id='word_1_251' title='bbox 692 1871 719 1902; x_wconf 87' lang='lat' dir='ltr'><em>si</em></span> <span class='ocrx_word' id='word_1_252' title='bbox 749 1870 788 1901; x_wconf 89' lang='lat' dir='ltr'><em>de</em></span> <span class='ocrx_word' id='word_1_253' title='bbox 816 1870 920 1902; x_wconf 87' lang='lat' dir='ltr'><em>salute</em></span> <span class='ocrx_word' id='word_1_254' title='bbox 950 1870 1035 1910; x_wconf 85' lang='lat' dir='ltr'><em>apud</em></span> <span class='ocrx_word' id='word_1_255' title='bbox 1065 1870 1145 1901; x_wconf 85' lang='lat' dir='ltr'><em>alios</em></span> 
     </span>
     <span class='ocr_line' id='line_1_38' title="bbox 174 1911 1144 1954; baseline 0.002 -12"><span class='ocrx_word' id='word_1_256' title='bbox 174 1911 386 1951; x_wconf 86' lang='lat' dir='ltr'><em>disseramus,</em></span> <span class='ocrx_word' id='word_1_257' title='bbox 419 1914 511 1945; x_wconf 88' lang='lat' dir='ltr'><em>cuius</em></span> <span class='ocrx_word' id='word_1_258' title='bbox 545 1913 672 1944; x_wconf 90' lang='lat' dir='ltr'><em>nullum</em></span> <span class='ocrx_word' id='word_1_259' title='bbox 704 1913 766 1953; x_wconf 91' lang='lat' dir='ltr'><em>ipsi</em></span> <span class='ocrx_word' id='word_1_260' title='bbox 796 1913 973 1945; x_wconf 87' lang='lat' dir='ltr'><em>habeamus</em></span> <span class='ocrx_word' id='word_1_261' title='bbox 1003 1917 1144 1954; x_wconf 89' lang='lat' dir='ltr'><em>gustum.</em></span> 
     </span>
     <span class='ocr_line' id='line_1_39' title="bbox 174 1954 1145 1998; baseline 0.003 -13"><span class='ocrx_word' id='word_1_262' title='bbox 174 1954 360 1987; x_wconf 87' lang='lat' dir='ltr'><em>Praeticum</em></span> <span class='ocrx_word' id='word_1_263' title='bbox 384 1967 461 1997; x_wconf 84' lang='lat' dir='ltr'><em>ergo</em></span> <span class='ocrx_word' id='word_1_264' title='bbox 483 1956 533 1998; x_wconf 90' lang='lat' dir='ltr'><em>(ut</em></span> <span class='ocrx_word' id='word_1_265' title='bbox 556 1958 601 1988; x_wconf 90' lang='lat' dir='ltr'><em>ita</em></span> <span class='ocrx_word' id='word_1_266' title='bbox 624 1956 751 1998; x_wconf 91' lang='lat' dir='ltr'><em>loquar)</em></span> <span class='ocrx_word' id='word_1_267' title='bbox 773 1955 935 1987; x_wconf 89' lang='lat' dir='ltr'><em>doctorem</em></span> <span class='ocrx_word' id='word_1_268' title='bbox 960 1967 993 1987; x_wconf 90' lang='lat' dir='ltr'><em>se</em></span> <span class='ocrx_word' id='word_1_269' title='bbox 1017 1957 1145 1996; x_wconf 85' lang='lat' dir='ltr'><em>profite-</em></span> 
     </span>
     <span class='ocr_line' id='line_1_40' title="bbox 175 1998 1144 2045; baseline 0.003 -18"><span class='ocrx_word' id='word_1_270' title='bbox 175 2000 228 2045; x_wconf 82' lang='lat' dir='ltr'><em>tur</em></span> <span class='ocrx_word' id='word_1_271' title='bbox 258 1998 370 2037; x_wconf 91' lang='lat' dir='ltr'><em>Iudas,</em></span> <span class='ocrx_word' id='word_1_272' title='bbox 404 2009 503 2039; x_wconf 90' lang='lat' dir='ltr'><em>quum</em></span> <span class='ocrx_word' id='word_1_273' title='bbox 536 1999 571 2030; x_wconf 92' lang='lat' dir='ltr'><em>in</em></span> <span class='ocrx_word' id='word_1_274' title='bbox 606 1999 750 2031; x_wconf 89' lang='lat' dir='ltr'><em>eiusdem</em></span> <span class='ocrx_word' id='word_1_275' title='bbox 785 1999 900 2031; x_wconf 89' lang='lat' dir='ltr'><em>salutis</em></span> <span class='ocrx_word' id='word_1_276' title='bbox 936 1999 1144 2040; x_wconf 87' lang='lat' dir='ltr'><em>consortium,</em></span> 
     </span>
     <span class='ocr_line' id='line_1_41' title="bbox 174 2046 705 2083; baseline 0.006 -13"><span class='ocrx_word' id='word_1_277' title='bbox 174 2050 302 2081; x_wconf 81' lang='lat' dir='ltr'><em>piorum</em></span> <span class='ocrx_word' id='word_1_278' title='bbox 326 2052 459 2073; x_wconf 87' lang='lat' dir='ltr'><em>numero</em></span> <span class='ocrx_word' id='word_1_279' title='bbox 482 2053 516 2074; x_wconf 88' lang='lat' dir='ltr'><em>se</em></span> <span class='ocrx_word' id='word_1_280' title='bbox 540 2046 705 2083; x_wconf 83' lang='lat' dir='ltr'><em>aggregat.</em></span> 
     </span>
    </p>

    <p class='ocr_par' dir='ltr' id='par_1_5' title="bbox 174 2083 1145 2508">
     <span class='ocr_line' id='line_1_42' title="bbox 259 2083 1143 2125; baseline 0.002 -11"><span class='ocrx_word' id='word_1_281' title='bbox 259 2083 313 2115; x_wconf 73' lang='lat' dir='ltr'><em>Aa</em></span> <span class='ocrx_word' id='word_1_282' title='bbox 342 2094 394 2115; x_wconf 85' lang='lat' dir='ltr'><em>vos</em></span> <span class='ocrx_word' id='word_1_283' title='bbox 422 2084 600 2125; x_wconf 75' lang='lat' dir='ltr'><em>hortandos,</em></span> <span class='ocrx_word' id='word_1_284' title='bbox 631 2088 681 2117; x_wconf 88' lang='lat' dir='ltr'><em>etc.</em></span> <span class='ocrx_word' id='word_1_285' title='bbox 734 2085 785 2116; x_wconf 92' lang='lat' dir='ltr'><em>Ad</em></span> <span class='ocrx_word' id='word_1_286' title='bbox 815 2085 949 2116; x_wconf 89' lang='lat' dir='ltr'><em>verbum</em></span> <span class='ocrx_word' id='word_1_287' title='bbox 981 2089 1044 2116; x_wconf 86' lang='lat' dir='ltr'><em>est:</em></span> <span class='ocrx_word' id='word_1_288' title='bbox 1076 2085 1143 2116; x_wconf 83' lang='lat' dir='ltr'><em>Ex-</em></span> 
     </span>
     <span class='ocr_line' id='line_1_43' title="bbox 174 2125 1145 2168; baseline 0.002 -11"><span class='ocrx_word' id='word_1_289' title='bbox 174 2125 309 2158; x_wconf 88' lang='lat' dir='ltr'><em>hortans</em></span> <span class='ocrx_word' id='word_1_290' title='bbox 333 2137 406 2158; x_wconf 85' lang='lat' dir='ltr'><em>vos:</em></span> <span class='ocrx_word' id='word_1_291' title='bbox 431 2128 486 2159; x_wconf 87' lang='lat' dir='ltr'><em>sed</em></span> <span class='ocrx_word' id='word_1_292' title='bbox 510 2139 607 2168; x_wconf 90' lang='lat' dir='ltr'><em>quum</em></span> <span class='ocrx_word' id='word_1_293' title='bbox 632 2129 729 2159; x_wconf 87' lang='lat' dir='ltr'><em>finem</em></span> <span class='ocrx_word' id='word_1_294' title='bbox 754 2128 880 2159; x_wconf 86' lang='lat' dir='ltr'><em>consilii</em></span> <span class='ocrx_word' id='word_1_295' title='bbox 904 2129 954 2159; x_wconf 85' lang='lat' dir='ltr'><em>sui</em></span> <span class='ocrx_word' id='word_1_296' title='bbox 977 2133 1077 2167; x_wconf 79' lang='lat' dir='ltr'><em>notet,</em></span> <span class='ocrx_word' id='word_1_297' title='bbox 1100 2128 1145 2159; x_wconf 91' lang='lat' dir='ltr'><em>ita</em></span> 
     </span>
     <span class='ocr_line' id='line_1_44' title="bbox 175 2169 1145 2211; baseline 0.003 -12"><span class='ocrx_word' id='word_1_298' title='bbox 175 2169 293 2200; x_wconf 88' lang='lat' dir='ltr'><em>resolvi</em></span> <span class='ocrx_word' id='word_1_299' title='bbox 318 2169 411 2201; x_wconf 88' lang='lat' dir='ltr'><em>debet</em></span> <span class='ocrx_word' id='word_1_300' title='bbox 433 2172 543 2202; x_wconf 87' lang='lat' dir='ltr'><em>oratio.</em></span> <span class='ocrx_word' id='word_1_301' title='bbox 583 2171 676 2211; x_wconf 80' lang='lat' dir='ltr'><em>Quod</em></span> <span class='ocrx_word' id='word_1_302' title='bbox 703 2171 863 2210; x_wconf 86' lang='lat' dir='ltr'><em>transtuli,</em></span> <span class='ocrx_word' id='word_1_303' title='bbox 887 2171 1025 2202; x_wconf 87' lang='lat' dir='ltr'><em>fidem</em></span> <span class='ocrx_word' id='word_1_304' title='bbox 1049 2180 1145 2202; x_wconf 88' lang='lat' dir='ltr'><em>cer-</em></span> 
     </span>
     <span class='ocr_line' id='line_1_45' title="bbox 175 2212 1145 2254; baseline 0.001 -11"><span class='ocrx_word' id='word_1_305' title='bbox 175 2212 317 2243; x_wconf 90' lang='lat' dir='ltr'><em>tando</em></span> <span class='ocrx_word' id='word_1_306' title='bbox 351 2213 595 2253; x_wconf 84' lang='lat' dir='ltr'><em>adiuvare,</em></span> <span class='ocrx_word' id='word_1_307' title='bbox 630 2214 823 2246; x_wconf 87' lang='lat' dir='ltr'><em>tantundem</em></span> <span class='ocrx_word' id='word_1_308' title='bbox 857 2214 943 2246; x_wconf 86' lang='lat' dir='ltr'><em>valet</em></span> <span class='ocrx_word' id='word_1_309' title='bbox 975 2218 1070 2254; x_wconf 86' lang='lat' dir='ltr'><em>atque</em></span> <span class='ocrx_word' id='word_1_310' title='bbox 1105 2214 1145 2245; x_wconf 93' lang='lat' dir='ltr'><em>In</em></span> 
     </span>
     <span class='ocr_line' id='line_1_46' title="bbox 174 2255 1144 2296; baseline 0.003 -11"><span class='ocrx_word' id='word_1_311' title='bbox 174 2255 346 2286; x_wconf 86' lang='lat' dir='ltr'><em>retinenda</em></span> <span class='ocrx_word' id='word_1_312' title='bbox 378 2256 440 2287; x_wconf 90' lang='lat' dir='ltr'><em>fide</em></span> <span class='ocrx_word' id='word_1_313' title='bbox 462 2257 550 2296; x_wconf 87' lang='lat' dir='ltr'><em>eniti,</em></span> <span class='ocrx_word' id='word_1_314' title='bbox 578 2260 610 2288; x_wconf 89' lang='lat' dir='ltr'><em>et</em></span> <span class='ocrx_word' id='word_1_315' title='bbox 633 2257 812 2289; x_wconf 89' lang='lat' dir='ltr'><em>contrarios</em></span> <span class='ocrx_word' id='word_1_316' title='bbox 837 2256 980 2289; x_wconf 83' lang='lat' dir='ltr'><em>Satanae</em></span> <span class='ocrx_word' id='word_1_317' title='bbox 1003 2257 1144 2288; x_wconf 91' lang='lat' dir='ltr'><em>insultus</em></span> 
     </span>
     <span class='ocr_line' id='line_1_47' title="bbox 175 2298 1144 2340; baseline 0.002 -12"><span class='ocrx_word' id='word_1_318' title='bbox 175 2298 301 2329; x_wconf 80' lang='lat' dir='ltr'><em>fortiter</em></span> <span class='ocrx_word' id='word_1_319' title='bbox 324 2300 494 2331; x_wconf 86' lang='lat' dir='ltr'><em>sustinere.</em></span> <span class='ocrx_word' id='word_1_320' title='bbox 534 2300 647 2331; x_wconf 82' lang='lat' dir='ltr'><em>Monet</em></span> <span class='ocrx_word' id='word_1_321' title='bbox 670 2300 767 2340; x_wconf 88' lang='lat' dir='ltr'><em>enim,</em></span> <span class='ocrx_word' id='word_1_322' title='bbox 791 2305 826 2331; x_wconf 89' lang='lat' dir='ltr'><em>ut</em></span> <span class='ocrx_word' id='word_1_323' title='bbox 848 2300 882 2331; x_wconf 90' lang='lat' dir='ltr'><em>in</em></span> <span class='ocrx_word' id='word_1_324' title='bbox 907 2299 969 2331; x_wconf 90' lang='lat' dir='ltr'><em>fide</em></span> <span class='ocrx_word' id='word_1_325' title='bbox 990 2304 1144 2340; x_wconf 84' lang='lat' dir='ltr'><em>perstent,</em></span> 
     </span>
     <span class='ocr_line' id='line_1_48' title="bbox 176 2341 1145 2383; baseline 0.003 -12"><span class='ocrx_word' id='word_1_326' title='bbox 176 2341 322 2372; x_wconf 88' lang='lat' dir='ltr'><em>obeunda</em></span> <span class='ocrx_word' id='word_1_327' title='bbox 355 2352 425 2373; x_wconf 90' lang='lat' dir='ltr'><em>esse</em></span> <span class='ocrx_word' id='word_1_328' title='bbox 455 2342 547 2373; x_wconf 89' lang='lat' dir='ltr'><em>varia</em></span> <span class='ocrx_word' id='word_1_329' title='bbox 575 2343 766 2383; x_wconf 87' lang='lat' dir='ltr'><em>certamina,</em></span> <span class='ocrx_word' id='word_1_330' title='bbox 800 2354 836 2375; x_wconf 90' lang='lat' dir='ltr'><em>ac</em></span> <span class='ocrx_word' id='word_1_331' title='bbox 867 2343 1051 2375; x_wconf 87' lang='lat' dir='ltr'><em>continuam</em></span> <span class='ocrx_word' id='word_1_332' title='bbox 1081 2343 1145 2374; x_wconf 92' lang='lat' dir='ltr'><em>illis</em></span> 
     </span>
     <span class='ocr_line' id='line_1_49' title="bbox 177 2383 1144 2424; baseline 0.003 -11"><span class='ocrx_word' id='word_1_333' title='bbox 177 2383 323 2414; x_wconf 91' lang='lat' dir='ltr'><em>militiam</em></span> <span class='ocrx_word' id='word_1_334' title='bbox 343 2384 474 2417; x_wconf 86' lang='lat' dir='ltr'><em>instare.</em></span> <span class='ocrx_word' id='word_1_335' title='bbox 506 2385 620 2416; x_wconf 87' lang='lat' dir='ltr'><em>Fidem</em></span> <span class='ocrx_word' id='word_1_336' title='bbox 641 2385 716 2417; x_wconf 92' lang='lat' dir='ltr'><em>dicit</em></span> <span class='ocrx_word' id='word_1_337' title='bbox 739 2386 880 2418; x_wconf 85' lang='lat' dir='ltr'><em>semel</em></span> <span class='ocrx_word' id='word_1_338' title='bbox 904 2385 1144 2424; x_wconf 87' lang='lat' dir='ltr'><em>traditam,</em></span> 
     </span>
     <span class='ocr_line' id='line_1_50' title="bbox 177 2427 1144 2469; baseline 0.003 -13"><span class='ocrx_word' id='word_1_339' title='bbox 177 2431 214 2456; x_wconf 91' lang='lat' dir='ltr'><em>ut</em></span> <span class='ocrx_word' id='word_1_340' title='bbox 243 2427 345 2466; x_wconf 89' lang='lat' dir='ltr'><em>ipsam</em></span> <span class='ocrx_word' id='word_1_341' title='bbox 376 2428 478 2459; x_wconf 89' lang='lat' dir='ltr'><em>sciant</em></span> <span class='ocrx_word' id='word_1_342' title='bbox 509 2428 569 2460; x_wconf 88' lang='lat' dir='ltr'><em>hac</em></span> <span class='ocrx_word' id='word_1_343' title='bbox 600 2428 670 2468; x_wconf 88' lang='lat' dir='ltr'><em>lege</em></span> <span class='ocrx_word' id='word_1_344' title='bbox 699 2438 733 2459; x_wconf 86' lang='lat' dir='ltr'><em>se</em></span> <span class='ocrx_word' id='word_1_345' title='bbox 760 2440 829 2461; x_wconf 87' lang='lat' dir='ltr'><em>esse</em></span> <span class='ocrx_word' id='word_1_346' title='bbox 851 2429 993 2469; x_wconf 90' lang='lat' dir='ltr'><em>adeptos,</em></span> <span class='ocrx_word' id='word_1_347' title='bbox 1021 2439 1062 2460; x_wconf 88' lang='lat' dir='ltr'><em>ne</em></span> <span class='ocrx_word' id='word_1_348' title='bbox 1084 2439 1144 2460; x_wconf 92' lang='lat' dir='ltr'><em>un-</em></span> 
     </span>
     <span class='ocr_line' id='line_1_51' title="bbox 178 2470 708 2508; baseline 0.006 -9"><span class='ocrx_word' id='word_1_349' title='bbox 178 2478 272 2508; x_wconf 90' lang='lat' dir='ltr'><em>quam</em></span> <span class='ocrx_word' id='word_1_350' title='bbox 297 2470 447 2501; x_wconf 87' lang='lat' dir='ltr'><em>deficiant</em></span> <span class='ocrx_word' id='word_1_351' title='bbox 471 2471 522 2502; x_wconf 88' lang='lat' dir='ltr'><em>vel</em></span> <span class='ocrx_word' id='word_1_352' title='bbox 546 2471 708 2502; x_wconf 80' lang='lat' dir='ltr'><em>excidant.</em></span> 
     </span>
    </p>

    <p class='ocr_par' dir='ltr' id='par_1_6' title="bbox 178 2513 1146 2726">
     <span class='ocr_line' id='line_1_52' title="bbox 263 2513 1146 2554; baseline 0 -10"><span class='ocrx_word' id='word_1_353' title='bbox 263 2514 293 2544; x_wconf 88' lang='lat'><em>4.</em></span> <span class='ocrx_word' id='word_1_354' title='bbox 325 2513 536 2554; x_wconf 72' lang='lat' dir='ltr'><em>Subinyressi.</em></span> <span class='ocrx_word' id='word_1_355' title='bbox 587 2514 730 2545; x_wconf 82' lang='lat' dir='ltr'><em>Tametsi</em></span> <span class='ocrx_word' id='word_1_356' title='bbox 761 2514 822 2554; x_wconf 91' lang='lat' dir='ltr'><em>piis</em></span> <span class='ocrx_word' id='word_1_357' title='bbox 852 2524 980 2554; x_wconf 89' lang='lat' dir='ltr'><em>semper</em></span> <span class='ocrx_word' id='word_1_358' title='bbox 1010 2514 1146 2546; x_wconf 86' lang='lat' dir='ltr'><em>infestus</em></span> 
     </span>
     <span class='ocr_line' id='line_1_53' title="bbox 178 2556 1143 2597; baseline 0.002 -11"><span class='ocrx_word' id='word_1_359' title='bbox 178 2559 226 2586; x_wconf 88' lang='lat' dir='ltr'><em>est</em></span> <span class='ocrx_word' id='word_1_360' title='bbox 258 2556 376 2595; x_wconf 80' lang='lat' dir='ltr'><em>Satan,</em></span> <span class='ocrx_word' id='word_1_361' title='bbox 409 2567 527 2597; x_wconf 88' lang='lat' dir='ltr'><em>eosque</em></span> <span class='ocrx_word' id='word_1_362' title='bbox 560 2557 697 2588; x_wconf 86' lang='lat' dir='ltr'><em>subinde</em></span> <span class='ocrx_word' id='word_1_363' title='bbox 731 2556 886 2588; x_wconf 83' lang='lat' dir='ltr'><em>lacessere</em></span> <span class='ocrx_word' id='word_1_364' title='bbox 913 2567 978 2588; x_wconf 90' lang='lat' dir='ltr'><em>non</em></span> <span class='ocrx_word' id='word_1_365' title='bbox 1010 2557 1143 2588; x_wconf 88' lang='lat' dir='ltr'><em>desinit:</em></span> 
     </span>
     <span class='ocr_line' id='line_1_54' title="bbox 179 2599 1145 2640; baseline 0.002 -12"><span class='ocrx_word' id='word_1_366' title='bbox 179 2608 230 2629; x_wconf 87' lang='lat' dir='ltr'><em>eos</em></span> <span class='ocrx_word' id='word_1_367' title='bbox 261 2605 371 2631; x_wconf 89' lang='lat' dir='ltr'><em>tamen</em></span> <span class='ocrx_word' id='word_1_368' title='bbox 400 2601 515 2639; x_wconf 87' lang='lat' dir='ltr'><em>quibus</em></span> <span class='ocrx_word' id='word_1_369' title='bbox 546 2600 673 2637; x_wconf 76' lang='lat' dir='ltr'><em>scribit,</em></span> <span class='ocrx_word' id='word_1_370' title='bbox 704 2599 743 2630; x_wconf 90' lang='lat' dir='ltr'><em>de</em></span> <span class='ocrx_word' id='word_1_371' title='bbox 770 2600 931 2640; x_wconf 88' lang='lat' dir='ltr'><em>praesenti</em></span> <span class='ocrx_word' id='word_1_372' title='bbox 954 2600 1145 2631; x_wconf 85' lang='lat' dir='ltr'><em>necessitate</em></span> 
     </span>
     <span class='ocr_line' id='line_1_55' title="bbox 178 2642 1145 2683; baseline 0 -10"><span class='ocrx_word' id='word_1_373' title='bbox 178 2642 339 2673; x_wconf 83' lang='lat' dir='ltr'><em>admonet.</em></span> <span class='ocrx_word' id='word_1_374' title='bbox 386 2643 490 2683; x_wconf 88' lang='lat' dir='ltr'><em>Nunc,</em></span> <span class='ocrx_word' id='word_1_375' title='bbox 513 2643 627 2683; x_wconf 79' lang='lat' dir='ltr'><em>inquit,</em></span> <span class='ocrx_word' id='word_1_376' title='bbox 652 2642 856 2683; x_wconf 83' lang='lat' dir='ltr'><em>peculiariter</em></span> <span class='ocrx_word' id='word_1_377' title='bbox 875 2653 932 2674; x_wconf 88' lang='lat' dir='ltr'><em>vos</em></span> <span class='ocrx_word' id='word_1_378' title='bbox 955 2643 1145 2683; x_wconf 85' lang='lat' dir='ltr'><em>aggreditur</em></span> 
     </span>
     <span class='ocr_line' id='line_1_56' title="bbox 180 2684 1144 2726; baseline -0.001 -9"><span class='ocrx_word' id='word_1_379' title='bbox 180 2684 280 2717; x_wconf 83' lang='lat' dir='ltr'><em>Satan</em></span> <span class='ocrx_word' id='word_1_380' title='bbox 315 2690 347 2716; x_wconf 91' lang='lat' dir='ltr'><em>et</em></span> <span class='ocrx_word' id='word_1_381' title='bbox 378 2685 519 2717; x_wconf 86' lang='lat' dir='ltr'><em>lacessit:</em></span> <span class='ocrx_word' id='word_1_382' title='bbox 555 2685 710 2718; x_wconf 81' lang='lat' dir='ltr'><em>sumenda</em></span> <span class='ocrx_word' id='word_1_383' title='bbox 744 2686 844 2726; x_wconf 85' lang='lat' dir='ltr'><em>igitur</em></span> <span class='ocrx_word' id='word_1_384' title='bbox 876 2695 966 2716; x_wconf 87' lang='lat' dir='ltr'><em>arma</em></span> <span class='ocrx_word' id='word_1_385' title='bbox 999 2690 1075 2716; x_wconf 87' lang='lat' dir='ltr'><em>sunt</em></span> <span class='ocrx_word' id='word_1_386' title='bbox 1104 2685 1144 2716; x_wconf 89' lang='lat' dir='ltr'><em>ad</em></span> 
     </span>
    </p>
   </div>
   <div class='ocr_carea' id='block_1_4' title="bbox 1152 227 1327 260">
    <p class='ocr_par' dir='ltr' id='par_1_7' title="bbox 1152 227 1327 260">
     <span class='ocr_line' id='line_1_57' title="bbox 1152 227 1327 260; baseline -0.006 0"><span class='ocrx_word' id='word_1_387' title='bbox 1152 251 1159 259; x_wconf 90' lang='lat'><em>.</em></span> <span class='ocrx_word' id='word_1_388' title='bbox 1184 227 1327 260; x_wconf 87' lang='lat' dir='ltr'><em>IUDAE</em></span> 
     </span>
    </p>
   </div>
   <div class='ocr_carea' id='block_1_5' title="bbox 1171 335 1176 855">
    <p class='ocr_par' dir='ltr' id='par_1_8' title="bbox 1171 335 1176 855">
     <span class='ocr_line' id='line_1_58' title="bbox 1171 335 1176 855; baseline 0 0"><span class='ocrx_word' id='word_1_389' title='bbox 1171 335 1176 855; x_wconf 95' lang='lat' dir='ltr'><em> </em></span> 
     </span>
    </p>
   </div>
   <div class='ocr_carea' id='block_1_6' title="bbox 2106 227 2172 259">
    <p class='ocr_par' dir='ltr' id='par_1_9' title="bbox 2106 227 2172 259">
     <span class='ocr_line' id='line_1_59' title="bbox 2106 227 2172 259; baseline 0.015 -1"><span class='ocrx_word' id='word_1_390' title='bbox 2106 227 2172 259; x_wconf 81' lang='lat'><em>490</em></span> 
     </span>
    </p>
   </div>
   <div class='ocr_carea' id='block_1_7' title="bbox 1198 322 2172 2630">
    <p class='ocr_par' dir='ltr' id='par_1_10' title="bbox 1199 322 2170 792">
     <span class='ocr_line' id='line_1_60' title="bbox 1199 322 2169 364; baseline -0.001 -8"><span class='ocrx_word' id='word_1_391' title='bbox 1199 323 1425 356; x_wconf 89' lang='lat' dir='ltr'><em>resistendum.</em></span> <span class='ocrx_word' id='word_1_392' title='bbox 1471 323 1558 355; x_wconf 88' lang='lat' dir='ltr'><em>Hinc</em></span> <span class='ocrx_word' id='word_1_393' title='bbox 1581 323 1770 364; x_wconf 89' lang='lat' dir='ltr'><em>colligimus,</em></span> <span class='ocrx_word' id='word_1_394' title='bbox 1802 323 1976 364; x_wconf 87' lang='lat' dir='ltr'><em>prudenter</em></span> <span class='ocrx_word' id='word_1_395' title='bbox 1999 322 2169 363; x_wconf 85' lang='lat' dir='ltr'><em>dispicien-</em></span> 
     </span>
     <span class='ocr_line' id='line_1_61' title="bbox 1200 366 2167 407; baseline -0.002 -8"><span class='ocrx_word' id='word_1_396' title='bbox 1200 367 1276 399; x_wconf 91' lang='lat' dir='ltr'><em>dum</em></span> <span class='ocrx_word' id='word_1_397' title='bbox 1302 377 1371 399; x_wconf 88' lang='lat' dir='ltr'><em>esse</em></span> <span class='ocrx_word' id='word_1_398' title='bbox 1394 366 1478 398; x_wconf 89' lang='lat' dir='ltr'><em>bono</em></span> <span class='ocrx_word' id='word_1_399' title='bbox 1502 371 1533 397; x_wconf 86' lang='lat' dir='ltr'><em>et</em></span> <span class='ocrx_word' id='word_1_400' title='bbox 1558 366 1619 397; x_wconf 83' lang='lat' dir='ltr'><em>fido</em></span> <span class='ocrx_word' id='word_1_401' title='bbox 1643 367 1771 406; x_wconf 84' lang='lat' dir='ltr'><em>pastori,</em></span> <span class='ocrx_word' id='word_1_402' title='bbox 1795 367 1871 407; x_wconf 89' lang='lat' dir='ltr'><em>quid</em></span> <span class='ocrx_word' id='word_1_403' title='bbox 1896 376 2048 407; x_wconf 88' lang='lat' dir='ltr'><em>praesens</em></span> <span class='ocrx_word' id='word_1_404' title='bbox 2070 366 2167 398; x_wconf 88' lang='lat' dir='ltr'><em>eccle-</em></span> 
     </span>
     <span class='ocr_line' id='line_1_62' title="bbox 1199 408 2167 450; baseline -0.001 -9"><span class='ocrx_word' id='word_1_405' title='bbox 1199 411 1265 441; x_wconf 89' lang='lat' dir='ltr'><em>siae</em></span> <span class='ocrx_word' id='word_1_406' title='bbox 1296 420 1372 442; x_wconf 91' lang='lat' dir='ltr'><em>usus</em></span> <span class='ocrx_word' id='word_1_407' title='bbox 1402 408 1549 450; x_wconf 86' lang='lat' dir='ltr'><em>postulet,</em></span> <span class='ocrx_word' id='word_1_408' title='bbox 1584 413 1619 439; x_wconf 89' lang='lat' dir='ltr'><em>ut</em></span> <span class='ocrx_word' id='word_1_409' title='bbox 1650 409 1712 440; x_wconf 84' lang='lat' dir='ltr'><em>huc</em></span> <span class='ocrx_word' id='word_1_410' title='bbox 1740 409 1958 441; x_wconf 87' lang='lat' dir='ltr'><em>accommodet</em></span> <span class='ocrx_word' id='word_1_411' title='bbox 1980 419 2072 440; x_wconf 89' lang='lat' dir='ltr'><em>suam</em></span> <span class='ocrx_word' id='word_1_412' title='bbox 2096 409 2167 441; x_wconf 88' lang='lat' dir='ltr'><em>doc-</em></span> 
     </span>
     <span class='ocr_line' id='line_1_63' title="bbox 1200 450 2167 492; baseline -0.001 -8"><span class='ocrx_word' id='word_1_413' title='bbox 1200 453 1330 484; x_wconf 81' lang='lat' dir='ltr'><em>trinam.</em></span> <span class='ocrx_word' id='word_1_414' title='bbox 1365 451 1510 483; x_wconf 89' lang='lat' dir='ltr'><em>Verbum</em></span> <span class='ocrx_word' id='word_1_415' title='bbox 1534 450 1764 492; x_wconf 82' lang='grc' dir='ltr'>παρεισὲδυσαν</span> <span class='ocrx_word' id='word_1_416' title='bbox 1789 463 1850 492; x_wconf 91' lang='lat' dir='ltr'><em>quo</em></span> <span class='ocrx_word' id='word_1_417' title='bbox 1871 453 1982 489; x_wconf 83' lang='lat' dir='ltr'><em>utitur,</em></span> <span class='ocrx_word' id='word_1_418' title='bbox 2005 451 2167 491; x_wconf 86' lang='lat' dir='ltr'><em>obliquam</em></span> 
     </span>
     <span class='ocr_line' id='line_1_64' title="bbox 1199 494 2170 534; baseline -0.001 -8"><span class='ocrx_word' id='word_1_419' title='bbox 1199 500 1231 526; x_wconf 91' lang='lat' dir='ltr'><em>et</em></span> <span class='ocrx_word' id='word_1_420' title='bbox 1261 496 1413 526; x_wconf 85' lang='lat' dir='ltr'><em>furtivam</em></span> <span class='ocrx_word' id='word_1_421' title='bbox 1447 495 1699 526; x_wconf 87' lang='lat' dir='ltr'><em>insinuationem</em></span> <span class='ocrx_word' id='word_1_422' title='bbox 1728 498 1827 532; x_wconf 89' lang='lat' dir='ltr'><em>notat,</em></span> <span class='ocrx_word' id='word_1_423' title='bbox 1862 505 1923 534; x_wconf 86' lang='lat' dir='ltr'><em>qua</em></span> <span class='ocrx_word' id='word_1_424' title='bbox 1946 494 2088 526; x_wconf 74' lang='lat' dir='ltr'><em>Satanae</em></span> <span class='ocrx_word' id='word_1_425' title='bbox 2112 495 2170 525; x_wconf 92' lang='lat' dir='ltr'><em>mi-</em></span> 
     </span>
     <span class='ocr_line' id='line_1_65' title="bbox 1200 537 2169 578; baseline -0.001 -9"><span class='ocrx_word' id='word_1_426' title='bbox 1200 538 1296 569; x_wconf 88' lang='lat' dir='ltr'><em>nistri</em></span> <span class='ocrx_word' id='word_1_427' title='bbox 1319 539 1467 569; x_wconf 87' lang='lat' dir='ltr'><em>incautos</em></span> <span class='ocrx_word' id='word_1_428' title='bbox 1491 537 1672 578; x_wconf 88' lang='lat' dir='ltr'><em>decipiunt:</em></span> <span class='ocrx_word' id='word_1_429' title='bbox 1697 542 1793 568; x_wconf 91' lang='lat' dir='ltr'><em>noctu</em></span> <span class='ocrx_word' id='word_1_430' title='bbox 1817 537 1903 568; x_wconf 87' lang='lat' dir='ltr'><em>enim</em></span> <span class='ocrx_word' id='word_1_431' title='bbox 1927 542 1958 569; x_wconf 88' lang='lat' dir='ltr'><em>et</em></span> <span class='ocrx_word' id='word_1_432' title='bbox 1981 537 2169 568; x_wconf 88' lang='lat' dir='ltr'><em>dormienti—</em></span> 
     </span>
     <span class='ocr_line' id='line_1_66' title="bbox 1201 579 2168 621; baseline -0.001 -9"><span class='ocrx_word' id='word_1_433' title='bbox 1201 581 1260 612; x_wconf 91' lang='lat' dir='ltr'><em>bus</em></span> <span class='ocrx_word' id='word_1_434' title='bbox 1283 581 1431 621; x_wconf 85' lang='lat' dir='ltr'><em>agricolis</em></span> <span class='ocrx_word' id='word_1_435' title='bbox 1454 579 1567 611; x_wconf 92' lang='lat' dir='ltr'><em>lolium</em></span> <span class='ocrx_word' id='word_1_436' title='bbox 1592 590 1685 611; x_wconf 90' lang='lat' dir='ltr'><em>suum</em></span> <span class='ocrx_word' id='word_1_437' title='bbox 1709 579 1833 620; x_wconf 87' lang='lat' dir='ltr'><em>spargit</em></span> <span class='ocrx_word' id='word_1_438' title='bbox 1856 579 1970 621; x_wconf 80' lang='lat' dir='ltr'><em>Satan,</em></span> <span class='ocrx_word' id='word_1_439' title='bbox 1993 584 2028 611; x_wconf 92' lang='lat' dir='ltr'><em>ut</em></span> <span class='ocrx_word' id='word_1_440' title='bbox 2052 590 2168 620; x_wconf 90' lang='lat' dir='ltr'><em>purum</em></span> 
     </span>
     <span class='ocr_line' id='line_1_67' title="bbox 1200 622 2168 663; baseline -0.001 -9"><span class='ocrx_word' id='word_1_441' title='bbox 1200 628 1385 663; x_wconf 86' lang='lat' dir='ltr'><em>corrumpat</em></span> <span class='ocrx_word' id='word_1_442' title='bbox 1408 623 1542 655; x_wconf 90' lang='lat' dir='ltr'><em>Domini</em></span> <span class='ocrx_word' id='word_1_443' title='bbox 1573 633 1693 654; x_wconf 90' lang='lat' dir='ltr'><em>semen.</em></span> <span class='ocrx_word' id='word_1_444' title='bbox 1739 622 1788 653; x_wconf 88' lang='lat' dir='ltr'><em>Ac</em></span> <span class='ocrx_word' id='word_1_445' title='bbox 1810 622 1906 653; x_wconf 88' lang='lat' dir='ltr'><em>simul</em></span> <span class='ocrx_word' id='word_1_446' title='bbox 1931 622 2020 654; x_wconf 88' lang='lat' dir='ltr'><em>docet</em></span> <span class='ocrx_word' id='word_1_447' title='bbox 2043 623 2168 654; x_wconf 90' lang='lat' dir='ltr'><em>intesti-</em></span> 
     </span>
     <span class='ocr_line' id='line_1_68' title="bbox 1201 664 2170 705; baseline 0 -8"><span class='ocrx_word' id='word_1_448' title='bbox 1201 676 1278 697; x_wconf 91' lang='lat' dir='ltr'><em>num</em></span> <span class='ocrx_word' id='word_1_449' title='bbox 1309 676 1379 697; x_wconf 89' lang='lat' dir='ltr'><em>esse</em></span> <span class='ocrx_word' id='word_1_450' title='bbox 1407 666 1467 698; x_wconf 91' lang='lat' dir='ltr'><em>hoc</em></span> <span class='ocrx_word' id='word_1_451' title='bbox 1495 666 1626 697; x_wconf 88' lang='lat' dir='ltr'><em>malum.</em></span> <span class='ocrx_word' id='word_1_452' title='bbox 1672 665 1756 696; x_wconf 90' lang='lat' dir='ltr'><em>Nam</em></span> <span class='ocrx_word' id='word_1_453' title='bbox 1787 664 1839 696; x_wconf 89' lang='lat' dir='ltr'><em>hic</em></span> <span class='ocrx_word' id='word_1_454' title='bbox 1871 675 1999 705; x_wconf 91' lang='lat' dir='ltr'><em>quoque</em></span> <span class='ocrx_word' id='word_1_455' title='bbox 2027 665 2170 697; x_wconf 81' lang='lat' dir='ltr'><em>Satanae</em></span> 
     </span>
     <span class='ocr_line' id='line_1_69' title="bbox 1200 707 2169 749; baseline 0.001 -10"><span class='ocrx_word' id='word_1_456' title='bbox 1200 714 1289 740; x_wconf 89' lang='lat' dir='ltr'><em>astus</em></span> <span class='ocrx_word' id='word_1_457' title='bbox 1313 713 1370 747; x_wconf 87' lang='lat' dir='ltr'><em>est,</em></span> <span class='ocrx_word' id='word_1_458' title='bbox 1401 709 1556 740; x_wconf 89' lang='lat' dir='ltr'><em>suscitare</em></span> <span class='ocrx_word' id='word_1_459' title='bbox 1588 708 1628 739; x_wconf 87' lang='lat' dir='ltr'><em>ad</em></span> <span class='ocrx_word' id='word_1_460' title='bbox 1652 707 1834 740; x_wconf 88' lang='lat' dir='ltr'><em>nocendum</em></span> <span class='ocrx_word' id='word_1_461' title='bbox 1859 718 1912 739; x_wconf 91' lang='lat' dir='ltr'><em>eos</em></span> <span class='ocrx_word' id='word_1_462' title='bbox 1934 708 1986 747; x_wconf 90' lang='lat' dir='ltr'><em>qui</em></span> <span class='ocrx_word' id='word_1_463' title='bbox 2009 718 2050 739; x_wconf 78' lang='lat' dir='ltr'><em>ex</em></span> <span class='ocrx_word' id='word_1_464' title='bbox 2072 718 2169 749; x_wconf 88' lang='lat' dir='ltr'><em>grege</em></span> 
     </span>
     <span class='ocr_line' id='line_1_70' title="bbox 1200 751 1710 792; baseline -0.002 -9"><span class='ocrx_word' id='word_1_465' title='bbox 1200 756 1285 790; x_wconf 82' lang='lat' dir='ltr'><em>sunt,</em></span> <span class='ocrx_word' id='word_1_466' title='bbox 1309 761 1372 791; x_wconf 92' lang='lat' dir='ltr'><em>quo</em></span> <span class='ocrx_word' id='word_1_467' title='bbox 1397 752 1519 783; x_wconf 84' lang='lat' dir='ltr'><em>facilius</em></span> <span class='ocrx_word' id='word_1_468' title='bbox 1543 751 1710 792; x_wconf 87' lang='lat' dir='ltr'><em>obrepant.</em></span> 
     </span>
    </p>

    <p class='ocr_par' dir='ltr' id='par_1_11' title="bbox 1200 792 2172 1298">
     <span class='ocr_line' id='line_1_71' title="bbox 1290 792 2168 834; baseline -0.001 -8"><span class='ocrx_word' id='word_1_469' title='bbox 1290 793 1373 826; x_wconf 83' lang='lat' dir='ltr'><em>Olim</em></span> <span class='ocrx_word' id='word_1_470' title='bbox 1396 794 1598 834; x_wconf 76' lang='lat' dir='ltr'><em>praescripti.</em></span> <span class='ocrx_word' id='word_1_471' title='bbox 1643 793 1804 826; x_wconf 89' lang='lat' dir='ltr'><em>Iudicium</em></span> <span class='ocrx_word' id='word_1_472' title='bbox 1833 796 1926 824; x_wconf 84' lang='lat' dir='ltr'><em>vocat</em></span> <span class='ocrx_word' id='word_1_473' title='bbox 1957 793 2006 824; x_wconf 93' lang='lat' dir='ltr'><em>vel</em></span> <span class='ocrx_word' id='word_1_474' title='bbox 2037 792 2168 825; x_wconf 90' lang='lat' dir='ltr'><em>damna-</em></span> 
     </span>
     <span class='ocr_line' id='line_1_72' title="bbox 1201 835 2168 877; baseline 0 -10"><span class='ocrx_word' id='word_1_475' title='bbox 1201 837 1332 876; x_wconf 89' lang='lat' dir='ltr'><em>tionem,</em></span> <span class='ocrx_word' id='word_1_476' title='bbox 1360 837 1409 868; x_wconf 90' lang='lat' dir='ltr'><em>vel</em></span> <span class='ocrx_word' id='word_1_477' title='bbox 1435 838 1605 877; x_wconf 86' lang='lat' dir='ltr'><em>reprobum</em></span> <span class='ocrx_word' id='word_1_478' title='bbox 1629 847 1761 868; x_wconf 88' lang='lat' dir='ltr'><em>sensum</em></span> <span class='ocrx_word' id='word_1_479' title='bbox 1785 846 1847 876; x_wconf 92' lang='lat' dir='ltr'><em>quo</em></span> <span class='ocrx_word' id='word_1_480' title='bbox 1869 835 2020 867; x_wconf 87' lang='lat' dir='ltr'><em>feruntur</em></span> <span class='ocrx_word' id='word_1_481' title='bbox 2043 840 2079 866; x_wconf 91' lang='lat' dir='ltr'><em>ut</em></span> <span class='ocrx_word' id='word_1_482' title='bbox 2102 837 2168 876; x_wconf 88' lang='lat' dir='ltr'><em>pie-</em></span> 
     </span>
     <span class='ocr_line' id='line_1_73' title="bbox 1201 878 2169 919; baseline -0.001 -9"><span class='ocrx_word' id='word_1_483' title='bbox 1201 880 1278 911; x_wconf 87' lang='lat' dir='ltr'><em>tatis</em></span> <span class='ocrx_word' id='word_1_484' title='bbox 1302 879 1481 911; x_wconf 87' lang='lat' dir='ltr'><em>doctrinam</em></span> <span class='ocrx_word' id='word_1_485' title='bbox 1499 882 1704 919; x_wconf 87' lang='lat' dir='ltr'><em>pervertant:</em></span> <span class='ocrx_word' id='word_1_486' title='bbox 1728 889 1830 919; x_wconf 89' lang='lat' dir='ltr'><em>neque</em></span> <span class='ocrx_word' id='word_1_487' title='bbox 1849 879 1935 909; x_wconf 91' lang='lat' dir='ltr'><em>enim</em></span> <span class='ocrx_word' id='word_1_488' title='bbox 1952 878 1983 909; x_wconf 93' lang='lat' dir='ltr'><em>id</em></span> <span class='ocrx_word' id='word_1_489' title='bbox 2001 879 2169 919; x_wconf 89' lang='lat' dir='ltr'><em>quisquam</em></span> 
     </span>
     <span class='ocr_line' id='line_1_74' title="bbox 1201 921 2172 963; baseline -0.002 -9"><span class='ocrx_word' id='word_1_490' title='bbox 1201 923 1305 954; x_wconf 86' lang='lat' dir='ltr'><em>facere</em></span> <span class='ocrx_word' id='word_1_491' title='bbox 1329 927 1444 963; x_wconf 87' lang='lat' dir='ltr'><em>potest,</em></span> <span class='ocrx_word' id='word_1_492' title='bbox 1468 923 1529 953; x_wconf 88' lang='lat' dir='ltr'><em>nisi</em></span> <span class='ocrx_word' id='word_1_493' title='bbox 1548 932 1604 954; x_wconf 90' lang='lat' dir='ltr'><em>suo</em></span> <span class='ocrx_word' id='word_1_494' title='bbox 1621 922 1729 954; x_wconf 82' lang='lat' dir='ltr'><em>exitio.</em></span> <span class='ocrx_word' id='word_1_495' title='bbox 1765 921 1864 952; x_wconf 89' lang='lat' dir='ltr'><em>Porro</em></span> <span class='ocrx_word' id='word_1_496' title='bbox 1885 921 1963 952; x_wconf 85' lang='lat' dir='ltr'><em>haec</em></span> <span class='ocrx_word' id='word_1_497' title='bbox 1979 921 2172 962; x_wconf 88' lang='lat' dir='ltr'><em>metaphora</em></span> 
     </span>
     <span class='ocr_line' id='line_1_75' title="bbox 1200 964 2170 1005; baseline -0.001 -9"><span class='ocrx_word' id='word_1_498' title='bbox 1200 965 1276 997; x_wconf 87' lang='lat' dir='ltr'><em>inde</em></span> <span class='ocrx_word' id='word_1_499' title='bbox 1300 970 1428 1005; x_wconf 86' lang='lat' dir='ltr'><em>sumpta</em></span> <span class='ocrx_word' id='word_1_500' title='bbox 1451 970 1501 996; x_wconf 89' lang='lat' dir='ltr'><em>est</em></span> <span class='ocrx_word' id='word_1_501' title='bbox 1523 965 1608 1005; x_wconf 93' lang='lat' dir='ltr'><em>quod</em></span> <span class='ocrx_word' id='word_1_502' title='bbox 1633 967 1801 997; x_wconf 83' lang='lat' dir='ltr'><em>aeternum</em></span> <span class='ocrx_word' id='word_1_503' title='bbox 1819 965 1881 995; x_wconf 88' lang='lat' dir='ltr'><em>Dei</em></span> <span class='ocrx_word' id='word_1_504' title='bbox 1904 964 2084 1004; x_wconf 90' lang='lat' dir='ltr'><em>consilium,</em></span> <span class='ocrx_word' id='word_1_505' title='bbox 2108 975 2170 1004; x_wconf 91' lang='lat' dir='ltr'><em>quo</em></span> 
     </span>
     <span class='ocr_line' id='line_1_76' title="bbox 1200 1007 2170 1044; baseline -0.001 -5"><span class='ocrx_word' id='word_1_506' title='bbox 1200 1008 1341 1039; x_wconf 85' lang='lat' dir='ltr'><em>ordinati</em></span> <span class='ocrx_word' id='word_1_507' title='bbox 1378 1012 1455 1039; x_wconf 90' lang='lat' dir='ltr'><em>sunt</em></span> <span class='ocrx_word' id='word_1_508' title='bbox 1491 1007 1601 1039; x_wconf 87' lang='lat' dir='ltr'><em>fideles</em></span> <span class='ocrx_word' id='word_1_509' title='bbox 1639 1008 1678 1039; x_wconf 91' lang='lat' dir='ltr'><em>ad</em></span> <span class='ocrx_word' id='word_1_510' title='bbox 1716 1007 1870 1044; x_wconf 84' lang='lat' dir='ltr'><em>salutem,</em></span> <span class='ocrx_word' id='word_1_511' title='bbox 1908 1007 1990 1038; x_wconf 87' lang='lat' dir='ltr'><em>liber</em></span> <span class='ocrx_word' id='word_1_512' title='bbox 2028 1011 2170 1039; x_wconf 88' lang='lat' dir='ltr'><em>vocatur.</em></span> 
     </span>
     <span class='ocr_line' id='line_1_77' title="bbox 1201 1049 2171 1090; baseline -0.001 -8"><span class='ocrx_word' id='word_1_513' title='bbox 1201 1050 1312 1090; x_wconf 79' lang='lat' dir='ltr'><em>Quum</em></span> <span class='ocrx_word' id='word_1_514' title='bbox 1343 1055 1450 1082; x_wconf 89' lang='lat' dir='ltr'><em>autem</em></span> <span class='ocrx_word' id='word_1_515' title='bbox 1479 1051 1552 1081; x_wconf 86' lang='lat' dir='ltr'><em>illos</em></span> <span class='ocrx_word' id='word_1_516' title='bbox 1575 1051 1671 1081; x_wconf 92' lang='lat' dir='ltr'><em>morti</em></span> <span class='ocrx_word' id='word_1_517' title='bbox 1694 1056 1844 1082; x_wconf 86' lang='lat' dir='ltr'><em>aeternae</em></span> <span class='ocrx_word' id='word_1_518' title='bbox 1868 1049 2011 1081; x_wconf 85' lang='lat' dir='ltr'><em>addictos</em></span> <span class='ocrx_word' id='word_1_519' title='bbox 2034 1049 2171 1081; x_wconf 89' lang='lat' dir='ltr'><em>audiunt</em></span> 
     </span>
     <span class='ocr_line' id='line_1_78' title="bbox 1201 1092 2171 1133; baseline -0.002 -8"><span class='ocrx_word' id='word_1_520' title='bbox 1201 1094 1321 1132; x_wconf 88' lang='lat' dir='ltr'><em>fideles,</em></span> <span class='ocrx_word' id='word_1_521' title='bbox 1353 1104 1467 1126; x_wconf 84' lang='lat' dir='ltr'><em>cavere</em></span> <span class='ocrx_word' id='word_1_522' title='bbox 1494 1093 1554 1125; x_wconf 90' lang='lat' dir='ltr'><em>sibi</em></span> <span class='ocrx_word' id='word_1_523' title='bbox 1584 1093 1713 1133; x_wconf 83' lang='lat' dir='ltr'><em>debent,</em></span> <span class='ocrx_word' id='word_1_524' title='bbox 1747 1104 1787 1124; x_wconf 90' lang='lat' dir='ltr'><em>ne</em></span> <span class='ocrx_word' id='word_1_525' title='bbox 1811 1093 1921 1124; x_wconf 89' lang='lat' dir='ltr'><em>eodem</em></span> <span class='ocrx_word' id='word_1_526' title='bbox 1945 1103 1980 1123; x_wconf 89' lang='lat' dir='ltr'><em>se</em></span> <span class='ocrx_word' id='word_1_527' title='bbox 2003 1092 2171 1124; x_wconf 84' lang='lat' dir='ltr'><em>involvant</em></span> 
     </span>
     <span class='ocr_line' id='line_1_79' title="bbox 1201 1135 2171 1177; baseline -0.002 -9"><span class='ocrx_word' id='word_1_528' title='bbox 1201 1137 1308 1169; x_wconf 80' lang='lat' dir='ltr'><em>exitio.</em></span> <span class='ocrx_word' id='word_1_529' title='bbox 1355 1136 1559 1177; x_wconf 79' lang='lat' dir='ltr'><em>Quamqaam</em></span> <span class='ocrx_word' id='word_1_530' title='bbox 1587 1136 1683 1168; x_wconf 88' lang='lat' dir='ltr'><em>simul</em></span> <span class='ocrx_word' id='word_1_531' title='bbox 1714 1146 1882 1168; x_wconf 87' lang='lat' dir='ltr'><em>occurrere</em></span> <span class='ocrx_word' id='word_1_532' title='bbox 1905 1135 2046 1175; x_wconf 88' lang='lat' dir='ltr'><em>periculo</em></span> <span class='ocrx_word' id='word_1_533' title='bbox 2070 1135 2171 1166; x_wconf 89' lang='lat' dir='ltr'><em>voluit</em></span> 
     </span>
     <span class='ocr_line' id='line_1_80' title="bbox 1201 1178 2170 1220; baseline -0.001 -9"><span class='ocrx_word' id='word_1_534' title='bbox 1201 1179 1309 1218; x_wconf 87' lang='lat' dir='ltr'><em>Iudas,</em></span> <span class='ocrx_word' id='word_1_535' title='bbox 1339 1190 1380 1211; x_wconf 88' lang='lat' dir='ltr'><em>ne</em></span> <span class='ocrx_word' id='word_1_536' title='bbox 1405 1190 1483 1220; x_wconf 87' lang='lat' dir='ltr'><em>quos</em></span> <span class='ocrx_word' id='word_1_537' title='bbox 1507 1179 1552 1210; x_wconf 88' lang='lat' dir='ltr'><em>rei</em></span> <span class='ocrx_word' id='word_1_538' title='bbox 1577 1179 1702 1211; x_wconf 87' lang='lat' dir='ltr'><em>novitas</em></span> <span class='ocrx_word' id='word_1_539' title='bbox 1726 1179 1870 1210; x_wconf 88' lang='lat' dir='ltr'><em>turbaret</em></span> <span class='ocrx_word' id='word_1_540' title='bbox 1894 1178 1944 1210; x_wconf 89' lang='lat' dir='ltr'><em>vel</em></span> <span class='ocrx_word' id='word_1_541' title='bbox 1972 1178 2170 1218; x_wconf 88' lang='lat' dir='ltr'><em>percelleret.</em></span> 
     </span>
     <span class='ocr_line' id='line_1_81' title="bbox 1201 1221 2171 1262; baseline -0.001 -8"><span class='ocrx_word' id='word_1_542' title='bbox 1201 1223 1284 1254; x_wconf 88' lang='lat' dir='ltr'><em>Nam</em></span> <span class='ocrx_word' id='word_1_543' title='bbox 1315 1223 1342 1254; x_wconf 88' lang='lat' dir='ltr'><em>si</em></span> <span class='ocrx_word' id='word_1_544' title='bbox 1373 1222 1419 1254; x_wconf 96' lang='lat' dir='ltr'><em>illi</em></span> <span class='ocrx_word' id='word_1_545' title='bbox 1444 1223 1508 1253; x_wconf 89' lang='lat' dir='ltr'><em>iam</em></span> <span class='ocrx_word' id='word_1_546' title='bbox 1532 1222 1607 1253; x_wconf 94' lang='lat' dir='ltr'><em>olim</em></span> <span class='ocrx_word' id='word_1_547' title='bbox 1633 1222 1784 1262; x_wconf 88' lang='lat' dir='ltr'><em>descripti</em></span> <span class='ocrx_word' id='word_1_548' title='bbox 1807 1226 1892 1259; x_wconf 90' lang='lat' dir='ltr'><em>sunt,</em></span> <span class='ocrx_word' id='word_1_549' title='bbox 1924 1221 2070 1261; x_wconf 89' lang='lat' dir='ltr'><em>sequitur</em></span> <span class='ocrx_word' id='word_1_550' title='bbox 2093 1232 2171 1253; x_wconf 89' lang='lat' dir='ltr'><em>non-</em></span> 
     </span>
     <span class='ocr_line' id='line_1_82' title="bbox 1201 1264 1979 1298; baseline -0.004 -1"><span class='ocrx_word' id='word_1_551' title='bbox 1201 1266 1263 1297; x_wconf 89' lang='lat' dir='ltr'><em>nisi</em></span> <span class='ocrx_word' id='word_1_552' title='bbox 1286 1270 1373 1298; x_wconf 89' lang='lat' dir='ltr'><em>certo</em></span> <span class='ocrx_word' id='word_1_553' title='bbox 1397 1265 1459 1296; x_wconf 90' lang='lat' dir='ltr'><em>Dei</em></span> <span class='ocrx_word' id='word_1_554' title='bbox 1483 1265 1615 1297; x_wconf 84' lang='lat' dir='ltr'><em>consilio</em></span> <span class='ocrx_word' id='word_1_555' title='bbox 1638 1266 1780 1297; x_wconf 81' lang='lat' dir='ltr'><em>exerceri</em></span> <span class='ocrx_word' id='word_1_556' title='bbox 1804 1264 1979 1296; x_wconf 85' lang='lat' dir='ltr'><em>ecclesiam.</em></span> 
     </span>
    </p>

    <p class='ocr_par' dir='ltr' id='par_1_12' title="bbox 1199 1306 2172 2158">
     <span class='ocr_line' id='line_1_83' title="bbox 1287 1306 2171 1348; baseline -0.003 -8"><span class='ocrx_word' id='word_1_557' title='bbox 1287 1308 1350 1341; x_wconf 85' lang='lat' dir='ltr'><em>Dei</em></span> <span class='ocrx_word' id='word_1_558' title='bbox 1369 1309 1467 1340; x_wconf 75' lang='lat' dir='ltr'><em>nostri</em></span> <span class='ocrx_word' id='word_1_559' title='bbox 1484 1309 1632 1348; x_wconf 69' lang='lat' dir='ltr'><em>qratiam,</em></span> <span class='ocrx_word' id='word_1_560' title='bbox 1656 1310 1707 1340; x_wconf 86' lang='lat' dir='ltr'><em>eto.</em></span> <span class='ocrx_word' id='word_1_561' title='bbox 1745 1307 1814 1339; x_wconf 87' lang='lat' dir='ltr'><em>Iam</em></span> <span class='ocrx_word' id='word_1_562' title='bbox 1832 1306 1937 1347; x_wconf 87' lang='lat' dir='ltr'><em>qualis</em></span> <span class='ocrx_word' id='word_1_563' title='bbox 1956 1306 2053 1338; x_wconf 87' lang='lat' dir='ltr'><em>fuerit</em></span> <span class='ocrx_word' id='word_1_564' title='bbox 2073 1307 2171 1346; x_wconf 83' lang='lat' dir='ltr'><em>pestis</em></span> 
     </span>
     <span class='ocr_line' id='line_1_84' title="bbox 1200 1348 2172 1392; baseline -0.004 -9"><span class='ocrx_word' id='word_1_565' title='bbox 1200 1351 1268 1389; x_wconf 87' lang='lat' dir='ltr'><em>illa,</em></span> <span class='ocrx_word' id='word_1_566' title='bbox 1303 1351 1422 1383; x_wconf 88' lang='lat' dir='ltr'><em>clarius</em></span> <span class='ocrx_word' id='word_1_567' title='bbox 1456 1352 1617 1392; x_wconf 78' lang='lat' dir='ltr'><em>exprimit.</em></span> <span class='ocrx_word' id='word_1_568' title='bbox 1669 1350 1759 1382; x_wconf 88' lang='lat' dir='ltr'><em>Dicit</em></span> <span class='ocrx_word' id='word_1_569' title='bbox 1789 1351 1876 1382; x_wconf 88' lang='lat' dir='ltr'><em>enim</em></span> <span class='ocrx_word' id='word_1_570' title='bbox 1904 1350 2009 1390; x_wconf 88' lang='lat' dir='ltr'><em>gratia</em></span> <span class='ocrx_word' id='word_1_571' title='bbox 2039 1348 2172 1380; x_wconf 88' lang='lat' dir='ltr'><em>Domini</em></span> 
     </span>
     <span class='ocr_line' id='line_1_85' title="bbox 1200 1392 2171 1434; baseline -0.004 -8"><span class='ocrx_word' id='word_1_572' title='bbox 1200 1395 1315 1426; x_wconf 86' lang='lat' dir='ltr'><em>abusos</em></span> <span class='ocrx_word' id='word_1_573' title='bbox 1345 1405 1424 1432; x_wconf 89' lang='lat' dir='ltr'><em>esse,</em></span> <span class='ocrx_word' id='word_1_574' title='bbox 1456 1399 1491 1425; x_wconf 92' lang='lat' dir='ltr'><em>ut</em></span> <span class='ocrx_word' id='word_1_575' title='bbox 1521 1395 1560 1425; x_wconf 90' lang='lat' dir='ltr'><em>ad</em></span> <span class='ocrx_word' id='word_1_576' title='bbox 1589 1395 1749 1434; x_wconf 88' lang='lat' dir='ltr'><em>impuram</em></span> <span class='ocrx_word' id='word_1_577' title='bbox 1773 1398 1805 1425; x_wconf 89' lang='lat' dir='ltr'><em>et</em></span> <span class='ocrx_word' id='word_1_578' title='bbox 1828 1393 1994 1433; x_wconf 87' lang='lat' dir='ltr'><em>profanam</em></span> <span class='ocrx_word' id='word_1_579' title='bbox 2019 1392 2171 1432; x_wconf 86' lang='lat' dir='ltr'><em>peccandi</em></span> 
     </span>
     <span class='ocr_line' id='line_1_86' title="bbox 1200 1435 2171 1477; baseline -0.004 -8"><span class='ocrx_word' id='word_1_580' title='bbox 1200 1438 1367 1469; x_wconf 89' lang='lat' dir='ltr'><em>licentiam</em></span> <span class='ocrx_word' id='word_1_581' title='bbox 1390 1448 1424 1469; x_wconf 89' lang='lat' dir='ltr'><em>se</em></span> <span class='ocrx_word' id='word_1_582' title='bbox 1447 1442 1478 1469; x_wconf 90' lang='lat' dir='ltr'><em>et</em></span> <span class='ocrx_word' id='word_1_583' title='bbox 1502 1438 1579 1469; x_wconf 87' lang='lat' dir='ltr'><em>alios</em></span> <span class='ocrx_word' id='word_1_584' title='bbox 1609 1437 1849 1477; x_wconf 85' lang='lat' dir='ltr'><em>prostituerent.</em></span> <span class='ocrx_word' id='word_1_585' title='bbox 1895 1435 1996 1475; x_wconf 89' lang='lat' dir='ltr'><em>Atqui</em></span> <span class='ocrx_word' id='word_1_586' title='bbox 2020 1435 2114 1475; x_wconf 89' lang='lat' dir='ltr'><em>longe</em></span> <span class='ocrx_word' id='word_1_587' title='bbox 2137 1435 2171 1466; x_wconf 88' lang='lat' dir='ltr'><em>in</em></span> 
     </span>
     <span class='ocr_line' id='line_1_87' title="bbox 1200 1478 2170 1521; baseline -0.004 -9"><span class='ocrx_word' id='word_1_588' title='bbox 1200 1481 1299 1513; x_wconf 90' lang='lat' dir='ltr'><em>alium</em></span> <span class='ocrx_word' id='word_1_589' title='bbox 1316 1481 1413 1512; x_wconf 88' lang='lat' dir='ltr'><em>finem</em></span> <span class='ocrx_word' id='word_1_590' title='bbox 1431 1481 1581 1521; x_wconf 84' lang='lat' dir='ltr'><em>apparuit</em></span> <span class='ocrx_word' id='word_1_591' title='bbox 1597 1480 1658 1511; x_wconf 89' lang='lat' dir='ltr'><em>Dei</em></span> <span class='ocrx_word' id='word_1_592' title='bbox 1674 1480 1792 1520; x_wconf 84' lang='lat' dir='ltr'><em>gratia:</em></span> <span class='ocrx_word' id='word_1_593' title='bbox 1818 1484 1853 1510; x_wconf 90' lang='lat' dir='ltr'><em>ut</em></span> <span class='ocrx_word' id='word_1_594' title='bbox 1876 1478 1998 1510; x_wconf 85' lang='lat' dir='ltr'><em>scilicet</em></span> <span class='ocrx_word' id='word_1_595' title='bbox 2013 1478 2170 1518; x_wconf 83' lang='lat' dir='ltr'><em>abnegata</em></span> 
     </span>
     <span class='ocr_line' id='line_1_88' title="bbox 1200 1521 2172 1564; baseline -0.003 -9"><span class='ocrx_word' id='word_1_596' title='bbox 1200 1525 1366 1564; x_wconf 82' lang='lat' dir='ltr'><em>impietate</em></span> <span class='ocrx_word' id='word_1_597' title='bbox 1395 1528 1428 1555; x_wconf 89' lang='lat' dir='ltr'><em>et</em></span> <span class='ocrx_word' id='word_1_598' title='bbox 1458 1523 1594 1554; x_wconf 87' lang='lat' dir='ltr'><em>terrenis</em></span> <span class='ocrx_word' id='word_1_599' title='bbox 1624 1522 1806 1563; x_wconf 87' lang='lat' dir='ltr'><em>desideriis,</em></span> <span class='ocrx_word' id='word_1_600' title='bbox 1836 1521 1941 1553; x_wconf 90' lang='lat' dir='ltr'><em>sobrie</em></span> <span class='ocrx_word' id='word_1_601' title='bbox 1972 1527 2002 1551; x_wconf 92' lang='lat' dir='ltr'><em>et</em></span> <span class='ocrx_word' id='word_1_602' title='bbox 2031 1521 2115 1551; x_wconf 84' lang='lat' dir='ltr'><em>iuste</em></span> <span class='ocrx_word' id='word_1_603' title='bbox 2139 1524 2172 1552; x_wconf 88' lang='lat' dir='ltr'><em>et</em></span> 
     </span>
     <span class='ocr_line' id='line_1_89' title="bbox 1200 1562 2170 1608; baseline -0.006 -9"><span class='ocrx_word' id='word_1_604' title='bbox 1200 1568 1252 1608; x_wconf 89' lang='lat' dir='ltr'><em>pie</em></span> <span class='ocrx_word' id='word_1_605' title='bbox 1284 1568 1432 1599; x_wconf 90' lang='lat' dir='ltr'><em>vivamus</em></span> <span class='ocrx_word' id='word_1_606' title='bbox 1466 1566 1497 1597; x_wconf 88' lang='lat' dir='ltr'><em>in</em></span> <span class='ocrx_word' id='word_1_607' title='bbox 1530 1566 1590 1598; x_wconf 90' lang='lat' dir='ltr'><em>hoc</em></span> <span class='ocrx_word' id='word_1_608' title='bbox 1620 1565 1757 1597; x_wconf 86' lang='lat' dir='ltr'><em>saeculo.</em></span> <span class='ocrx_word' id='word_1_609' title='bbox 1804 1565 1954 1597; x_wconf 85' lang='lat' dir='ltr'><em>Sciamus</em></span> <span class='ocrx_word' id='word_1_610' title='bbox 1984 1574 2060 1604; x_wconf 89' lang='lat' dir='ltr'><em>ergo</em></span> <span class='ocrx_word' id='word_1_611' title='bbox 2090 1562 2170 1594; x_wconf 90' lang='lat' dir='ltr'><em>nihil</em></span> 
     </span>
     <span class='ocr_line' id='line_1_90' title="bbox 1201 1607 2170 1651; baseline -0.004 -10"><span class='ocrx_word' id='word_1_612' title='bbox 1201 1621 1271 1642; x_wconf 89' lang='lat' dir='ltr'><em>esse</em></span> <span class='ocrx_word' id='word_1_613' title='bbox 1309 1610 1514 1651; x_wconf 87' lang='lat' dir='ltr'><em>pestilentius</em></span> <span class='ocrx_word' id='word_1_614' title='bbox 1555 1609 1616 1640; x_wconf 90' lang='lat' dir='ltr'><em>hoc</em></span> <span class='ocrx_word' id='word_1_615' title='bbox 1655 1608 1825 1640; x_wconf 90' lang='lat' dir='ltr'><em>hominum</em></span> <span class='ocrx_word' id='word_1_616' title='bbox 1863 1617 1998 1647; x_wconf 88' lang='lat' dir='ltr'><em>genere,</em></span> <span class='ocrx_word' id='word_1_617' title='bbox 2039 1607 2092 1646; x_wconf 90' lang='lat' dir='ltr'><em>qui</em></span> <span class='ocrx_word' id='word_1_618' title='bbox 2130 1617 2170 1637; x_wconf 87' lang='lat' dir='ltr'><em>ex</em></span> 
     </span>
     <span class='ocr_line' id='line_1_91' title="bbox 1201 1648 2170 1694; baseline -0.006 -9"><span class='ocrx_word' id='word_1_619' title='bbox 1201 1654 1325 1685; x_wconf 86' lang='lat' dir='ltr'><em>Christi</em></span> <span class='ocrx_word' id='word_1_620' title='bbox 1348 1653 1454 1694; x_wconf 84' lang='lat' dir='ltr'><em>gratia</em></span> <span class='ocrx_word' id='word_1_621' title='bbox 1477 1652 1666 1684; x_wconf 83' lang='lat' dir='ltr'><em>lasciviendi</em></span> <span class='ocrx_word' id='word_1_622' title='bbox 1681 1655 1887 1691; x_wconf 83' lang='lat' dir='ltr'><em>praetextum</em></span> <span class='ocrx_word' id='word_1_623' title='bbox 1906 1654 2046 1690; x_wconf 87' lang='lat' dir='ltr'><em>captant.</em></span> <span class='ocrx_word' id='word_1_624' title='bbox 2084 1648 2170 1688; x_wconf 81' lang='lat' dir='ltr'><em>Quia</em></span> 
     </span>
     <span class='ocr_line' id='line_1_92' title="bbox 1200 1691 2171 1737; baseline -0.005 -10"><span class='ocrx_word' id='word_1_625' title='bbox 1200 1696 1344 1737; x_wconf 87' lang='lat' dir='ltr'><em>gratuita</em></span> <span class='ocrx_word' id='word_1_626' title='bbox 1367 1695 1429 1727; x_wconf 89' lang='lat' dir='ltr'><em>Dei</em></span> <span class='ocrx_word' id='word_1_627' title='bbox 1453 1694 1671 1727; x_wconf 87' lang='lat' dir='ltr'><em>misericordia</em></span> <span class='ocrx_word' id='word_1_628' title='bbox 1697 1705 1756 1725; x_wconf 89' lang='lat' dir='ltr'><em>nos</em></span> <span class='ocrx_word' id='word_1_629' title='bbox 1779 1694 1916 1726; x_wconf 88' lang='lat' dir='ltr'><em>salutem</em></span> <span class='ocrx_word' id='word_1_630' title='bbox 1940 1692 2091 1732; x_wconf 82' lang='lat' dir='ltr'><em>consequi</em></span> <span class='ocrx_word' id='word_1_631' title='bbox 2115 1691 2171 1722; x_wconf 93' lang='lat' dir='ltr'><em>do-</em></span> 
     </span>
     <span class='ocr_line' id='line_1_93' title="bbox 1200 1734 2170 1778; baseline -0.006 -7"><span class='ocrx_word' id='word_1_632' title='bbox 1200 1749 1318 1778; x_wconf 82' lang='lat' dir='ltr'><em>cemus,</em></span> <span class='ocrx_word' id='word_1_633' title='bbox 1342 1739 1437 1770; x_wconf 91' lang='lat' dir='ltr'><em>huius</em></span> <span class='ocrx_word' id='word_1_634' title='bbox 1461 1738 1606 1769; x_wconf 87' lang='lat' dir='ltr'><em>criminis</em></span> <span class='ocrx_word' id='word_1_635' title='bbox 1626 1748 1684 1769; x_wconf 88' lang='lat' dir='ltr'><em>nos</em></span> <span class='ocrx_word' id='word_1_636' title='bbox 1701 1737 1892 1768; x_wconf 87' lang='lat' dir='ltr'><em>insimulant</em></span> <span class='ocrx_word' id='word_1_637' title='bbox 1916 1735 2069 1776; x_wconf 88' lang='lat' dir='ltr'><em>papistae.</em></span> <span class='ocrx_word' id='word_1_638' title='bbox 2104 1734 2170 1766; x_wconf 79' lang='lat' dir='ltr'><em>Sed</em></span> 
     </span>
     <span class='ocr_line' id='line_1_94' title="bbox 1201 1777 2169 1823; baseline -0.006 -9"><span class='ocrx_word' id='word_1_639' title='bbox 1201 1782 1276 1823; x_wconf 85' lang='lat' dir='ltr'><em>quid</em></span> <span class='ocrx_word' id='word_1_640' title='bbox 1307 1781 1412 1814; x_wconf 88' lang='lat' dir='ltr'><em>verbis</em></span> <span class='ocrx_word' id='word_1_641' title='bbox 1446 1781 1593 1812; x_wconf 89' lang='lat' dir='ltr'><em>refellere</em></span> <span class='ocrx_word' id='word_1_642' title='bbox 1628 1791 1738 1812; x_wconf 86' lang='lat' dir='ltr'><em>eorum</em></span> <span class='ocrx_word' id='word_1_643' title='bbox 1772 1779 2009 1821; x_wconf 86' lang='lat' dir='ltr'><em>impudentiam</em></span> <span class='ocrx_word' id='word_1_644' title='bbox 2043 1777 2169 1815; x_wconf 88' lang='lat' dir='ltr'><em>attinet,</em></span> 
     </span>
     <span class='ocr_line' id='line_1_95' title="bbox 1200 1820 2171 1866; baseline -0.006 -9"><span class='ocrx_word' id='word_1_645' title='bbox 1200 1836 1296 1866; x_wconf 88' lang='lat' dir='ltr'><em>quum</em></span> <span class='ocrx_word' id='word_1_646' title='bbox 1326 1836 1382 1856; x_wconf 89' lang='lat' dir='ltr'><em>nos</em></span> <span class='ocrx_word' id='word_1_647' title='bbox 1408 1824 1651 1864; x_wconf 88' lang='lat' dir='ltr'><em>poenitentiam,</em></span> <span class='ocrx_word' id='word_1_648' title='bbox 1682 1824 1829 1854; x_wconf 89' lang='lat' dir='ltr'><em>timorem</em></span> <span class='ocrx_word' id='word_1_649' title='bbox 1860 1822 1934 1862; x_wconf 89' lang='lat' dir='ltr'><em>Dei,</em></span> <span class='ocrx_word' id='word_1_650' title='bbox 1966 1821 2051 1853; x_wconf 89' lang='lat' dir='ltr'><em>vitae</em></span> <span class='ocrx_word' id='word_1_651' title='bbox 2082 1820 2171 1852; x_wconf 89' lang='lat' dir='ltr'><em>novi-</em></span> 
     </span>
     <span class='ocr_line' id='line_1_96' title="bbox 1200 1863 2170 1908; baseline -0.005 -9"><span class='ocrx_word' id='word_1_652' title='bbox 1200 1874 1300 1899; x_wconf 87' lang='lat' dir='ltr'><em>tatem</em></span> <span class='ocrx_word' id='word_1_653' title='bbox 1324 1868 1441 1908; x_wconf 85' lang='lat' dir='ltr'><em>ubique</em></span> <span class='ocrx_word' id='word_1_654' title='bbox 1466 1876 1654 1908; x_wconf 84' lang='lat' dir='ltr'><em>urgeamus:</em></span> <span class='ocrx_word' id='word_1_655' title='bbox 1678 1866 1738 1907; x_wconf 90' lang='lat' dir='ltr'><em>ipsi</em></span> <span class='ocrx_word' id='word_1_656' title='bbox 1762 1871 1870 1897; x_wconf 89' lang='lat' dir='ltr'><em>autem</em></span> <span class='ocrx_word' id='word_1_657' title='bbox 1894 1874 1957 1896; x_wconf 91' lang='lat' dir='ltr'><em>non</em></span> <span class='ocrx_word' id='word_1_658' title='bbox 1983 1863 2077 1895; x_wconf 91' lang='lat' dir='ltr'><em>modo</em></span> <span class='ocrx_word' id='word_1_659' title='bbox 2101 1873 2170 1903; x_wconf 85' lang='lat' dir='ltr'><em>pes-</em></span> 
     </span>
     <span class='ocr_line' id='line_1_97' title="bbox 1199 1906 2170 1951; baseline -0.007 -8"><span class='ocrx_word' id='word_1_660' title='bbox 1199 1912 1289 1943; x_wconf 88' lang='lat' dir='ltr'><em>simis</em></span> <span class='ocrx_word' id='word_1_661' title='bbox 1323 1910 1479 1951; x_wconf 84' lang='lat' dir='ltr'><em>exemplis</em></span> <span class='ocrx_word' id='word_1_662' title='bbox 1517 1915 1620 1941; x_wconf 88' lang='lat' dir='ltr'><em>totum</em></span> <span class='ocrx_word' id='word_1_663' title='bbox 1658 1909 1816 1940; x_wconf 91' lang='lat' dir='ltr'><em>mundum</em></span> <span class='ocrx_word' id='word_1_664' title='bbox 1854 1911 2075 1946; x_wconf 86' lang='lat' dir='ltr'><em>corrumpant,</em></span> <span class='ocrx_word' id='word_1_665' title='bbox 2114 1906 2170 1937; x_wconf 88' lang='lat' dir='ltr'><em>sed</em></span> 
     </span>
     <span class='ocr_line' id='line_1_98' title="bbox 1200 1950 2171 1994; baseline -0.006 -9"><span class='ocrx_word' id='word_1_666' title='bbox 1200 1955 1296 1985; x_wconf 88' lang='lat' dir='ltr'><em>etiam</em></span> <span class='ocrx_word' id='word_1_667' title='bbox 1330 1954 1429 1994; x_wconf 90' lang='lat' dir='ltr'><em>impia</em></span> <span class='ocrx_word' id='word_1_668' title='bbox 1459 1963 1517 1984; x_wconf 90' lang='lat' dir='ltr'><em>sua</em></span> <span class='ocrx_word' id='word_1_669' title='bbox 1552 1953 1699 1984; x_wconf 88' lang='lat' dir='ltr'><em>doctrina</em></span> <span class='ocrx_word' id='word_1_670' title='bbox 1733 1962 1842 1983; x_wconf 88' lang='lat' dir='ltr'><em>veram</em></span> <span class='ocrx_word' id='word_1_671' title='bbox 1877 1950 2100 1987; x_wconf 83' lang='lat' dir='ltr'><em>sanctitatem,</em></span> <span class='ocrx_word' id='word_1_672' title='bbox 2138 1951 2171 1980; x_wconf 86' lang='lat' dir='ltr'><em>et</em></span> 
     </span>
     <span class='ocr_line' id='line_1_99' title="bbox 1199 1992 2170 2038; baseline -0.006 -10"><span class='ocrx_word' id='word_1_673' title='bbox 1199 2008 1317 2038; x_wconf 90' lang='lat' dir='ltr'><em>purum</em></span> <span class='ocrx_word' id='word_1_674' title='bbox 1341 1996 1404 2027; x_wconf 90' lang='lat' dir='ltr'><em>Dei</em></span> <span class='ocrx_word' id='word_1_675' title='bbox 1434 1996 1559 2028; x_wconf 87' lang='lat' dir='ltr'><em>cultum</em></span> <span class='ocrx_word' id='word_1_676' title='bbox 1591 1996 1708 2027; x_wconf 87' lang='lat' dir='ltr'><em>tollant</em></span> <span class='ocrx_word' id='word_1_677' title='bbox 1734 2006 1751 2026; x_wconf 88' lang='lat' dir='ltr'><em>e</em></span> <span class='ocrx_word' id='word_1_678' title='bbox 1774 1993 1915 2026; x_wconf 88' lang='lat' dir='ltr'><em>mundo?</em></span> <span class='ocrx_word' id='word_1_679' title='bbox 1962 1992 2170 2032; x_wconf 76' lang='lat' dir='ltr'><em>Quamquam</em></span> 
     </span>
     <span class='ocr_line' id='line_1_100' title="bbox 1199 2035 2170 2080; baseline -0.006 -9"><span class='ocrx_word' id='word_1_680' title='bbox 1199 2051 1254 2071; x_wconf 89' lang='lat' dir='ltr'><em>eos</em></span> <span class='ocrx_word' id='word_1_681' title='bbox 1277 2040 1315 2071; x_wconf 87' lang='lat' dir='ltr'><em>de</em></span> <span class='ocrx_word' id='word_1_682' title='bbox 1337 2039 1454 2080; x_wconf 90' lang='lat' dir='ltr'><em>quibus</em></span> <span class='ocrx_word' id='word_1_683' title='bbox 1478 2039 1622 2079; x_wconf 88' lang='lat' dir='ltr'><em>loquitur</em></span> <span class='ocrx_word' id='word_1_684' title='bbox 1641 2038 1748 2076; x_wconf 86' lang='lat' dir='ltr'><em>Iudas,</em></span> <span class='ocrx_word' id='word_1_685' title='bbox 1772 2038 1879 2077; x_wconf 87' lang='lat' dir='ltr'><em>potius</em></span> <span class='ocrx_word' id='word_1_686' title='bbox 1900 2036 2051 2067; x_wconf 78' lang='lat' dir='ltr'><em>existimo</em></span> <span class='ocrx_word' id='word_1_687' title='bbox 2074 2035 2170 2066; x_wconf 89' lang='lat' dir='ltr'><em>liber-</em></span> 
     </span>
     <span class='ocr_line' id='line_1_101' title="bbox 1199 2078 2170 2122; baseline -0.006 -8"><span class='ocrx_word' id='word_1_688' title='bbox 1199 2083 1276 2114; x_wconf 89' lang='lat' dir='ltr'><em>tinis</em></span> <span class='ocrx_word' id='word_1_689' title='bbox 1308 2083 1427 2114; x_wconf 90' lang='lat' dir='ltr'><em>nostris</em></span> <span class='ocrx_word' id='word_1_690' title='bbox 1455 2082 1608 2122; x_wconf 88' lang='lat' dir='ltr'><em>temporis</em></span> <span class='ocrx_word' id='word_1_691' title='bbox 1636 2082 1734 2112; x_wconf 86' lang='lat' dir='ltr'><em>fuisse</em></span> <span class='ocrx_word' id='word_1_692' title='bbox 1757 2080 1885 2116; x_wconf 87' lang='lat' dir='ltr'><em>similes,</em></span> <span class='ocrx_word' id='word_1_693' title='bbox 1915 2082 1952 2110; x_wconf 91' lang='lat' dir='ltr'><em>ut</em></span> <span class='ocrx_word' id='word_1_694' title='bbox 1976 2078 2094 2110; x_wconf 88' lang='lat' dir='ltr'><em>clarius</em></span> <span class='ocrx_word' id='word_1_695' title='bbox 2118 2088 2170 2118; x_wconf 89' lang='lat' dir='ltr'><em>pa-</em></span> 
     </span>
     <span class='ocr_line' id='line_1_102' title="bbox 1200 2127 1530 2158; baseline -0.006 0"><span class='ocrx_word' id='word_1_696' title='bbox 1200 2127 1279 2158; x_wconf 88' lang='lat' dir='ltr'><em>tebit</em></span> <span class='ocrx_word' id='word_1_697' title='bbox 1302 2137 1343 2157; x_wconf 81' lang='lat' dir='ltr'><em>ex</em></span> <span class='ocrx_word' id='word_1_698' title='bbox 1366 2127 1530 2156; x_wconf 78' lang='lat' dir='ltr'><em>contextu.</em></span> 
     </span>
    </p>

    <p class='ocr_par' dir='ltr' id='par_1_13' title="bbox 1198 2163 2170 2630">
     <span class='ocr_line' id='line_1_103' title="bbox 1284 2163 2169 2208; baseline -0.008 -8"><span class='ocrx_word' id='word_1_699' title='bbox 1284 2168 1403 2208; x_wconf 81' lang='lat' dir='ltr'><em>Deum,</em></span> <span class='ocrx_word' id='word_1_700' title='bbox 1441 2169 1495 2208; x_wconf 77' lang='lat' dir='ltr'><em>qui</em></span> <span class='ocrx_word' id='word_1_701' title='bbox 1527 2167 1612 2199; x_wconf 77' lang='lat' dir='ltr'><em>solus</em></span> <span class='ocrx_word' id='word_1_702' title='bbox 1644 2170 1687 2199; x_wconf 78' lang='lat' dir='ltr'><em>est</em></span> <span class='ocrx_word' id='word_1_703' title='bbox 1720 2166 1820 2197; x_wconf 73' lang='lat' dir='ltr'><em>heras.</em></span> <span class='ocrx_word' id='word_1_704' title='bbox 1876 2163 2008 2195; x_wconf 83' lang='lat' dir='ltr'><em>Vetusti</em></span> <span class='ocrx_word' id='word_1_705' title='bbox 2040 2163 2169 2203; x_wconf 90' lang='lat' dir='ltr'><em>quidam</em></span> 
     </span>
     <span class='ocr_line' id='line_1_104' title="bbox 1199 2206 2170 2249; baseline -0.008 -5"><span class='ocrx_word' id='word_1_706' title='bbox 1199 2212 1323 2244; x_wconf 88' lang='lat' dir='ltr'><em>codices</em></span> <span class='ocrx_word' id='word_1_707' title='bbox 1354 2212 1488 2249; x_wconf 88' lang='lat' dir='ltr'><em>habent,</em></span> <span class='ocrx_word' id='word_1_708' title='bbox 1520 2210 1702 2246; x_wconf 88' lang='lat' dir='ltr'><em>Christum,</em></span> <span class='ocrx_word' id='word_1_709' title='bbox 1733 2209 1786 2249; x_wconf 89' lang='lat' dir='ltr'><em>qui</em></span> <span class='ocrx_word' id='word_1_710' title='bbox 1817 2207 1902 2238; x_wconf 89' lang='lat' dir='ltr'><em>solus</em></span> <span class='ocrx_word' id='word_1_711' title='bbox 1933 2211 1982 2238; x_wconf 88' lang='lat' dir='ltr'><em>est</em></span> <span class='ocrx_word' id='word_1_712' title='bbox 2012 2206 2102 2237; x_wconf 87' lang='lat' dir='ltr'><em>Deus</em></span> <span class='ocrx_word' id='word_1_713' title='bbox 2133 2215 2170 2236; x_wconf 86' lang='lat' dir='ltr'><em>ac</em></span> 
     </span>
     <span class='ocr_line' id='line_1_105' title="bbox 1200 2248 2169 2289; baseline -0.008 -3"><span class='ocrx_word' id='word_1_714' title='bbox 1200 2255 1306 2287; x_wconf 88' lang='lat' dir='ltr'><em>herus.</em></span> <span class='ocrx_word' id='word_1_715' title='bbox 1352 2255 1396 2285; x_wconf 87' lang='lat' dir='ltr'><em>Et</em></span> <span class='ocrx_word' id='word_1_716' title='bbox 1427 2259 1512 2286; x_wconf 89' lang='lat' dir='ltr'><em>certe</em></span> <span class='ocrx_word' id='word_1_717' title='bbox 1543 2254 1574 2284; x_wconf 93' lang='lat' dir='ltr'><em>in</em></span> <span class='ocrx_word' id='word_1_718' title='bbox 1607 2252 1746 2284; x_wconf 88' lang='lat' dir='ltr'><em>secunda</em></span> <span class='ocrx_word' id='word_1_719' title='bbox 1770 2251 1860 2282; x_wconf 90' lang='lat' dir='ltr'><em>Petri</em></span> <span class='ocrx_word' id='word_1_720' title='bbox 1893 2249 2037 2289; x_wconf 89' lang='lat' dir='ltr'><em>epistola,</em></span> <span class='ocrx_word' id='word_1_721' title='bbox 2069 2248 2169 2280; x_wconf 89' lang='lat' dir='ltr'><em>solius</em></span> 
     </span>
     <span class='ocr_line' id='line_1_106' title="bbox 1199 2292 2170 2335; baseline -0.007 -6"><span class='ocrx_word' id='word_1_722' title='bbox 1199 2297 1323 2329; x_wconf 86' lang='lat' dir='ltr'><em>Christi</em></span> <span class='ocrx_word' id='word_1_723' title='bbox 1346 2298 1383 2329; x_wconf 82' lang='lat' dir='ltr'><em>fit</em></span> <span class='ocrx_word' id='word_1_724' title='bbox 1406 2297 1537 2335; x_wconf 89' lang='lat' dir='ltr'><em>mentio,</em></span> <span class='ocrx_word' id='word_1_725' title='bbox 1567 2301 1599 2328; x_wconf 89' lang='lat' dir='ltr'><em>et</em></span> <span class='ocrx_word' id='word_1_726' title='bbox 1622 2296 1686 2326; x_wconf 91' lang='lat' dir='ltr'><em>illic</em></span> <span class='ocrx_word' id='word_1_727' title='bbox 1709 2295 1806 2325; x_wconf 88' lang='lat' dir='ltr'><em>herus</em></span> <span class='ocrx_word' id='word_1_728' title='bbox 1830 2298 1973 2325; x_wconf 88' lang='lat' dir='ltr'><em>vocatur.</em></span> <span class='ocrx_word' id='word_1_729' title='bbox 2020 2292 2170 2323; x_wconf 89' lang='lat' dir='ltr'><em>Chris-</em></span> 
     </span>
     <span class='ocr_line' id='line_1_107' title="bbox 1199 2334 2167 2380; baseline -0.007 -9"><span class='ocrx_word' id='word_1_730' title='bbox 1199 2344 1280 2372; x_wconf 89' lang='lat' dir='ltr'><em>tum</em></span> <span class='ocrx_word' id='word_1_731' title='bbox 1311 2351 1388 2372; x_wconf 88' lang='lat' dir='ltr'><em>vero</em></span> <span class='ocrx_word' id='word_1_732' title='bbox 1418 2340 1613 2380; x_wconf 88' lang='lat' dir='ltr'><em>abnegari</em></span> <span class='ocrx_word' id='word_1_733' title='bbox 1637 2337 1799 2377; x_wconf 83' lang='lat' dir='ltr'><em>intelligit,</em></span> <span class='ocrx_word' id='word_1_734' title='bbox 1829 2346 1929 2376; x_wconf 92' lang='lat' dir='ltr'><em>quum</em></span> <span class='ocrx_word' id='word_1_735' title='bbox 1961 2335 1993 2374; x_wconf 88' lang='lat' dir='ltr'><em>ii,</em></span> <span class='ocrx_word' id='word_1_736' title='bbox 2018 2334 2072 2375; x_wconf 91' lang='lat' dir='ltr'><em>qui</em></span> <span class='ocrx_word' id='word_1_737' title='bbox 2095 2343 2167 2365; x_wconf 88' lang='lat' dir='ltr'><em>san-</em></span> 
     </span>
     <span class='ocr_line' id='line_1_108' title="bbox 1198 2378 2168 2424; baseline -0.007 -10"><span class='ocrx_word' id='word_1_738' title='bbox 1198 2384 1296 2424; x_wconf 85' lang='lat' dir='ltr'><em>guine</em></span> <span class='ocrx_word' id='word_1_739' title='bbox 1329 2383 1417 2415; x_wconf 90' lang='lat' dir='ltr'><em>illius</em></span> <span class='ocrx_word' id='word_1_740' title='bbox 1451 2382 1610 2422; x_wconf 86' lang='lat' dir='ltr'><em>redempti</em></span> <span class='ocrx_word' id='word_1_741' title='bbox 1644 2381 1787 2420; x_wconf 88' lang='lat' dir='ltr'><em>fuerant,</em></span> <span class='ocrx_word' id='word_1_742' title='bbox 1825 2378 1952 2410; x_wconf 88' lang='lat' dir='ltr'><em>diabolo</em></span> <span class='ocrx_word' id='word_1_743' title='bbox 1986 2388 2020 2409; x_wconf 89' lang='lat' dir='ltr'><em>se</em></span> <span class='ocrx_word' id='word_1_744' title='bbox 2055 2387 2168 2408; x_wconf 88' lang='lat' dir='ltr'><em>rursus</em></span> 
     </span>
     <span class='ocr_line' id='line_1_109' title="bbox 1199 2421 2168 2467; baseline -0.009 -9"><span class='ocrx_word' id='word_1_745' title='bbox 1199 2427 1430 2467; x_wconf 88' lang='lat' dir='ltr'><em>mancipantes,</em></span> <span class='ocrx_word' id='word_1_746' title='bbox 1462 2423 1711 2465; x_wconf 87' lang='lat' dir='ltr'><em>incomparabile</em></span> <span class='ocrx_word' id='word_1_747' title='bbox 1733 2422 1814 2453; x_wconf 91' lang='lat' dir='ltr'><em>illud</em></span> <span class='ocrx_word' id='word_1_748' title='bbox 1837 2421 1986 2462; x_wconf 88' lang='lat' dir='ltr'><em>pretium,</em></span> <span class='ocrx_word' id='word_1_749' title='bbox 2009 2424 2168 2460; x_wconf 85' lang='lat' dir='ltr'><em>quantum</em></span> 
     </span>
     <span class='ocr_line' id='line_1_110' title="bbox 1199 2463 2167 2507; baseline -0.009 -6"><span class='ocrx_word' id='word_1_750' title='bbox 1199 2470 1233 2500; x_wconf 92' lang='lat' dir='ltr'><em>in</em></span> <span class='ocrx_word' id='word_1_751' title='bbox 1267 2480 1302 2501; x_wconf 89' lang='lat' dir='ltr'><em>se</em></span> <span class='ocrx_word' id='word_1_752' title='bbox 1336 2474 1397 2507; x_wconf 88' lang='lat' dir='ltr'><em>est,</em></span> <span class='ocrx_word' id='word_1_753' title='bbox 1432 2469 1560 2500; x_wconf 87' lang='lat' dir='ltr'><em>irritum</em></span> <span class='ocrx_word' id='word_1_754' title='bbox 1591 2467 1721 2498; x_wconf 79' lang='lat' dir='ltr'><em>faciunt.</em></span> <span class='ocrx_word' id='word_1_755' title='bbox 1773 2466 1860 2506; x_wconf 86' lang='lat' dir='ltr'><em>Ergo</em></span> <span class='ocrx_word' id='word_1_756' title='bbox 1890 2469 1926 2495; x_wconf 88' lang='lat' dir='ltr'><em>ut</em></span> <span class='ocrx_word' id='word_1_757' title='bbox 1957 2473 2014 2494; x_wconf 88' lang='lat' dir='ltr'><em>nos</em></span> <span class='ocrx_word' id='word_1_758' title='bbox 2046 2463 2078 2493; x_wconf 91' lang='lat' dir='ltr'><em>in</em></span> <span class='ocrx_word' id='word_1_759' title='bbox 2110 2472 2167 2493; x_wconf 86' lang='lat' dir='ltr'><em>suo</em></span> 
     </span>
     <span class='ocr_line' id='line_1_111' title="bbox 1199 2506 2167 2553; baseline -0.009 -9"><span class='ocrx_word' id='word_1_760' title='bbox 1199 2513 1323 2553; x_wconf 88' lang='lat' dir='ltr'><em>peculio</em></span> <span class='ocrx_word' id='word_1_761' title='bbox 1347 2511 1499 2543; x_wconf 84' lang='lat' dir='ltr'><em>Christus</em></span> <span class='ocrx_word' id='word_1_762' title='bbox 1530 2511 1675 2547; x_wconf 88' lang='lat' dir='ltr'><em>retineat,</em></span> <span class='ocrx_word' id='word_1_763' title='bbox 1706 2508 1775 2540; x_wconf 89' lang='lat' dir='ltr'><em>ideo</em></span> <span class='ocrx_word' id='word_1_764' title='bbox 1805 2519 1863 2548; x_wconf 90' lang='lat' dir='ltr'><em>pro</em></span> <span class='ocrx_word' id='word_1_765' title='bbox 1888 2506 1979 2537; x_wconf 91' lang='lat' dir='ltr'><em>nobis</em></span> <span class='ocrx_word' id='word_1_766' title='bbox 2003 2510 2167 2536; x_wconf 88' lang='lat' dir='ltr'><em>mortuum</em></span> 
     </span>
     <span class='ocr_line' id='line_1_112' title="bbox 1199 2548 2169 2590; baseline -0.009 -3"><span class='ocrx_word' id='word_1_767' title='bbox 1199 2566 1268 2587; x_wconf 89' lang='lat' dir='ltr'><em>esse</em></span> <span class='ocrx_word' id='word_1_768' title='bbox 1302 2560 1334 2587; x_wconf 89' lang='lat' dir='ltr'><em>et</em></span> <span class='ocrx_word' id='word_1_769' title='bbox 1368 2554 1585 2586; x_wconf 79' lang='lat' dir='ltr'><em>resurrexisse</em></span> <span class='ocrx_word' id='word_1_770' title='bbox 1621 2551 1877 2590; x_wconf 87' lang='lat' dir='ltr'><em>meminerimus,</em></span> <span class='ocrx_word' id='word_1_771' title='bbox 1915 2553 1950 2580; x_wconf 89' lang='lat' dir='ltr'><em>ut</em></span> <span class='ocrx_word' id='word_1_772' title='bbox 1984 2548 2169 2580; x_wconf 87' lang='lat' dir='ltr'><em>dominetur</em></span> 
     </span>
     <span class='ocr_line' id='line_1_113' title="bbox 1201 2596 1627 2630; baseline -0.012 0"><span class='ocrx_word' id='word_1_773' title='bbox 1201 2598 1284 2630; x_wconf 89' lang='lat' dir='ltr'><em>vitae</em></span> <span class='ocrx_word' id='word_1_774' title='bbox 1308 2603 1437 2630; x_wconf 84' lang='lat' dir='ltr'><em>nostrae</em></span> <span class='ocrx_word' id='word_1_775' title='bbox 1462 2607 1497 2628; x_wconf 84' lang='lat' dir='ltr'><em>ac</em></span> <span class='ocrx_word' id='word_1_776' title='bbox 1520 2596 1627 2627; x_wconf 89' lang='lat' dir='ltr'><em>morti.</em></span> 
     </span>
    </p>
   </div>
   <div class='ocr_carea' id='block_1_8' title="bbox 1285 2676 2168 2722">
    <p class='ocr_par' dir='ltr' id='par_1_14' title="bbox 1285 2676 2168 2722">
     <span class='ocr_line' id='line_1_114' title="bbox 1285 2676 2168 2722; baseline -0.01 -6"><span class='ocrx_word' id='word_1_777' title='bbox 1285 2684 1314 2715; x_wconf 81' lang='grc'><em>5.</em></span> <span class='ocrx_word' id='word_1_778' title='bbox 1348 2682 1611 2722; x_wconf 73' lang='lat' dir='ltr'><em>Commorzefaoore</em></span> <span class='ocrx_word' id='word_1_779' title='bbox 1641 2681 1740 2712; x_wconf 73' lang='lat' dir='ltr'><em>autem</em></span> <span class='ocrx_word' id='word_1_780' title='bbox 1769 2689 1822 2711; x_wconf 83' lang='lat' dir='ltr'><em>vos</em></span> <span class='ocrx_word' id='word_1_781' title='bbox 1853 2678 1934 2716; x_wconf 80' lang='lat' dir='ltr'><em>volo,</em></span> <span class='ocrx_word' id='word_1_782' title='bbox 1964 2687 2059 2718; x_wconf 73' lang='lat' dir='ltr'><em>qaum</em></span> <span class='ocrx_word' id='word_1_783' title='bbox 2083 2676 2168 2708; x_wconf 69' lang='lat' dir='ltr'><em>istud</em></span> 
     </span>
    </p>
   </div>
  </div>
 </body>
</html>
