2513 3126
143 207 204 239 217

145 303 239 343 stitit,
263 302 339 342 quin
362 302 523 343 patienter
545 301 752 339 sustinerent,
787 300 939 341 quamdiu
963 309 1033 330 eam
1058 299 1114 329 dif-

145 346 230 377 ferre
259 344 399 376 Domino
428 344 583 385 placebat.
638 343 735 375 Porro
769 344 802 374 in
835 342 995 375 vaticiniis
1029 346 1116 372 nota-

146 389 265 420 tionem
295 394 475 428 temporum
506 397 669 428 quaerere,
702 386 781 417 mihi
810 393 1046 425 supervacuum
1072 383 1115 414 vi-

147 431 252 470 detur,
285 430 415 471 quando
445 430 497 461 hic
527 440 591 461 non
626 429 701 469 quid
732 429 897 460 docuerint
931 425 1116 467 prophetae,

147 474 202 506 sed
233 473 309 514 quid
338 474 488 514 optarint,
519 474 635 513 agitur.
694 471 758 504 Ubi
799 471 889 501 latini
922 471 1116 509 interpretes

147 521 327 555 verterunt,
359 516 397 546 de
421 516 530 546 futura
553 516 674 556 gratia:
705 516 744 545 ad
768 512 902 545 verbum
926 511 1052 551 legitur,
1076 509 1115 540 de

147 560 254 600 gratia
276 569 357 599 quae
381 569 457 599 erga
481 568 538 589 vos
561 564 616 589 est.
654 557 778 587 Verum
803 556 878 594 quia
901 554 982 585 idem
1006 558 1116 601 manet

147 612 274 638 sensus,
309 601 398 632 nolui
432 600 605 641 quidquam
637 604 771 630 mutare.
825 597 896 628 Hoc
928 606 1031 635 magis
1061 594 1116 642 ob-

147 651 280 676 servatu
311 644 454 684 dignum,
484 643 567 682 quod
598 641 773 681 prophetas
797 649 860 670 non
885 639 960 669 dicit
985 647 1116 685 proprio

148 698 245 718 sensu
269 693 430 718 scrutatos
453 695 522 716 esse
545 694 606 723 quo
625 682 779 722 temporis
795 680 930 712 articulo
947 680 1115 711 adveniret

146 730 271 762 Christi
301 738 449 768 regnum,
480 726 534 757 sed
565 731 691 756 tantum
720 724 898 764 applicasse
928 732 987 754 sua
1010 722 1117 753 studia

146 772 187 804 ad
225 771 456 802 revelationem
495 769 637 808 spiritus.
693 766 742 797 Ita
781 776 837 797 nos
874 776 932 797 suo
966 765 1116 805 exemplo

148 813 290 846 discendi
314 813 519 844 sobrietatem
543 811 732 849 docuerunt,
756 810 829 849 quia
849 819 912 840 non
940 807 1026 839 ultra
1044 818 1116 848 pro-

145 856 248 897 gressi
277 861 363 894 sunt,
394 863 488 894 quam
520 863 574 884 eos
604 853 738 893 spiritus
768 852 912 884 ducebat.
958 851 1003 881 Et
1030 856 1116 882 certe

147 898 256 930 nullus
280 897 440 928 humanae
464 896 659 928 curiositatis
679 895 742 926 erit
758 895 880 932 modus,
906 894 969 925 nisi
983 893 1117 933 spiritus

145 940 207 972 Dei
239 939 378 980 ingeniis
404 938 599 979 praesideat:
636 949 675 969 ne
700 938 776 978 quid
802 937 930 969 aliunde
953 946 1048 977 quam
1078 935 1118 966 ab

145 984 214 1024 ipso
245 982 367 1014 discere
398 986 561 1022 appetant.
606 981 712 1022 Atque
743 981 841 1011 etiam
873 990 923 1010 res
952 979 1046 1010 altior
1070 984 1118 1009 est

145 1025 314 1066 spirituale
338 1025 459 1056 Christi
484 1035 631 1065 regnum,
654 1034 751 1064 quam
776 1029 811 1054 ut
834 1024 866 1054 in
891 1023 960 1054 eius
982 1022 1116 1053 investi·

145 1070 274 1109 gatione
297 1068 472 1108 quidquam
493 1077 585 1098 mens
603 1067 747 1098 humana
763 1066 920 1106 proficiat,
944 1064 1007 1096 nisi
1023 1064 1116 1104 spiri-

146 1117 216 1142 tum
248 1110 366 1142 habeat
397 1110 597 1142 directorem.
643 1109 753 1149 Quare
781 1119 839 1139 nos
870 1117 996 1148 quoque
1020 1107 1117 1138 huius

147 1154 249 1185 fraeni
273 1153 483 1184 moderationi
506 1152 663 1184 subiicere
687 1153 786 1184 docet.

236 1196 284 1227 11.
318 1196 379 1235 Qui
400 1196 435 1227 in
457 1195 524 1227 illis
545 1198 609 1227 erat
630 1196 764 1234 spiritus
787 1194 913 1226 Christi.
959 1193 1117 1230 Primum,

148 1239 217 1280 qui
241 1239 281 1270 in
305 1238 522 1270 illis‘erat:
553 1239 669 1270 deinde
693 1238 944 1274 testificans,
976 1236 1036 1267 hoc
1059 1237 1146 1274 est,'

147 1282 188 1314 ad
211 1281 409 1313 reddendum
434 1281 665 1312 testimonium.
712 1281 785 1320 Qua
809 1280 1004 1320 loquutione,
1027 1288 1118 1318 prae-

149 1325 233 1356 ditos
257 1325 372 1364 spiritu
389 1324 622 1364 intelligentiae
642 1324 739 1356 fuisse
757 1324 928 1364 prophetas
945 1321 1118 1362 significat,

148 1410 240 1442 nobis
269 1410 417 1450 magistri
450 1416 480 1441 et
510 1414 611 1441 testes
639 1410 774 1441 fuerint:
809 1420 867 1440 nec
901 1413 1008 1439 tamen
1040 1406 1119 1438 lucis

149 1453 256 1490 huius,
287 1463 366 1492 quae
390 1453 480 1484 nobis
509 1451 715 1484 manifestata
737 1458 795 1490 est,
827 1452 923 1483 fuisse
946 1455 1118 1491 compotes.

151 1496 278 1527 Interea
301 1495 379 1526 haec
402 1496 519 1527 eximia
541 1501 590 1527 est
614 1496 779 1527 doctrinae
802 1505 913 1527 eorum
938 1495 1018 1534 laus,
1042 1492 1118 1523 dum

149 1544 285 1570 vocatur
308 1539 441 1578 spiritus
463 1539 565 1570 sancti
590 1539 822 1570 testimonium.
862 1538 946 1569 Nam
969 1535 1119 1576 quamvis

149 1580 297 1612 homines
331 1591 503 1621 praecones
537 1592 573 1613 ac
607 1581 761 1618 ministri,
796 1581 850 1612 ille
885 1588 992 1612 tamen
1027 1584 1147 1610 autor*-

151 1624 219 1656 fuit.

150 1667 247 1698 fuisse
277 1667 392 1698 tradit:
425 1667 585 1708 evangelii
616 1673 723 1698 autem
756 1666 939 1698 doctoribus
967 1666 1118 1706 spiritum

265 1624 332 1655 Nec
356 1630 476 1655 temere
499 1624 623 1656 Christi
646 1624 795 1664 spiritum
820 1630 896 1656 tunc
919 1623 1118 1655 dominatum
1144 1636 1146 1646 ι

1145 1694 1147 1706 ,Ι
1171 1664 1354 1696 incidimus.
1387 1665 1547 1697 Videmus
1564 1676 1661 1706 quam
1678 1666 1850 1706 magnifice
1867 1665 1991 1697 Christi
2007 1675 2141 1706 regnum

1039 203 1187 236 CAPUT
1212 203 1236 234 Ι.

1144 1609 1147 1631 l

150 1710 295 1750 praeficit
318 1720 335 1740 e
357 1710 444 1741 coelo
468 1711 631 1741 emissum.
678 1710 849 1750 Significat
871 1710 958 1740 enim
982 1719 1120 1749 evange·
1145 1709 1147 1733 ἒ

150 1752 229 1783 lium
261 1763 279 1783 a
303 1752 373 1783 Deo
403 1753 578 1793 profectum
612 1763 690 1792 esse,
721 1758 752 1784 et
777 1759 902 1784 veteres
931 1752 1119 1793 prophetias

149 1804 168 1826 a
190 1794 321 1826 Christo
344 1795 489 1827 dictatas.

243 1837 396 1870 Venturos
425 1839 459 1869 in
483 1837 641 1870 Christum
663 1838 855 1878 afflictiones.
901 1837 947 1870 Ut
969 1839 1121 1879 aequiore

149 1881 257 1912 animo
288 1891 362 1912 suas
392 1881 583 1912 afflictiones
612 1880 727 1919 ferant,
757 1882 820 1913 iam
851 1881 927 1913 olim
958 1891 976 1912 a
1003 1881 1119 1921 spiritu

149 1923 330 1964 praedictas
360 1924 457 1955 fuisse
487 1924 649 1956 admonet.
703 1924 769 1956 Sed
799 1924 901 1955 multo
931 1924 1004 1964 plus
1033 1934 1120 1955 com·-

150 1967 316 2006 plectitur:
349 1966 441 1998 docet
469 1969 566 2006 enim,
597 1967 657 1998 hoc
680 1967 875 1999 christianae
897 1967 1050 1999 ecclesiae
1073 1977 1121 1998 re-

150 2011 260 2049 gimen
295 2009 335 2040 ab
372 2010 464 2040 initio
498 2010 654 2041 divinitus
688 2010 786 2041 fuisse
820 2010 1046 2048 constitutum,
1085 2015 1120 2041 ut

149 2062 229 2083 crux
265 2053 468 2092 praeparatio
505 2059 588 2084 esset
626 2052 665 2084 ad
704 2052 920 2093 triumphum:
957 2056 989 2084 et
1024 2063 1119 2092 mors,

149 2095 304 2126 transitus
338 2094 376 2125 ad
412 2096 528 2126 vitam:
566 2095 662 2136 idque
698 2096 784 2127 clare
818 2096 918 2127 fuisse
955 2100 1119 2127 testatum.

149 2137 259 2176 Quare
293 2147 357 2168 non
392 2142 440 2168 est
473 2148 530 2169 cur
564 2149 622 2170 nos
650 2139 841 2170 afflictiones
871 2138 958 2170 ultra
987 2138 1119 2170 modum

149 2180 315 2217 deiiciant,
348 2181 440 2220 quasi
474 2180 508 2211 in
542 2181 606 2212 illis
639 2192 782 2213 essemus
815 2182 939 2213 miseri:
975 2181 1118 2221 quando-

149 2222 278 2263 quidem
313 2223 447 2262 spiritus
477 2223 538 2254 Dei
573 2234 630 2255 nos
664 2225 774 2256 beatos
806 2224 1006 2265 pronuntiat.
1056 2224 1120 2256 Hic

150 2266 229 2297 ordo
263 2265 425 2297 notandus
458 2271 521 2304 est,
554 2266 636 2306 quod
670 2268 835 2307 passiones
867 2268 981 2298 statuit
1013 2268 1120 2306 priore

150 2308 238 2340 loco:
272 2308 389 2339 deinde
423 2308 514 2339 addit
543 2315 736 2348 sequuturas
765 2309 896 2350 glorias.
948 2309 1121 2350 Significat

150 2352 235 2382 enim
260 2361 324 2382 non
357 2362 448 2391 posse
479 2350 563 2382 hanc
593 2353 749 2383 rationem
780 2353 922 2384 mutuari
953 2354 1004 2384 vel
1029 2362 1119 2392 prae-

151 2394 244 2434 verti,
269 2395 347 2434 quin
371 2394 508 2434 gloriam
534 2394 726 2434 praecedant
749 2395 947 2427 afflictiones.
989 2395 1039 2426 Ita
1063 2394 1120 2426 du-

150 2437 226 2476 plex
260 2437 368 2468 subest
404 2437 437 2467 in
472 2436 523 2468 his
559 2437 665 2468 verbis
697 2438 873 2469 sententia:
913 2437 997 2478 quod
1031 2438 1120 2477 prius

151 2480 264 2511 multis
294 2482 457 2510 aerumnis
488 2480 589 2519 premi
614 2479 816 2512 Christianos
838 2485 993 2520 oporteat,
1023 2489 1119 2520 quam

151 2521 252 2562 gloria
283 2523 448 2553 fruantur:
479 2529 510 2553 et
541 2523 675 2553 miseras
699 2531 764 2554 non
788 2534 857 2554 esse
885 2533 996 2554 eorum
1019 2523 1120 2554 afflic-

151 2565 268 2602 tiones,
299 2567 373 2604 quia
403 2566 583 2604 proximam
616 2565 752 2605 gloriam
782 2566 842 2597 sibi
874 2576 1035 2597 annexam
1064 2566 1119 2597 ha-

151 2606 258 2637 beant.
311 2607 419 2646 Quum
455 2608 541 2639 hunc
571 2614 759 2639 contextum
787 2609 878 2639 Deus
912 2608 1119 2646 ordinaverit,

150 2649 286 2681 alteram
312 2657 435 2689 partem
459 2651 498 2681 ab
521 2650 622 2681 altera
642 2650 794 2682 divellere
814 2657 961 2683 nostrum
979 2660 1043 2682 non
1061 2656 1119 2683 est.
1145 2668 1147 2675 ι

1145 1301 1146 1310 ,
1171 1289 1265 1310 suum
1299 1279 1438 1310 vicissim
1469 1280 1739 1320 complementum
1771 1281 1888 1312 habeat
1911 1281 2021 1321 gloria.

1145 1324 1146 1327 ’
1173 1322 1211 1352 de
1241 1332 1275 1352 re
1307 1322 1398 1361 plura
1421 1322 1459 1352 ad
1486 1322 1607 1355 Coloss.
1630 1323 1660 1354 3.
1683 1333 1752 1363 cap.
1776 1328 1809 1355 et
1833 1325 1860 1355 1.
1884 1324 1924 1355 ad
1949 1322 2087 1354 Timoth.
2111 1324 2142 1354 4.

147 1373 179 1399 et
212 1366 342 1407 quidem
377 1377 442 1398 non
474 1367 640 1407 vulgarem
671 1367 704 1398 in
740 1367 885 1405 modum,
920 1371 1032 1405 utpote
1065 1365 1119 1404 qui
1145 1379 1146 1382 =

2075 206 2136 237 218

1171 300 1278 338 Atque
1302 299 1361 330 hoc
1385 308 1476 330 rarae
1498 299 1724 331 consolationis
1747 305 1803 338 est,
1828 301 1911 341 quod
1932 306 2043 332 nostra
2063 311 2136 332 con·

1170 341 1257 381 ditio,
1281 341 1405 380 qualem
1431 342 1625 382 experimur,
1650 347 1696 373 tot
1719 349 1794 374 ante
1814 343 1950 375 saeculis
1975 343 2138 383 praedicta

1170 383 1239 415 fuit.
1278 384 1362 415 Nam
1387 384 1460 415 inde
1483 385 1673 425 colligimus,
1699 395 1761 415 non
1786 386 1907 417 frustra
1925 386 2049 418 felicem
2069 387 2137 418 eius

1170 427 1293 457 exitum
1331 427 1423 458 nobis
1461 427 1613 467 promitti.
1670 427 1796 459 Deinde
1831 430 2033 468 agnoscimus
2072 438 2136 459 non

1170 469 1300 499 fortuito
1325 479 1393 509 nos⁷
1421 470 1476 500 scd
1500 476 1586 502 certa
1609 469 1671 501 Dei
1694 471 1896 510 providentia
1918 471 2029 512 affligi.
2077 472 2137 502 De-

1170 512 1268 550 nique
1293 512 1481 552 prophetiae
1505 514 1607 544 instar
1629 513 1748 553 speculi
1772 517 1858 553 sunt,
1884 514 1924 545 ad
1947 524 2138 555 repraesen-

1170 552 1301 584 tandam
1340 555 1432 586 nobis
1469 556 1501 586 in
1540 555 1801 587 tribulationibus
1835 556 1980 589 coelestis
2017 556 2138 597 gloriae

1170 596 1352 635 imaginem.
1406 597 1494 628 Dicit
1527 599 1654 638 quidem
1687 598 1819 639 Petrus,
1854 598 1892 629 de
1925 600 2072 630 venturis
2104 599 2138 630 in

1169 638 1338 669 Christum
1368 640 1596 672 afflictionibus
1620 642 1769 681 spiritum
1795 641 1891 672 fuisse
1914 642 2138 673 testificatum:

1170 681 1225 711 sed
1256 681 1424 713 Christum
1454 693 1472 713 a
1502 693 1559 714 suo
1588 694 1719 724 corpore
1750 694 1813 715 non
1837 690 1976 724 separat.
2022 684 2138 724 ltaque

1170 733 1235 753 non
1266 723 1360 754 debet
1387 725 1446 755 hoc
1476 727 1625 766 restringi
1649 727 1688 757 ad
1712 726 1836 758 Christi
1863 737 2051 766 personam:
2084 726 2139 757 sed

1170 765 1298 796 initium
1323 766 1505 798 faciendum
1530 775 1578 799 est
1601 780 1619 800 a
1642 770 1756 809 capite,
1785 775 1820 801 ut
1842 770 1990 801 membra
2010 779 2068 800 sua
2091 779 2138 799 or-

1142 842 1146 850 ⁴
1171 808 1245 838 dine
1276 816 1469 848 sequantur:
1502 812 1770 850 quemadmodum
1796 811 1914 843 Paulus
1938 812 2028 843 docet
2051 821 2141 851 opor·

1171 858 1237 881 tere
1268 861 1326 882 nos
1356 852 1384 881 ei
1416 853 1609 889 configurari
1640 855 1695 893 qui
1726 855 1960 895 primogenitus
1983 860 2032 886 est
2054 855 2140 885 inter

1170 893 1286 924 fratres
1310 893 1417 933 (Rom.
1443 894 1471 926 8.
1497 895 1560 937 29).
1606 896 1756 936 Denique
1786 908 1850 928 non
1882 902 2000 929 tractat
2023 897 2140 928 Petrus

1170 936 1247 976 quid
1265 936 1396 968 Christo
1413 937 1454 967 sit
1470 939 1646 978 proprium,
1667 941 1720 970 sed
1739 940 1777 971 (le
1794 940 1969 971 universali
1989 939 2141 971 ecclesiae

1170 986 1257 1010 statu
1281 978 1419 1010 disserit.
1465 980 1531 1011 Sed
1562 981 1621 1012 hoc
1651 982 1691 1012 ad
1720 983 1793 1013 fidei
1818 988 1947 1014 nostrae
1969 982 2139 1014 confirma-

1171 1022 1291 1052 tionem
1325 1022 1428 1054 multo
1462 1023 1581 1062 aptius,
1616 1024 1691 1055 dum
1724 1030 1850 1057 nostras
1884 1026 2073 1057 afflictiones
2106 1025 2139 1056 in

1171 1064 1302 1113 Christo
1331 1065 1582 1097 considerandas
1613 1068 1774 1106 proponit:
1806 1068 1880 1107 quia
1908 1068 2024 1099 melius
2046 1068 2080 1098 in
2104 1078 2141 1099 eo

1170 1117 1334 1139 cernimus
1356 1109 1592 1140 connexionem
1617 1110 1731 1141 mortis
1754 1115 1786 1140 et
1807 1111 1893 1141 vitae
1916 1111 2002 1141 inter
2025 1120 2084 1141 nos
2106 1113 2139 1141 et

1170 1151 1288 1191 ipsum.
1323 1150 1367 1181 Et
1389 1154 1477 1182 certe
1500 1152 1560 1183 hoc
1583 1152 1634 1183 ius
1659 1157 1754 1192 atque
1773 1153 1852 1184 haec
1872 1154 1951 1184 ratio
1967 1159 2015 1184 est
2030 1163 2140 1185 sacrae

1171 1193 1318 1233 unitatis,
1349 1194 1433 1233 quod
1458 1194 1490 1225 in
1514 1194 1670 1226 membris
1692 1195 1760 1226 suis
1784 1196 1924 1235 quotidie
1947 1196 2079 1236 patitur,
2106 1199 2141 1227 ut

1171 1241 1337 1276 postquam
1362 1237 1396 1267 in
1420 1237 1511 1268 nobis
1535 1238 1704 1269 absolutae
1728 1238 1849 1269 fuerint
1872 1239 1942 1269 eius
1965 1239 2140 1278 passiones,

2068 1280 2142 1319 Qua

1260 1363 1307 1395 12.
1340 1364 1520 1397 Revelatum
1547 1369 1592 1397 est
1614 1366 1694 1406 quod
1716 1376 1775 1398 non
1796 1367 1867 1397 sibi.
1912 1366 2012 1397 Hunc
2035 1366 2140 1397 locum

1172 1417 1339 1447 perperam
1365 1408 1524 1447 arripiunt
1548 1409 1678 1441 fanatici
1703 1409 1858 1447 homines,
1889 1414 1925 1440 ut
1948 1414 2064 1448 patres,
2089 1409 2141 1448 qui

1173 1451 1232 1481 sub
1257 1450 1326 1491 lege
1352 1451 1516 1490 vixerunt,
1539 1451 1714 1484 excludant
1736 1462 1754 1483 a
1776 1462 1833 1492 spe
1853 1456 2004 1483 aeternae
2019 1451 2141 1483 salutis.

1172 1493 1286 1533 Neque
1323 1493 1408 1524 enim
1446 1493 1636 1535 simpliciter
1673 1500 1770 1534 negat
1807 1496 1886 1535 quin
1924 1494 2052 1526 saeculo
2085 1504 2141 1525 suo

1172 1536 1299 1567 utiliter
1330 1537 1589 1568 ministraverint
1622 1538 1814 1578 prophetae,
1848 1543 1943 1578 atque
1977 1537 2142 1569 ecclesiam

1172 1579 1432 1610 aedificaverint:
1457 1580 1511 1612 sed
1536 1586 1663 1612 tantum
1687 1581 1801 1612 docere
1817 1580 1899 1617 vult,
1924 1580 2033 1611 utilius
2052 1579 2142 1611 nobis

1172 1632 1242 1653 esse
1269 1632 1382 1653 eorum
1412 1623 1642 1660 ministerium,
1672 1624 1746 1664 quia
1776 1624 1810 1654 in
1839 1623 2039 1655 saeculorum
2062 1623 2143 1654 fines

1173 1707 1342 1746 extollant,
1371 1718 1468 1748 quam
1491 1710 1558 1740 sint
1581 1710 1613 1739 in
1638 1709 1692 1740 illo
1715 1709 1859 1740 ornando
1883 1708 2015 1749 assfflui,
2047 1718 2142 1748 quam

1145 1750 1316 1790 {studiose
1354 1751 1394 1781 ad
1431 1751 1509 1782 illud
1548 1752 1770 1792 quaerendum
1810 1762 1922 1783 omnes
1963 1751 2142 1782 stimulent.

1145 1824 1148 1851 Ι

1172 1793 1274 1834 Atqui
1315 1795 1477 1834 praesenti
1515 1796 1584 1826 eius
1621 1795 1776 1835 adspectu
1815 1794 1933 1835 privati
1970 1798 2048 1825 sunt
2086 1804 2143 1834 per

1172 1843 1318 1868 mortem.
1365 1836 1452 1876 Quid
1479 1839 1539 1869 hoc
1569 1837 1656 1869 aliud
1678 1838 1746 1876 fuit,
1777 1847 1873 1877 quam
1897 1846 2039 1868 mensam
2064 1841 2143 1868 ster—

1173 1890 1266 1919 nere,
1305 1884 1340 1910 ut
1373 1880 1451 1912 cibis
1485 1881 1640 1920 appositis
1677 1880 1730 1911 alii
1768 1885 1880 1920 postea
1911 1877 2142 1911 vescerentur?

1172 1921 1253 1953 Fide
1270 1922 1397 1963 quidem
1414 1922 1597 1955 delibarunt
1613 1934 1694 1963 quae
1710 1922 1800 1955 nobis
1816 1933 1874 1963 per
1885 1932 1996 1954 eorum
2013 1932 2142 1953 manum

1173 1965 1333 1997 Dominus
1356 1966 1491 1997 fruenda
1514 1967 1707 1997 transmisit:
1732 1966 1922 2006 quinetiam
1946 1966 1980 1996 in
2003 1964 2140 1996 solidum

1172 2010 1298 2039 animae
1320 2009 1427 2039 cibum
1445 2008 1568 2040 Christi
1592 2009 1723 2040 fuerunt
1747 2008 1929 2049 participes.
1966 2007 2031 2039 Sed
2054 2017 2141 2039 nunc

1173 2051 1211 2082 de
1235 2052 1279 2082 rei
1304 2051 1504 2082 exhibitione
1526 2053 1643 2092 agitur.
1689 2051 1817 2083 Scimus
1844 2058 1952 2082 autem
1977 2050 2027 2082 his
2051 2050 2140 2090 quasi

1173 2094 1291 2125 finibus
1320 2094 1483 2125 inclusum
1515 2095 1613 2126 fuisse
1640 2104 1760 2125 munus
1784 2094 2018 2134 propheticum,
2050 2098 2086 2124 ut
2108 2103 2141 2124 se

1172 2141 1205 2167 et
1228 2137 1307 2168 alios
1330 2137 1364 2167 in
1385 2147 1474 2176 spem
1491 2138 1622 2169 venturi
1638 2137 1760 2169 Christi
1785 2136 1919 2168 alerent.
1959 2136 2047 2177 Ergo
2067 2146 2140 2167 eum

1172 2190 1236 2210 non
1254 2180 1316 2210 nisi
1333 2179 1565 2216 absconditum,
1586 2186 1618 2211 et
1633 2180 1725 2219 quasi
1742 2179 1907 2211 absentem
1924 2179 2141 2219 possidebant.

1172 2222 1349 2253 Absentem
1380 2222 1466 2262 dico,
1496 2233 1562 2254 non
1594 2223 1714 2254 virtute
1743 2227 1800 2253 aut
1829 2222 1950 2263 gratia:
1981 2221 2037 2253 sed
2068 2222 2142 2261 quia

1173 2264 1317 2296 nondum
1340 2266 1373 2296 in
1396 2275 1495 2296 carne
1517 2266 1742 2297 manifestatus
1765 2268 1844 2296 erat.
1879 2264 1991 2304 Quare
2013 2268 2046 2295 et
2068 2274 2141 2305 reg—

1173 2319 1251 2339 num
1282 2308 1350 2339 eius
1382 2308 1442 2340 sub
1471 2308 1648 2340 involucris
1678 2308 1786 2339 adhuc
1817 2307 1946 2339 latebat.
1992 2306 2142 2346 Denique

1172 2351 1205 2382 in
1241 2357 1359 2382 terram
1394 2350 1605 2391 descendens,
1643 2349 1878 2391 quodammodo
1911 2349 2016 2381 coelos
2049 2349 2141 2381 nobis

1172 2394 1308 2434 aperuit,
1339 2398 1376 2424 ut
1406 2394 1591 2434 spirituales
1622 2393 1760 2430 divitias,
1790 2403 1871 2433 quae
1900 2403 1966 2424 non
1996 2392 2059 2423 nisi
2082 2391 2141 2423 sub

1172 2437 1284 2476 figuris
1315 2436 1425 2475 procul
1455 2436 1722 2474 ostendebantur,
1753 2445 1853 2476 prope
1883 2444 2014 2467 cernere
2037 2435 2139 2466 liceat.

1173 2480 1263 2510 Haec
1293 2479 1393 2519 igitur
1422 2478 1545 2510 Christi
1579 2479 1774 2509 manifestati
1818 2478 1928 2509 fruitio
1966 2477 2140 2509 discrimen

1172 2523 1257 2553 inter
1286 2533 1343 2552 nos
1373 2526 1405 2552 et
1433 2521 1606 2561 prophetas
1634 2521 1783 2552 ostendit.
1834 2520 1930 2553 Unde
1959 2520 2140 2561 colligimus

1172 2565 1332 2605 quomodo
1371 2564 1461 2596 nobis
1499 2565 1605 2604 potius
1642 2574 1737 2604 quam
1775 2563 1835 2595 sibi
1872 2563 2139 2595 ministraverint.

1173 2609 1345 2639 Caeterum
1365 2617 1462 2647 quum
1481 2607 1638 2638 divinitus
1653 2607 1809 2638 admoniti
1826 2612 1933 2643 essent
1952 2606 2140 2647 prophetae,

1173 2651 1293 2682 differri
1322 2650 1355 2680 in
1385 2649 1471 2680 aliud
1503 2649 1663 2681 saeculum
1688 2660 1784 2689 quam
1815 2649 2044 2690 praedicabant
2066 2659 2139 2689 gra—
