2513 3126
292 215 354 245 283

1124 208 1263 240 Ei‘ls'lt
1291 209 1422 240 Pbrrm
1454 210 1461 239 l

294 311 398 342 locum
432 310 519 341 illum
551 308 708 338 adducere
732 305 869 336 voluerit
895 304 1020 343 Petrus,
1055 304 1123 334 sivc
1153 304 1260 334 tritam
1288 311 1290 322 ³

294 364 329 385 ac
361 351 594 392 proverbialem
626 348 818 380 sententiam
843 347 940 388 (quod
964 347 1042 378 milii
1068 346 1263 387 probabilius

297 396 358 436 est)
381 394 537 430 citaverit,
561 402 674 423 sensus
697 398 756 429 est,
781 389 982 421 formidabile
1005 389 1066 420 Dei
1092 390 1158 420 sore
1181 388 1263 419 iudi-

297 439 378 470 cium
403 437 558 467 advorsus
582 434 706 474 impios,
729 444 826 473 quum
847 438 913 464 tam
933 434 1062 472 spinosa
1077 438 1109 463 ot
1125 431 1264 463 difficilis

296 482 339 512 sit
361 480 470 510 electis
494 478 545 508 via
568 477 608 508 ad
631 477 779 508 salutem.
820 475 892 507 Hoc
914 480 1023 506 autem
1047 475 1118 506 ideo
1142 474 1262 505 dictum

294 530 352 559 est,
384 532 421 552 ne
451 530 561 551 securo
591 520 783 555 dolitiemur,
818 518 872 550 sed
903 520 935 549 in
960 517 1144 558 peragendo
1167 527 1262 548 cursu

293 571 402 595 nostro
426 564 528 594 simus
552 563 697 594 solliciti:
722 561 837 592 deinde
861 571 901 592 ne
924 560 1020 592 mollo
1037 569 1073 591 ac
1090 560 1262 592 delicatum

292 609 352 638 iter
383 612 590 646 appotamus,
625 605 716 636 cuius
748 605 820 635 fluis
850 605 912 635 erit
942 603 1138 635 horrendum
1170 613 1262 642 prae-

291 650 446 690 cipitium.
482 649 584 680 Porro
601 658 699 688 quum
720 647 795 679 dicit
819 647 968 678 iustum
995 646 1057 677 vix
1081 645 1262 683 servari,

291 692 351 724 hoc
387 692 426 724 ad
457 692 635 732 praesentis
666 691 752 721 vitae
784 689 990 721 difficultates
1021 687 1132 720 referri
1157 688 1262 720 debet.

290 735 374 766 Nam
405 745 518 766 cursus
551 740 661 765 noster
689 734 721 764 in
745 732 875 769 mundo,
906 739 1059 772 tanquam
1084 731 1262 771 periculosa

291 778 457 819 navigatio
482 782 530 808 ost
554 778 637 807 inter
661 777 782 807 multos
805 775 963 815 scopulos,
990 774 1167 814 multisque
1192 784 1262 814 pro-

291 821 379 852 cellis
412 831 448 852 ac
483 820 728 860 tempestatibus
763 819 889 850 infesta.
942 817 1046 849 Nemo
1081 817 1189 857 itaque
1222 816 1261 847 ad

290 868 420 904 portum
441 862 597 903 pervenit,
615 862 676 893 nisi
693 861 746 901 qui
763 861 913 902 effugerit
931 870 971 892 ex
989 860 1076 891 millo
1093 860 1261 891 mortibus.

290 906 420 937 Interea
450 908 574 937 certum
603 910 650 936 est
680 915 739 936 nos
769 905 837 944 regi
862 903 925 935 Dei
954 913 1069 939 manu,
1105 913 1163 933 nec
1193 912 1262 933 esse

291 950 381 980 nobis
412 947 591 988 periculum
615 958 635 979 a
658 947 835 987 naufragio,
871 946 1024 987 quamdiu
1048 945 1140 976 illum
1166 945 1262 976 habe·

290 1002 361 1022 mus
392 991 654 1032 gubernatorem.
699 990 809 1029 Quare
838 989 968 1020 absurdi
998 989 1131 1020 fuerunt
1161 989 1260 1018 inter-

291 1039 407 1074 pretes,
441 1034 496 1074 qui
531 1037 688 1074 putarunt
721 1043 777 1064 nos
808 1041 906 1073 aegre
936 1042 972 1063 ac
1001 1031 1173 1062 difficulter
1196 1041 1262 1061 ser-

292 1077 416 1108 vandos
446 1087 524 1113 esse,
560 1076 614 1107 ubi
648 1076 687 1107 ad
712 1075 774 1107 Dei
805 1075 959 1107 iudicium
990 1077 1124 1104 ventum
1157 1073 1262 1104 fuerit.

291 1119 451 1151 Praesens
467 1120 553 1151 enim
570 1124 706 1158 tempus,
724 1129 787 1150 non
804 1118 947 1149 futurum
965 1117 1083 1148 Petrus
1100 1117 1264 1156 designat:

292 1172 350 1193 nec
369 1162 433 1194 Dei
456 1163 596 1202 rigorem
621 1161 792 1201 praedicat,
816 1160 871 1192 sed
895 1161 986 1191 docet
1009 1161 1087 1198 quot
1110 1164 1142 1189 et
1166 1169 1263 1198 quam

292 1205 392 1237 ardua
416 1204 605 1237 discrimina
627 1204 810 1245 superanda
833 1204 898 1234 sint
927 1203 1050 1233 homini
1077 1201 1263 1240 christiano,

291 1249 479 1288 priusquam
515 1247 553 1278 ad
588 1252 709 1278 metam
745 1246 918 1286 pertingat.
973 1245 1177 1276 Peccator
1212 1245 1264 1276 hic

292 1301 350 1330 pro
367 1291 524 1322 scelerato
540 1292 681 1329 capitur:
701 1288 970 1328 quemadmodum
987 1288 1090 1318 iustos
1107 1287 1263 1327 nominat,

291 1344 355 1364 non
385 1334 439 1373 qui
470 1334 599 1373 penitus
629 1332 766 1364 absoluti
796 1332 863 1362 sint
893 1331 924 1361 in
955 1331 1088 1366 iustitia,
1123 1330 1180 1361 sed
1209 1331 1263 1370 qui

291 1383 378 1408 recte
401 1376 511 1407 vivere
533 1376 674 1406 student.

379 1419 428 1450 19.
447 1419 558 1458 Itaque
572 1419 626 1458 qui
635 1418 814 1457 patiuntur.
839 1415 1020 1453 Concludit,
1038 1425 1137 1456 aequo
1154 1416 1262 1447 animo

291 1461 441 1493 ferendas
470 1471 540 1493 esse
571 1461 845 1501 persequutiones,
880 1460 955 1499 quia
986 1459 1019 1489 in
1051 1459 1115 1490 illis
1139 1459 1264 1490 facilior

290 1504 394 1535 multo
425 1508 474 1536 est
507 1505 628 1544 piorum
652 1503 793 1535 conditio
825 1512 920 1543 quam
944 1502 1135 1540 infidelium,
1164 1512 1262 1542 quum

290 1549 454 1587 prosperis
476 1547 572 1578 rebus
596 1546 635 1578 ad
660 1553 770 1577 votum
795 1547 956 1576 fruuntur.
992 1544 1131 1576 Reducit
1153 1550 1263 1576 tamen

290 1591 321 1620 in
357 1590 557 1626 memoriam,
593 1589 674 1620 nihil
709 1589 773 1620 nisi
802 1588 865 1620 Dei
898 1588 1057 1628 permissu
1087 1597 1145 1619 nos
1179 1588 1263 1628 pati:

290 1632 376 1672 quod
400 1633 539 1664 multum
564 1632 603 1663 ad
626 1632 878 1663 consolationem
902 1631 997 1662 valet.
1040 1630 1151 1669 Quum
1176 1631 1263 1668 dicit,

290 1676 450 1706 animas
483 1686 580 1706 suas
612 1675 681 1706 Deo
715 1674 1014 1710 commendent,
1050 1673 1185 1713 perinde
1213 1678 1264 1705 est

289 1729 327 1749 ao
350 1719 375 1749 si
407 1719 554 1756 dixisset,
588 1729 622 1749 se
652 1718 741 1759 ipsos
771 1728 807 1749 ao
830 1718 930 1749 vitam
961 1726 1052 1748 suam
1076 1716 1206 1748 tradant
1229 1717 1263 1748 in

289 1760 387 1792 fidem
409 1760 482 1793 Dei.
529 1761 632 1792 Porro
663 1771 737 1792 eum
763 1765 858 1792 vocat
892 1759 1020 1791 fidum
1055 1769 1263 1799 possesso-

289 1814 388 1843 rem,
422 1805 498 1843 quia
530 1803 669 1835 fideliter
702 1810 813 1835 servat
846 1813 883 1834 ac
906 1807 1015 1834 tuetur
1046 1802 1199 1842 quidquid
1229 1802 1263 1833 in

291 1846 426 1878 tutelam
447 1856 537 1877 suam
555 1847 604 1878 vel
622 1846 801 1877 dominium
818 1846 948 1886 recepit.
980 1845 1047 1877 Alii
1063 1845 1262 1877 conditorem

291 1895 438 1921 vertunt:
480 1896 511 1921 et
547 1889 676 1930 κτίστης
714 1895 876 1928 utrunque
914 1888 1050 1920 Graecis
1090 1888 1262 1929 significat.

293 1930 357 1963 Sed
392 1932 481 1972 prior
514 1943 627 1964 sensus
661 1932 743 1963 mihi
777 1932 880 1971 magis
918 1932 1036 1971 placet:
1077 1932 1151 1971 quia
1185 1931 1262 1962 dum

293 1975 394 2005 vitam
419 1983 563 2006 nostram
587 1975 703 2015 deponi
726 1974 814 2006 iubet
830 1974 915 2014 apud
931 1974 1046 2014 Deum,
1069 1974 1176 2014 ipsum
1193 1974 1262 2005 eius

293 2017 456 2048 custodem
495 2018 580 2049 facit.
640 2017 753 2055 Addit,
790 2017 831 2048 in
875 2017 1185 2055 benefaciendo,
1222 2027 1262 2048 ne

293 2058 403 2090 fideles
426 2059 533 2091 illatas
556 2060 616 2092 sibi
633 2060 769 2091 iniurias
789 2059 949 2097 retalient,
972 2060 1026 2091 sed
1045 2060 1152 2099 potius
1169 2059 1262 2091 bene-

293 2101 437 2133 faciendo
466 2108 591 2133 certent
619 2113 692 2134 cum
722 2103 877 2143 improbis
900 2113 918 2133 a
941 2103 1057 2143 quibus
1080 2102 1261 2134 laeduntur.

652 2231 833 2270 CAPUT
858 2232 904 2269 V.

382 2315 409 2345 l.
432 2314 631 2355 Presbyteros
652 2315 705 2354 qui
727 2315 808 2346 inter
830 2325 882 2347 vos
903 2319 983 2357 sunt,
1011 2317 1113 2349 hortor
1136 2327 1188 2358 eqo
1210 2318 1264 2358 qui

293 2357 388 2389 simul
419 2368 489 2388 sum
505 2357 673 2398 presbyter,
707 2360 734 2388 et
761 2359 845 2389 testis
868 2360 1054 2397 passionum
1079 2360 1204 2398 Christi,
1238 2362 1265 2391 et

292 2401 409 2441 ytoriae
433 2411 515 2440 quae
536 2400 729 2440 revelabitur,
750 2401 926 2441 particeps:
970 2403 999 2433 2.
1019 2404 1145 2444 pascite,
1168 2413 1264 2442 quan-

294 2446 359 2474 tum
387 2444 421 2474 in
450 2443 535 2475 vobis
564 2445 615 2483 est,
640 2453 761 2484 yreyem
791 2443 869 2476 Dei.-
902 2445 1076 2484 episcopatu
1107 2447 1266 2486 fuuyerttes

294 2496 354 2517 non
384 2488 487 2522 coacte,
516 2486 569 2518 sed
591 2486 778 2518 voluntarie:
810 2497 904 2526 neque
934 2490 1034 2528 turpis
1056 2489 1136 2520 lucri
1158 2499 1264 2529 causa,

294 2529 347 2559 sed
370 2529 553 2560 liberaliter:
597 2529 626 2560 3.
649 2539 702 2561 uec
730 2531 881 2569 tanquam
906 2530 1076 2562 dominium
1098 2534 1266 2563 ezei-centes

295 2571 447 2602 adversus
469 2572 572 2610 cleros,
595 2572 649 2604 sed
670 2575 704 2603 ut
725 2572 796 2604 sitis
818 2573 1010 2612 exemplaria
1025 2575 1137 2615 yreyis.
1171 2574 1201 2605 4.
1222 2574 1266 2606 Et

295 2623 389 2653 quum
414 2615 598 2654 apparuerit
620 2615 768 2654 princeps
785 2617 957 2655 pastorum,
989 2617 1184 2656 reportabitis
1205 2618 1264 2649 im-

295 2657 536 2688 marcessibilem
556 2658 675 2698 gloriae
696 2667 848 2690 eoronam.

1289 2445 1293 2550 Ι

2223 213 2285 244 284

1404 305 1488 335 Dum
1525 309 1669 343 pastores
1703 303 1743 334 ad
1777 305 1918 336 officium
1951 305 2072 336 hortari
2104 306 2188 344 vult,
2223 307 2285 338 tria

1317 348 1517 386 potissimum
1537 347 1614 378 vitia
1634 351 1724 378 notat
1740 357 1822 386 quae
1841 348 2014 387 plurimum
2031 347 2141 379 obesse
2163 348 2283 380 solent:

1316 390 1478 430 pigritiam
1514 390 1650 427 scilicet,
1688 388 1769 421 lucri
1803 389 1955 430 captandi
1989 390 2215 431 cupiditatem,
2252 397 2284 422 et

1316 432 1475 464 licentiam
1507 432 1704 463 dominandi.
1753 432 1862 463 Primo
1895 433 1974 464 vitio
2007 433 2142 474 opponit
2171 434 2283 465 alacri-

1317 479 1413 506 tatem
1438 480 1493 506 aut
1518 476 1734 506 voluntarium
1759 476 1916 516 studium,
1946 476 2087 507 secundo
2119 476 2283 508 liberalem

1316 517 1477 558 affectum,
1514 519 1607 549 tertio
1638 517 1890 549 moderationem
1922 528 1958 549 ac
1988 518 2189 556 modestiam,
2222 530 2284 559 qua

1316 570 1350 590 se
1379 560 1464 600 ipsos
1495 561 1526 592 iu
1557 560 1702 591 ordinem
1731 566 1858 601 cogant.
1912 561 1998 593 Dicit
2027 571 2104 602 ergo
2139 567 2284 602 pastores

1317 612 1381 633 non
1412 602 1527 635 debere
1557 604 1710 635 sollicitos
1733 614 1802 635 esse
1826 603 1864 635 de
1887 614 1985 644 grege
2008 603 2151 643 Domini,
2182 615 2284 645 quan-

1316 651 1383 676 tum
1408 647 1582 678 necessitas
1613 646 1695 687 cogit
1724 646 1894 677 duntaxat.
1939 646 2023 678 Nam
2047 647 2101 686 qui
2126 657 2190 678 nou
2213 647 2284 687 plus

1316 692 1478 728 praestare
1507 689 1640 720 student
1662 700 1757 729 quam
1782 699 1911 720 necesse
1941 694 1999 727 est,
2031 689 2230 721 defunctorie
2254 695 2285 721 et

1316 731 1517 771 negligenter
1545 733 1585 763 ad
1616 743 1695 772 opus
1718 743 1752 763 se
1775 732 1947 772 applicant.
1995 732 2075 763 Vult
2098 743 2175 773 ergo
2199 732 2284 773 quod

1316 781 1431 814 agunt,
1465 780 1578 813 sponte
1613 775 1696 814 ipsos
1731 785 1841 814 agere,
1878 779 1914 806 ut
1947 775 2058 806 sedulo
2092 774 2132 806 ad
2167 785 2285 807 munus

1316 827 1410 848 suum
1446 816 1562 848 intenti
1596 818 1671 849 sint.
1724 818 1768 849 Ut
1802 818 1971 849 avaritiam
2004 818 2160 859 corrigat,
2194 818 2285 849 iubet

1316 860 1401 899 ipsos
1435 869 1593 900 propenso
1627 861 1746 892 aflectu
1780 860 1884 892 facere
1917 860 2068 892 officium.
2126 860 2282 900 Quisquis

1316 902 1403 932 enim
1433 901 1519 933 hunc
1550 904 1646 934 finem
1678 914 1742 934 non
1773 903 1921 935 habuerit
1953 904 2163 943 propositum,
2193 909 2230 934 ut
2252 914 2286 935 se

1317 950 1348 975 et
1378 954 1508 984 operam
1537 955 1627 976 suam
1659 947 1800 987 ingenue
1829 951 1860 977 et
1890 946 2030 978 libenter
2050 946 2201 978 ecclesiae
2224 946 2285 977 im-

1317 987 1445 1026 pendat,
1477 998 1540 1019 non
1563 988 1686 1020 Christi
1717 989 1865 1020 minister
1895 989 1965 1027 erit,
1997 988 2052 1020 sed
2076 989 2201 1021 ventris
2229 993 2287 1020 aut

1316 1040 1489 1061 crumenae
1512 1031 1718 1071 mancipium.
1752 1032 1898 1063 Tertium
1923 1031 2047 1069 vitium,
2074 1032 2160 1072 quod
2183 1036 2285 1069 taxat,

1317 1078 1365 1104 est
1396 1072 1582 1104 dominandi
1613 1074 1721 1106 libido.
1767 1074 1833 1106 Sed
1864 1075 2030 1115 quaeritur
2060 1074 2154 1115 quale
2184 1075 2286 1106 domi-

1317 1116 1457 1147 nationis
1487 1126 1589 1157 genus
1618 1116 1788 1157 intelligat.
1836 1118 1959 1149 Verum
1982 1117 2043 1149 hoc
2066 1117 2148 1149 mihi
2171 1128 2211 1148 ex
2234 1127 2286 1157 op-

1317 1159 1423 1199 posito
1447 1159 1591 1191 membro
1614 1169 1706 1199 posse
1728 1160 1834 1201 colligi
1855 1160 1992 1198 videtur,
2017 1160 2071 1192 ubi
2094 1161 2183 1192 iubet
2201 1160 2287 1200 ipsos

1317 1212 1387 1234 esse
1418 1202 1553 1233 formam
1584 1202 1691 1243 gregis
1719 1202 1770 1234 vel
1800 1203 1976 1244 exemplar.
2028 1202 2168 1235 Perinde
2198 1202 2286 1234 enim

1317 1250 1366 1276 est
1396 1255 1433 1277 ac
1463 1245 1491 1276 si
1521 1244 1649 1282 diceret,
1680 1255 1733 1276 eos
1763 1256 1910 1285 praeesse
1940 1246 1975 1277 in
2006 1245 2092 1277 hunc
2115 1247 2224 1284 finem,
2253 1250 2288 1276 ut

1317 1288 1491 1319 sanctitate
1521 1288 1700 1319 emineant:
1731 1288 1816 1328 quod
1840 1288 1910 1320 fieri
1933 1299 1997 1320 non
2022 1293 2135 1329 potest,
2168 1289 2230 1320 nisi
2254 1298 2288 1320 se

1317 1341 1353 1363 ac
1377 1340 1468 1362 suam
1487 1331 1585 1362 vitam
1610 1331 1755 1362 modeste
1774 1331 1945 1363 subiiciant
1960 1331 2127 1363 communi
2143 1331 2286 1372 regulae.

1317 1373 1404 1405 Huic
1437 1373 1551 1405 virtuti
1589 1374 1763 1414 opponitur
1800 1374 1972 1414 tyrannica
2005 1374 2170 1414 superbia,
2210 1374 2287 1405 dum

1318 1421 1434 1457 pastor,
1454 1427 1487 1448 se
1504 1416 1609 1456 ipsum
1625 1417 1713 1448 omni
1730 1416 1929 1449 subiectione
1947 1418 2103 1455 eximens,
2119 1416 2288 1449 ecclesiam

1317 1460 1474 1491 servitute
1505 1459 1667 1499 opprimit.
1713 1459 1786 1491 Hoc
1817 1459 2106 1500 pseudoprophetis
2136 1458 2288 1491 Ezechiel

1316 1502 1381 1544 (34,
1404 1502 1438 1543 4)
1461 1503 1641 1542 exprobrat,
1671 1502 1756 1543 quod
1779 1508 1906 1534 austere
1930 1503 2137 1534 dominentur
2159 1506 2192 1533 et
2214 1511 2288 1533 cum

1317 1546 1461 1587 imperio.
1507 1545 1658 1577 Christus
1685 1546 1781 1576 etiam
1806 1545 1990 1576 Pharisaeis
2012 1544 2145 1586 (Matth.
2169 1544 2221 1585 23,
2243 1544 2289 1585 4),

1317 1589 1400 1629 quod
1431 1598 1529 1619 onera
1558 1588 1773 1629 importabilia
1805 1588 1915 1628 populi
1942 1587 2088 1619 humeris
2110 1588 2290 1628 imponant,

1317 1641 1400 1672 quae
1423 1642 1464 1662 ne
1488 1631 1589 1672 digito
1613 1631 1740 1671 quidem
1765 1631 1878 1663 volunt
1901 1631 2073 1671 attingere.
2111 1631 2200 1672 Ergo
2223 1639 2288 1661 non

1316 1674 1412 1706 aliter
1435 1674 1553 1715 corrigi
1577 1678 1683 1714 potest
1705 1674 1897 1714 imperiosus
1919 1673 1973 1705 ille
1992 1673 2081 1714 rigor
2099 1683 2193 1714 quem
2209 1672 2287 1704 mali

1316 1722 1462 1758 pastores
1493 1717 1526 1748 in
1557 1717 1725 1748 ecclesiam
1748 1721 1911 1755 exercent,
1943 1717 2005 1748 nisi
2029 1727 2128 1757 quum
2152 1716 2215 1748 huc
2238 1726 2288 1747 re-

1317 1761 1489 1801 stringitur
1511 1770 1623 1791 eorum
1646 1760 1813 1797 autoritas,
1837 1764 1873 1791 ut
1892 1760 2035 1800 praesint
2050 1759 2185 1791 honesto
2201 1759 2288 1791 vitae

1315 1803 1475 1844 exemplo.

1404 1847 1431 1878 1.
1456 1845 1662 1886 Presbyteros.

1317 1894 1349 1920 et
1371 1889 1552 1929 quicunque
1576 1888 1616 1920 ad
1640 1888 1792 1920 ecclesiae
1823 1889 1969 1929 regimen
1992 1888 2162 1920 constituti
2185 1891 2286 1919 erant.

1316 1932 1483 1964 Vocarunt
1518 1936 1625 1963 autem
1660 1931 1866 1972 presbyteros
1895 1931 1949 1963 vel
1977 1932 2121 1963 seniores
2154 1929 2287 1962 honoris

1314 1985 1425 2013 causa,
1461 1985 1525 2006 non
1559 1974 1643 2015 quod
1673 1979 1777 2006 aetate
1806 1984 1920 2006 omnes
1950 1979 2057 2006 essent
2086 1983 2195 2006 senes:
2230 1972 2287 2004 sed

1315 2019 1392 2058 quia
1425 2029 1465 2050 ex
1500 2017 1629 2049 senibus
1659 2017 1829 2058 praecipue
1859 2017 2072 2058 eligebantur.
2127 2016 2287 2048 Senectus

1316 2061 1402 2092 enim
1437 2067 1471 2092 ut
1504 2060 1678 2101 plurimum
1710 2064 1742 2091 et
1772 2059 1964 2101 prudentiae
1994 2064 2027 2091 et
2055 2059 2225 2101 gravitatis
2255 2063 2287 2089 et

1316 2103 1535 2144 experientiae
1567 2103 1639 2143 plus
1671 2102 1778 2134 habet.
1824 2103 1997 2135 Caeterum
2024 2103 2099 2143 quia
2122 2101 2286 2134 interdum

1316 2146 1366 2187 (ut
1399 2157 1514 2187 graeco
1548 2145 1718 2186 proverbio
1753 2146 1868 2185 fertur)
1899 2156 1963 2176 non
1992 2150 2042 2177 est
2071 2144 2207 2177 canities
2237 2153 2286 2175 sa-

1317 2190 1447 2229 pientia,
1471 2195 1504 2220 et
1526 2189 1731 2229 reperiuntur
1754 2188 1888 2220 iuvenes
1911 2188 2014 2229 magis
2038 2187 2154 2224 idonei,
2182 2186 2286 2227 qualis

1316 2232 1376 2263 fuit
1392 2232 1596 2263 Timotheus:
1621 2232 1680 2263 hos
1696 2241 1822 2271 quoque
1840 2231 1945 2262 vocari
1964 2231 2177 2271 presbyteros,
2201 2234 2287 2269 post—

1317 2285 1414 2315 quam
1445 2278 1521 2306 sunt
1549 2275 1583 2305 in
1606 2275 1754 2305 ordinem
1778 2274 1923 2314 cooptati,
1956 2284 2014 2305 usu
2038 2277 2203 2313 receptum
2227 2277 2284 2303 est.

1317 2318 1429 2356 Quum
1447 2318 1563 2349 Petrus
1586 2328 1619 2349 se
1643 2316 1936 2358 presbyterum
1959 2316 2107 2347 similiter
2130 2316 2286 2353 nominat,

1317 2360 1394 2392 hinc
1425 2365 1560 2401 apparet
1590 2370 1759 2392 commune
1788 2360 1885 2390 fuisse
1915 2369 2047 2390 nomen:
2081 2358 2165 2399 quod
2188 2359 2286 2389 etiam

1317 2414 1357 2434 ex
1381 2404 1599 2443 compluribus
1622 2403 1701 2434 locis
1724 2403 1842 2434 clarius
1865 2405 1962 2442 patet.
1996 2402 2097 2433 Porro
2115 2401 2176 2433 hoc
2192 2400 2286 2432 titulo

1318 2447 1523 2478 autoritatem
1548 2445 1607 2478 sibi
1630 2445 1795 2477 conciliat:
1827 2455 1862 2476 ac
1886 2445 1911 2475 si
1936 2444 2056 2476 diceret
2079 2455 2113 2476 se
2135 2445 2204 2475 iure
2227 2453 2286 2475 suo

1708 1845 1779 1877 Hoc
1803 1845 1934 1877 nomine
1960 1850 2105 1886 pastores
2129 1844 2288 1886 designat,

1318 2500 1450 2520 monere
1472 2491 1626 2529 pastores,
1649 2489 1725 2528 quia
1747 2498 1830 2519 unus
1851 2488 1891 2517 sit
1911 2497 1952 2518 ex
1971 2487 2065 2527 ipsis:
2090 2487 2184 2519 debet
2200 2487 2287 2518 enim

1318 2537 1431 2563 mutua
1461 2532 1540 2563 haec
1572 2531 1704 2562 libertas
1731 2531 1815 2561 inter
1844 2529 1984 2570 collegas
2011 2541 2089 2562 esse.
2136 2530 2231 2569 Quod
2259 2529 2287 2560 si

1317 2575 1368 2606 ius
1405 2575 1563 2615 primatus
1601 2573 1780 2613 habuisset,
1820 2578 1944 2612 poterat
1981 2573 2060 2604 illud
2095 2573 2284 2604 obtendere:

1317 2617 1413 2658 idque
1437 2617 1477 2649 ad
1500 2621 1704 2657 praesentem
1727 2626 1857 2648 causam
1881 2617 1987 2655 aptius
2004 2617 2126 2647 fuisset.
2162 2615 2285 2647 Verum

1317 2661 1465 2700 quamvis
1488 2659 1650 2700 apostolus
1673 2665 1768 2697 esset,
1798 2658 1919 2690 sciebat
1942 2664 2051 2691 tamen
2076 2659 2208 2690 minime
2231 2658 2285 2689 de-
