2513 3126
381 801 408 832 1.
433 799 535 831 Iudas
552 800 628 831 Iesu
645 799 764 832 Christi
781 810 898 838 ser-vus,
919 800 1021 840 frater
1038 802 1140 832 autem
1156 799 1270 838 Iacobi,

293 844 419 880 vocatis,
442 843 496 882 qui
520 843 554 873 in
572 842 642 875 Deo
661 845 752 883 patre
775 843 958 883 sarectificati
981 845 1063 882 sunt,
1090 846 1117 874 et
1138 843 1171 874 in
1195 842 1270 874 Iesu

294 886 416 918 Christo
445 885 599 926 custoditi,
641 886 671 917 2.
705 886 923 919 misericordia
955 886 1049 926 vobis,
1083 888 1109 917 et
1131 895 1210 925 pasc,
1243 887 1271 916 et

293 929 412 961 dilectio
433 931 596 969 auyeatur.
1021 942 1024 945 ·

381 1014 410 1046 1.
442 1013 545 1046 Iudas
568 1013 643 1045 Iesu
666 1012 795 1054 Christi,
822 1016 874 1047 etc.
918 1014 1043 1047 Christi
1072 1023 1205 1046 servum
1235 1022 1270 1044 se

295 1061 399 1095 vocat,
421 1067 485 1088 non
508 1056 649 1096 qualiter
671 1057 853 1097 promiscue
876 1068 993 1089 nomen
1017 1057 1078 1089 hoc
1101 1058 1133 1088 in
1156 1066 1270 1087 omnes

295 1100 365 1140 pios
383 1100 548 1140 competit,
571 1100 627 1131 sed
646 1100 845 1140 apostolatus
861 1100 911 1132 sui
928 1105 1086 1141 respectu.
1124 1099 1270 1131 Peculia-

293 1143 374 1174 riter
397 1143 484 1174 enim
508 1146 684 1174 censentur
700 1143 826 1175 Christi
848 1145 946 1183 servi,
970 1142 1086 1184 quibus
1105 1142 1270 1183 publicum

294 1185 425 1226 aliquod
458 1196 579 1218 munus
612 1185 766 1218 iniunxit.
816 1186 946 1218 Scimus
976 1191 1083 1217 autem
1116 1195 1269 1226 quorsum

295 1228 358 1261 hoc
390 1228 484 1260 titulo
514 1239 548 1260 se
577 1238 694 1261 ornare
723 1229 858 1270 apostoli
887 1229 1024 1260 soleant.
1069 1228 1126 1260 Ius
1154 1239 1191 1260 ac
1213 1238 1270 1268 po-

295 1276 446 1304 testatem
478 1271 615 1303 docendi
642 1277 764 1304 temere
791 1272 852 1304 sibi
882 1276 1012 1313 arrogat
1042 1271 1190 1312 quisquis
1212 1281 1270 1303 vo-

295 1318 387 1347 catus
416 1324 481 1346 non
512 1320 574 1346 est:
605 1324 682 1355 ergo
708 1315 860 1355 apostolis
889 1315 1113 1346 testimonium
1140 1319 1191 1346 est
1212 1323 1270 1346 sua

296 1357 436 1396 vocatio,
473 1357 559 1397 quod
597 1368 662 1389 non
701 1358 827 1398 privato
865 1368 899 1390 se
940 1358 1074 1389 arbitrio
1108 1358 1269 1398 ingerant.

297 1399 504 1440 Quamquam
539 1400 600 1432 hoc
633 1400 739 1432 solum
773 1411 831 1441 per
861 1412 895 1432 se
925 1411 992 1432 non
1022 1400 1201 1440 sufficeret,
1235 1400 1270 1431 in

297 1443 403 1474 officio
432 1453 502 1474 esse
525 1444 729 1482 constitutos,
759 1444 822 1475 nisi
845 1443 984 1475 fideliter
1006 1444 1039 1475 in
1062 1453 1100 1475 eo
1122 1454 1155 1475 se
1179 1452 1269 1483 gere-

298 1490 381 1517 rent.
427 1486 472 1517 Et
501 1491 587 1517 certe
617 1492 792 1526 utrumque
822 1487 1050 1527 complectitur
1072 1487 1126 1526 qui
1149 1495 1184 1518 se
1207 1485 1270 1516 Dei

296 1538 428 1559 servum
463 1538 533 1559 esse
567 1528 744 1569 praedicat:
779 1539 897 1569 nempe
932 1535 963 1560 et
994 1529 1053 1561 sibi
1086 1528 1270 1566 functionis,

296 1581 393 1611 quam
417 1576 555 1608 exercet,
584 1576 728 1603 autorem
752 1582 821 1604 esse
844 1571 963 1611 Deum,
992 1576 1025 1603 et
1047 1572 1129 1604 bona
1151 1571 1215 1603 fide
1236 1581 1270 1603 se

296 1614 428 1654 exsequi
452 1614 537 1654 quod
564 1614 755 1646 mandatum
780 1620 838 1647 est.
873 1615 959 1654 Quia
983 1625 1059 1646 vero
1083 1615 1169 1646 hunc
1193 1615 1269 1645 titu-

297 1656 365 1688 lum
397 1656 541 1697 plerique
570 1658 784 1698 mentiuntur,
814 1668 851 1690 ac
881 1668 916 1689 se
941 1657 1022 1689 falso
1044 1658 1168 1689 iactant
1190 1668 1269 1694 esse,

297 1710 316 1730 a
347 1709 409 1739 quo
432 1699 621 1740 longissime
644 1701 771 1739 absunt,
801 1711 930 1741 semper
952 1700 1129 1733 videndum
1153 1711 1195 1732 an
1218 1710 1270 1731 res

296 1742 367 1782 ipsa
389 1743 583 1782 professioni
605 1743 808 1784 respondeat.

383 1784 498 1817 Frater
520 1785 638 1818 Iacobi.
676 1786 804 1818 Nomen
828 1786 999 1826 adscripsit
1022 1786 1106 1826 quod
1129 1785 1270 1818 ecclesiis

297 1828 401 1869 magis
424 1828 550 1860 celebre
573 1838 609 1860 ac
633 1835 747 1861 notum
770 1834 850 1861 erat.
892 1829 966 1861 Etsi
989 1830 1076 1861 enim
1099 1839 1118 1860 a
1140 1829 1270 1860 nemine

297 1871 483 1902 mortalium
529 1871 646 1912 pendet
691 1872 854 1904 doctrinae
898 1872 978 1904 fides
1022 1876 1055 1903 et
1095 1872 1268 1903 autoritas:

297 1924 454 1954 magnum
477 1919 587 1946 tamen
611 1914 672 1946 hoc
687 1914 765 1946 fidei
781 1915 964 1946 subsidium
980 1919 1040 1953 est,
1062 1925 1161 1955 quum
1178 1914 1270 1946 nobis

299 1961 462 1996 comperta
492 1962 541 1988 est
564 1957 704 1989 hominis
732 1958 902 1998 integritas
925 1958 978 1998 qui
1002 1957 1140 1990 doctoris
1162 1962 1270 1998 partes

299 2000 441 2039 suscipit.
497 1999 591 2031 Adde
625 2000 708 2040 quod
742 2001 852 2032 Iacobi
887 2001 1044 2032 autoritas
1077 2009 1145 2031 non
1177 2000 1269 2040 quasi

299 2042 419 2081 privati
441 2042 619 2083 cuiuspiam
643 2043 785 2075 hominis
808 2043 861 2074 hic
883 2043 1083 2075 obtenditur:
1112 2042 1168 2074 sed
1192 2043 1270 2082 quia

298 2083 385 2124 apud
419 2095 532 2116 omnes
565 2086 714 2117 ecclesias
747 2097 834 2118 unus
863 2097 903 2118 ex
934 2086 1115 2126 praecipuis
1146 2085 1269 2117 Christi

299 2126 454 2166 apostolis
477 2127 664 2160 habebatur.
703 2129 784 2160 Erat
808 2134 915 2160 autem
940 2129 992 2161 hic
1007 2129 1148 2169 Alphaei
1167 2128 1268 2160 filius:

299 2169 571 2208 quemadmodum
602 2171 677 2201 alibi
700 2171 778 2202 dixi.
822 2172 891 2203 Imo
914 2172 1002 2204 locus
1026 2172 1078 2203 hic
1100 2171 1181 2203 mihi
1205 2171 1269 2203 suf-

299 2211 445 2252 fragatur
474 2218 586 2244 contra
608 2213 787 2245 Eusebium
811 2220 844 2245 et
866 2214 945 2246 alios
969 2215 1022 2255 qui
1046 2215 1183 2245 tradunt
1206 2214 1270 2245 dis-

299 2254 442 2294 cipulum
472 2256 676 2296 nescioquem
699 2255 830 2287 Obliam
853 2259 1053 2298 cognomine,
1083 2257 1177 2288 illum
1200 2267 1270 2288 esse

299 2298 391 2330 cuius
417 2298 567 2329 meminit
596 2298 706 2330 Lucas
736 2300 809 2330 Act.
834 2300 882 2337 15,
908 2300 958 2340 13,
992 2303 1025 2331 et
1055 2300 1106 2340 21,
1131 2299 1181 2338 18,
1214 2300 1270 2339 qui

299 2350 376 2380 prae
409 2340 565 2380 apostolis
597 2342 632 2372 in
665 2341 722 2372 illa
755 2341 888 2373 ecclesia
918 2343 1115 2374 excelluerit.
1168 2342 1269 2382 Atqui

300 2393 365 2414 non
397 2383 531 2414 dubium
562 2389 610 2415 est
639 2384 717 2424 quin
741 2383 840 2416 Iudas
862 2385 996 2416 fratrem
1020 2396 1116 2417 suum
1140 2386 1193 2417 hic
1215 2395 1269 2416 no-

299 2426 411 2464 minet,
440 2426 514 2466 quia
543 2426 628 2458 inter
658 2426 820 2467 apostolos
850 2428 936 2459 fama
965 2428 1135 2460 eminebat.
1180 2428 1269 2468 Ergo

300 2479 375 2500 eum
404 2469 503 2500 fuisse
533 2468 698 2509 probabile
730 2473 779 2500 est
807 2470 858 2501 cui
881 2471 1089 2511 praecipuum
1113 2471 1269 2502 honorem

301 2521 319 2541 a
342 2511 473 2551 reliquis
496 2522 686 2543 concessum
710 2517 820 2543 narrat
843 2513 961 2544 Lucas.

391 2554 514 2586 Vocatis
535 2555 591 2594 qui
612 2555 645 2586 in
661 2554 737 2586 Deo.
776 2555 907 2587 Fideles
929 2566 1041 2587 omnes
1065 2556 1126 2588 hoc
1141 2556 1270 2587 nomine

301 2596 456 2637 designat,
491 2598 567 2637 quia
595 2597 757 2629 Dominus
794 2597 854 2629 sibi
888 2608 942 2629 eos
977 2599 1179 2639 segregavit:
1214 2598 1270 2630 sed

300 2639 376 2679 quia
399 2640 522 2671 vocatio
552 2640 634 2671 nihil
662 2646 712 2672 est
739 2651 835 2681 quam
866 2646 1016 2672 aeternae
1038 2641 1200 2673 electionis
1224 2642 1269 2672 ef-

300 2682 414 2721 fectus,
436 2682 599 2715 interdum
622 2693 680 2724 pro
704 2694 741 2715 ea
763 2684 898 2724 capitur.
936 2683 974 2715 In
990 2684 1134 2716 hocloco
1153 2694 1268 2724 parum
1296 2718 1297 2724 ἵ

1323 798 1424 830 refert
1453 800 1576 832 utrovis
1605 798 1699 830 modo
1729 809 1882 840 exponas.
1934 800 2085 832 Gratiam
2117 800 2203 831 enim
2231 799 2296 834 Dei

1324 841 1433 882 procul
1463 841 1560 874 dubio
1584 842 1798 881 commendat,
1829 853 1892 883 qua
1915 844 1976 875 sibi
1999 853 2054 875 eos
2077 843 2111 874 in
2135 842 2296 882 peculium

1323 888 1472 925 cooptare
1495 885 1648 926 dignatus
1671 891 1729 916 est.
1770 885 1819 917 Ac
1843 886 1991 918 homines
2015 896 2081 918 non
2104 887 2294 926 praevenire

1322 926 1428 958 Deum
1460 927 1633 968 significat,
1663 937 1767 968 neque
1796 938 1940 968 unquam
1971 929 2011 960 ad
2035 939 2109 960 eum
2132 928 2295 967 accedere,

1323 970 1422 1002 donec
1450 980 1505 1002 eos
1535 971 1681 1002 traxerit.
1730 969 1869 1002 Eosdem
1899 971 1977 1003 dicit
2006 971 2296 1004 sanctifica-

1322 1016 1390 1045 tos
1420 1013 1464 1044 in
1493 1014 1585 1045 Deo
1615 1017 1766 1053 patre,
1795 1012 1880 1054 quod
1910 1014 2087 1045 transferre
2115 1014 2198 1055 licet,
2229 1014 2295 1047 Per

1322 1055 1429 1087 Deum
1462 1060 1596 1096 patrem.
1641 1055 1752 1096 Ipsam
1775 1060 1885 1087 tamen
1910 1056 2065 1096 loquendi
2087 1056 2224 1088 formam
2246 1068 2295 1090 re-

1322 1098 1414 1138 tinui,
1444 1103 1481 1130 ut
1510 1099 1648 1131 liberum
1671 1101 1757 1130 esset
1779 1098 1933 1131 iudicium
1956 1099 2139 1131 lectoribus.
2183 1099 2297 1133 Potest

1322 1141 1407 1173 enim
1438 1145 1471 1173 et
1498 1141 1550 1174 hic
1580 1152 1649 1173 esse
1672 1152 1795 1180 sensus,
1826 1141 1922 1181 Quod
1945 1142 1979 1173 in
2002 1152 2037 1174 se
2059 1141 2137 1183 ipsis
2161 1142 2295 1182 profani,

1322 1184 1356 1215 in
1387 1184 1458 1216 Deo
1493 1185 1698 1216 sanctitatem
1733 1184 1883 1216 habeant.
1934 1185 2037 1217 Porro
2071 1184 2296 1218 sanctificandi

1323 1227 1438 1259 modus
1461 1232 1519 1266 est,
1541 1238 1641 1270 quum
1664 1227 1781 1267 spiritu
1803 1238 1862 1259 suo
1885 1238 1943 1260 nos
1962 1232 2142 1269 regenerat.
2180 1227 2297 1261 Altera

1322 1270 1428 1310 lectio,
1453 1280 1551 1311 quam
1581 1275 1738 1310 sequutus
1761 1275 1811 1302 est
1833 1270 1978 1311 vulgaris
1999 1271 2171 1311 interpreti,
2200 1271 2297 1311 paulo

1323 1313 1442 1352 durior,
1470 1312 1686 1356 ἠγαπημένοις
1713 1312 1774 1345 hoc
1800 1318 1848 1345 est
1877 1313 2010 1353 dilectis,
2040 1314 2075 1345 in
2098 1313 2170 1345 Deo
2193 1317 2295 1354 patre.

1322 1356 1437 1395 Itaque
1466 1363 1650 1397 corruptam
1681 1366 1752 1388 esse
1781 1356 1914 1388 iudicio:
1943 1361 1976 1388 et
2005 1361 2092 1389 certe
2120 1356 2155 1387 in
2185 1358 2296 1396 paucis

1323 1398 1484 1431 codicibus
1502 1400 1674 1439 reperitur.
1710 1399 1812 1431 Addit
1831 1404 2000 1440 praeterea
2021 1410 2039 1432 c
2051 1410 2073 1431 u
2086 1410 2101 1431 s
2114 1404 2127 1430 t
2139 1409 2158 1430 o
2171 1398 2191 1430 d
2203 1399 2214 1430 i
2226 1404 2269 1431 to
2281 1411 2297 1432 s

1324 1452 1426 1474 esse
1455 1442 1499 1473 in
1530 1442 1556 1474 C
1570 1442 1592 1474 h
1606 1443 1735 1474 risto.
1781 1442 1924 1474 Satanae
1950 1443 2038 1474 enim
2061 1451 2191 1482 semper
2213 1452 2296 1474 esse-

1323 1495 1396 1516 mus
1419 1485 1453 1515 in
1477 1489 1611 1516 mortem
1635 1485 1786 1526 expositi,
1809 1485 1953 1525 adeoque
1968 1485 2107 1526 singulis
2123 1486 2296 1517 momentis

1324 1538 1383 1559 nos
1406 1528 1528 1560 centies
1551 1528 1644 1568 quasi
1668 1528 1798 1559 obviam
1823 1528 1974 1568 praedam
1991 1532 2129 1568 raperet,
2152 1527 2216 1559 nisi
2231 1529 2296 1560 tuti

1324 1581 1467 1602 essemus
1490 1571 1614 1603 Christi
1641 1571 1820 1612 praesidio:
1849 1581 1943 1611 quem
1974 1571 2047 1602 ideo
2074 1575 2168 1611 pater
2190 1573 2295 1602 custo-

1325 1613 1397 1644 dem
1426 1613 1518 1645 nobis
1548 1613 1646 1652 dedit,
1676 1618 1711 1645 ut
1742 1613 1824 1645 nihil
1854 1624 1976 1651 eorum,
2008 1624 2089 1654 quae
2119 1613 2240 1653 recepit
2259 1614 2296 1645 in

1323 1656 1420 1687 fidem
1451 1667 1487 1688 ac
1516 1656 1651 1688 tutelam
1674 1667 1776 1694 suam,
1807 1662 1926 1697 pereat.
1971 1656 2107 1696 Triplex
2130 1666 2207 1697 ergo
2230 1656 2296 1688 Dei

1324 1698 1516 1731 beneficium
1549 1699 1584 1730 in
1617 1699 1766 1731 omnibus
1799 1700 1862 1739 piis
1896 1699 1948 1731 hic
1981 1699 2148 1740 praedicat
2177 1699 2295 1731 Iudas:

1322 1742 1407 1781 quod
1437 1752 1491 1773 eos
1520 1752 1580 1774 sua
1597 1743 1765 1775 vocatione
1788 1743 1898 1774 fecerit
1921 1742 2083 1782 evangelii
2106 1742 2293 1783 participes:

1323 1785 1407 1824 quod
1431 1785 1549 1825 spiritu
1571 1795 1629 1816 suo
1653 1785 1836 1825 regenuerit
1859 1795 1913 1817 eos
1936 1785 1970 1816 in
1989 1786 2077 1816 vitae
2101 1785 2293 1816 novitatem:

1323 1832 1354 1858 et
1385 1828 1470 1867 quod
1500 1838 1557 1868 per
1580 1828 1706 1860 Christi
1734 1838 1870 1859 manum
1897 1838 1950 1860 eos
1980 1827 2179 1867 custodierit,
2210 1838 2250 1860 ne
2276 1838 2296 1860 a

1322 1870 1425 1902 salute
1448 1871 1645 1902 exciderent.

1407 1913 1438 1945 2.
1469 1913 1690 1946 Misericordia
1719 1914 1812 1946 vobis.
1856 1913 1946 1945 Idem
1970 1914 2036 1945 fere
2060 1913 2147 1946 valet
2169 1913 2294 1946 miseri-

1323 1956 1449 1988 cordiae
1473 1967 1601 1994 nomen,
1626 1957 1712 1997 quod
1735 1957 1858 1997 gratiae
1881 1957 1916 1987 in
1940 1956 2192 1988 salutationibus
2215 1956 2296 1989 Pau-

1322 1998 1407 2030 linis.
1448 1998 1484 2031 Si
1507 2000 1577 2039 quis
1601 1999 1770 2031 discrimen
1793 1999 1944 2031 subtilius
1968 1999 2088 2031 habere
2111 1999 2199 2039 velit,
2221 2010 2294 2041 pro-

1323 2042 1390 2080 prie
1413 2042 1518 2083 gratia
1541 2042 1673 2074 effectus
1697 2048 1746 2074 est
1769 2042 2026 2074 misericordiae:
2051 2042 2125 2082 quia
2148 2052 2213 2073 non
2230 2043 2293 2075 alia

1322 2095 1418 2116 causa
1441 2084 1531 2116 Deus
1561 2095 1621 2116 nos
1651 2086 1684 2116 in
1707 2096 1849 2116 amorem
1873 2085 2105 2125 complectitur,
2135 2085 2197 2116 nisi
2220 2086 2295 2125 quia

1322 2128 1468 2159 miserias
1505 2133 1631 2160 nostras
1668 2128 1810 2169 respicit.
1866 2127 2084 2168 Dilectiw)
2128 2132 2195 2158 tam
2227 2127 2292 2160 Dei

1323 2181 1400 2210 erga
1430 2170 1588 2209 homines,
1620 2181 1717 2210 quam
1747 2170 1917 2202 hominum
1946 2171 2032 2201 inter
2062 2181 2097 2202 se
2119 2174 2222 2210 potest
2244 2170 2294 2202 in-

1324 2213 1435 2254 telligi.
1488 2213 1525 2245 Si
1559 2214 1599 2245 ad
1629 2213 1738 2245 Deum
1772 2214 1906 2254 referas,
1940 2224 2054 2245 sensus
2085 2214 2159 2253 erit,
2195 2217 2230 2244 ut
2260 2214 2295 2245 in

1324 2255 1388 2287 illis
1411 2259 1576 2296 augescat,
1606 2262 1638 2287 et
1662 2257 1765 2297 magis
1788 2257 1821 2288 in
1845 2257 1913 2288 dies
1936 2257 2101 2288 sanciatur
2123 2255 2158 2286 in
2181 2266 2293 2287 eorum

1323 2299 1471 2330 cordibus
1495 2299 1595 2331 divini
1619 2301 1738 2331 amoris
1761 2300 1888 2331 fiducia.
1925 2298 2012 2330 Illud
2029 2303 2138 2330 tamen
2154 2298 2294 2330 alterum

1324 2351 1388 2372 non
1412 2342 1496 2373 male
1519 2343 1617 2374 etiam
1641 2342 1788 2382 quadrat,
1816 2347 1851 2374 ut
1874 2343 1965 2374 Deus
1988 2340 2143 2373 accendat
2166 2347 2197 2372 et
2220 2351 2294 2373 con-

1323 2385 1429 2415 firmet
1450 2385 1485 2415 in
1508 2385 1588 2425 ipsis
1611 2386 1780 2417 caritatem
1803 2390 1959 2416 mutuam.

1408 2470 1436 2501 3.
1471 2470 1596 2510 Dilecta
1629 2480 1722 2510 quum
1756 2480 1841 2502 omne
1873 2470 2012 2501 studium
2046 2469 2220 2501 adhiberem
2253 2470 2294 2502 ad

1322 2513 1516 2544 scribendum
1544 2514 1628 2545 vobis
1656 2514 1693 2545 de
1721 2514 1874 2545 communi
1903 2513 2017 2552 salute,
2048 2522 2165 2544 necesse
2194 2512 2293 2544 habui

1322 2555 1452 2587 scrihere
1474 2556 1569 2595 vobis,
1593 2556 1634 2587 ad
1655 2566 1707 2587 vos
1729 2555 1894 2588 hortandos
1916 2559 1949 2587 ut
1972 2556 2114 2588 certando
2136 2555 2293 2587 adiuvetis

1323 2608 1399 2637 eam,
1427 2609 1504 2638 quae
1531 2599 1620 2631 semel
1647 2599 1763 2631 tradita
1792 2602 1835 2631 est
1855 2600 1981 2637 sanctis,
2010 2599 2112 2639 fidem.
2156 2598 2185 2630 4.
2218 2596 2295 2630 Sub-

1410 2694 1430 2726 ¹)
1448 2693 1551 2719 Caritas
