2912 4368
22 2252 131 2282 ’κεί-ν

23 2316 31 2323 .
65 2305 75 2325 ;
95 2305 130 2334 pm

0 2346 40 2367 ’.ιιι
56 2339 91 2368 ..L
109 2347 130 2369 ⁵1

414 906 471 936 461

416 1003 583 1042 exagitent
621 1003 681 1043 ipsi
714 1003 867 1034 conviciis
903 1002 1114 1034 christianam
1148 1002 1386 1041 professionem,

416 1045 495 1076 alios
520 1051 628 1076 tamen
655 1045 694 1076 ad
717 1044 961 1077 conviciandum
986 1048 1123 1074 armant.

501 1088 529 1119 3.
566 1087 667 1120 Fictis
700 1087 900 1119 sermonibus.
957 1086 1064 1117 Modis
1098 1087 1246 1117 omnibus
1279 1086 1387 1118 studet

416 1131 533 1162 Petrus
557 1131 700 1162 infensos
723 1130 856 1161 reddere
876 1128 986 1159 fideles
1007 1129 1116 1168 pravis
1133 1130 1325 1166 doctoribus,
1352 1135 1386 1160 ut

415 1184 468 1205 eos
506 1174 610 1204 acrius
648 1183 666 1204 a
703 1184 737 1205 se
774 1182 810 1203 ac
847 1172 1048 1203 constantius
1087 1172 1255 1212 repellant.
1315 1172 1386 1204 Hoc

414 1216 557 1247 maxime
587 1215 732 1247 odiosum
762 1218 810 1245 est
840 1224 898 1245 nos
930 1216 1084 1253 tanquam
1115 1215 1191 1246 vilia
1222 1215 1384 1255 mancipia

416 1268 534 1291 venum
566 1258 692 1298 exponi.
738 1256 808 1288 Hoc
839 1261 946 1288 autem
978 1257 1047 1288 fieri
1079 1262 1223 1294 testatur,
1258 1258 1283 1288 si
1315 1258 1385 1297 quis

414 1311 474 1333 nos
497 1311 515 1332 a
532 1301 656 1333 Christi
680 1299 870 1331 liberatione
891 1298 1050 1331 subducit.
1090 1300 1201 1332 Fictos
1219 1310 1383 1332 sermones

415 1348 518 1382 vocat,
553 1348 621 1375 arte
652 1342 844 1382 compositos
879 1342 918 1373 ad
954 1342 1142 1374 fallendum.
1201 1343 1288 1383 Ergo
1323 1343 1385 1374 nisi

415 1387 486 1427 quis
510 1386 555 1417 ita
577 1386 717 1416 insaniat
740 1390 775 1415 ut
798 1390 913 1425 sponte
936 1395 954 1416 a
978 1385 1066 1416 salsis
1084 1386 1266 1417 doctoribus
1283 1387 1384 1426 pretio

414 1429 518 1461 addici
542 1428 617 1460 velit
647 1428 774 1458 animae
804 1438 881 1459 suae
910 1427 1056 1466 salutem,
1086 1429 1247 1468 perversis
1270 1439 1383 1460 eorum

414 1471 575 1513 figmentis
607 1471 728 1501 aditum
758 1480 885 1501 omnem
918 1470 1112 1510 praecludat.
1167 1471 1290 1502 Eodem
1321 1481 1383 1512 quo

416 1515 506 1556 prius
544 1513 678 1545 consilio
716 1513 831 1544 iterum
868 1514 985 1553 repetit
1019 1525 1080 1545 non
1116 1524 1240 1545 cessare
1273 1524 1383 1545 eorum

414 1557 566 1593 exitium,
610 1561 646 1587 ut
680 1556 780 1587 bonos
815 1566 833 1586 a
865 1556 1015 1587 societate
1050 1567 1160 1587 eorum
1195 1556 1382 1588 absterreat.

414 1598 552 1639 Quando
582 1598 666 1629 enim
699 1598 880 1639 propinquo
911 1599 1009 1630 exitio
1040 1599 1147 1630 devoti
1179 1603 1264 1637 sunt,
1299 1600 1383 1639 quis-

413 1642 484 1682 quis
513 1651 547 1672 se
577 1641 640 1672 illis
671 1642 863 1679 commiscet,
896 1641 975 1672 nihil
1007 1645 1109 1682 potest
1142 1652 1237 1682 quam
1267 1643 1384 1674 misere

411 1694 525 1725 perire.

497 1770 526 1800 4.
558 1768 595 1800 Si
626 1770 707 1800 enim
731 1769 861 1809 anyelis,
891 1769 945 1808 qui
972 1773 1180 1810 peccaverant,
1208 1770 1298 1802 Deus
1324 1780 1384 1801 non

410 1812 557 1853 pepercit,
573 1812 627 1843 sed
641 1812 756 1843 catenis
771 1812 917 1852 caliyinis
932 1812 965 1842 in
980 1812 1150 1844 Tartarum
1160 1814 1385 1853 praecipitatos

414 1854 545 1887 tradidit
575 1856 742 1887 servandos
770 1855 804 1886 in
834 1854 1002 1886 iudicium:
1033 1856 1063 1886 5.
1093 1858 1119 1887 et
1141 1856 1248 1895 prisco
1271 1856 1384 1887 mundo

413 1907 472 1930 non
502 1898 646 1937 pepercit,
680 1897 734 1929 sed
767 1900 903 1929 octavum
937 1898 1077 1929 iustitiae
1102 1908 1287 1938 praeconem
1319 1899 1385 1931 Noe

412 1941 552 1980 servavit,
577 1940 695 1971 diluvio
717 1941 751 1971 in
773 1940 923 1972 mundum
946 1940 1115 1981 impiorum
1138 1942 1276 1973 inducto.-
1305 1942 1335 1973 6.
1359 1944 1385 1973 et

413 1984 548 2015 civitates
564 1982 766 2014 Sodomorum
785 1986 812 2014 et
830 1982 1022 2014 Gomorrhae
1044 1984 1077 2014 in
1095 1984 1225 2016 cinerem
1243 1985 1384 2017 redactas

414 2025 607 2058 subversione
637 2025 815 2065 damnavit,
848 2036 958 2065 easque
991 2027 1100 2058 statuit
1133 2027 1309 2066 exemplum
1341 2028 1384 2059 iis

412 2069 466 2109 qui
492 2068 587 2107 impie
610 2069 712 2100 acturi
738 2069 853 2108 forent.-
884 2068 911 2100 7.
942 2071 969 2099 et
996 2070 1113 2100 iustum
1137 2069 1223 2108 Loth,
1255 2071 1309 2109 qui
1332 2080 1383 2109 op-

405 2110 600 2152 primebatur
622 2121 642 2143 a
664 2111 798 2151 nefariis
814 2121 874 2151 per
897 2111 1097 2143 libidinosam
1118 2114 1383 2152 conversationem,

412 2154 534 2194 eripuit.
581 2154 610 2185 8.
643 2154 728 2186 Nam
754 2154 851 2186 oculis
873 2157 899 2186 et
921 2154 1053 2186 auribus
1076 2156 1177 2187 iustus
1199 2155 1260 2194 ille,
1289 2166 1384 2195 quum

411 2196 562 2228 habitaret
585 2198 665 2228 inter
687 2197 780 2236 ipsos,
808 2197 942 2237 quotidie
964 2198 1102 2229 animam
1125 2199 1242 2230 iustam
1264 2199 1384 2239 iniquis

409 2238 536 2272 illorum
557 2239 698 2279 operibus
720 2240 922 2272 excruciabat.

496 2324 526 2357 4.
558 2324 596 2357 Si
625 2325 714 2362 enim,
746 2327 796 2356 etc.
843 2324 995 2357 Diximus
1026 2330 1226 2367 quantopere
1256 2327 1384 2358 intersit

411 2367 473 2399 hoc
495 2368 643 2408 cogr·mni
680 2379 744 2399 non
763 2378 854 2407 posse
871 2369 996 2407 impios,
1019 2370 1071 2409 qui
1089 2370 1256 2401 ecclesiam
1275 2371 1383 2409 pravis

420 2409 549 2444 '³⁴¹0‘
702 2417 884 2449 ⁴mnerunt,
924 2410 984 2442 Dei
1020 2412 1193 2443 vindictam
1230 2412 1384 2452 effugere.

822 2454 922 2485 ‘xime
943 2454 1124 2494 insignibus
1149 2454 1249 2486 divini
1274 2455 1382 2487 iudicii

858 2507 888 2526 10
905 2497 1028 2537 angelis
1045 2498 1174 2537 quidem
1192 2498 1259 2529 suis
1275 2508 1385 2538 peper-

938 2550 947 2559 “
973 2540 1072 2571 semel
1097 2540 1313 2581 absumpserit
1337 2540 1382 2571 di·

977 2583 1021 2614 ias
1053 2583 1176 2615 vicinas
1207 2583 1302 2614 urbes
1334 2594 1382 2614 re-

990 2636 1010 2656 n
1028 2636 1085 2665 pro
1102 2626 1247 2657 confesso
1265 2626 1383 2657 Petrus

1000 2668 1102 2706 debet,
1134 2669 1239 2700 Deum
1264 2669 1384 2701 scilicet

988 2711 1043 2742 ide
1067 2712 1224 2752 sequitur,
1248 2723 1326 2752 quas
1342 2712 1381 2743 de

982 2764 1005 2784 n
1029 2755 1176 2794 sumpsit,
1202 2765 1287 2786 nunc
1309 2765 1383 2795 quo-

980 2808 1000 2827 1.
1058 2797 1169 2837 Neque
1203 2798 1288 2829 enim
1323 2798 1382 2829 sibi

980 2850 1066 2870 ionas
1090 2840 1215 2880 accipit,
1240 2846 1275 2871 ut
1298 2840 1381 2872 idem

989 2882 1130 2914 ndicavit
1157 2884 1190 2913 in
1214 2892 1296 2914 uno:
1327 2883 1382 2914 sed

990 2936 1096 2966 unque
1119 2926 1252 2957 inventa
1276 2927 1382 2958 fuerit.

989 2968 1067 2999 illud
1098 2968 1184 2999 inter
1214 2968 1320 3000 Deum
1352 2974 1383 3000 et

990 3012 1053 3042 {nes
1077 3012 1205 3051 quidem
1229 3012 1382 3052 inaequa-

993 3060 1176 3094 )erpetuum
1211 3054 1382 3086 iudicando

995 3097 1050 3128 stis
1066 3100 1196 3137 peccata
1212 3097 1382 3136 condonat,

997 3148 1047 3169 am
1078 3144 1110 3171 et
1140 3140 1235 3171 fidem
1266 3140 1381 3171 abolet.

995 3192 1044 3213 100
1075 3182 1144 3221 sibi,
1176 3192 1271 3223 quam
1304 3183 1381 3214 dum

1006 3223 1127 3255 blatum
1151 3225 1248 3256 fuerit
1272 3236 1381 3265 pecca-

1017 3270 1029 3297 t
1051 3266 1143 3298 illum
1168 3267 1290 3299 dissidii
1314 3279 1379 3299 ma-

1027 3313 1115 3347 111131,
1151 3316 1380 3350 argumentum

1302 904 1450 936 CAPUT

1042 3363 1083 3383 im
1102 3352 1195 3393 longe
1213 3360 1380 3393 praestan·
1406 3347 1409 3380 Ι

1483 905 1521 936 ll.
2343 909 2405 939 462

1441 1003 1536 1033 tiores
1565 1006 1681 1039 essent,
1710 1012 1771 1032 non
1804 1006 1910 1033 tamen
1940 1004 2010 1035 illos
2041 1014 2099 1035 sua
2122 1004 2263 1044 dignitas
2288 1005 2405 1043 eripuit

1440 1055 1456 1075 e
1486 1055 1584 1075 manu
1609 1044 1685 1075 Dei:
1718 1044 1820 1075 multo
1851 1046 1957 1076 minus
1987 1057 2062 1086 ergo
2095 1047 2234 1078 evadent
2261 1046 2406 1078 homines

1440 1088 1592 1118 mortales
1622 1087 1804 1127 quicunque
1832 1098 1942 1118 eorum
1967 1089 2162 1128 impietatem
2187 1090 2313 1129 sequuti
2339 1091 2404 1120 fue-

1440 1130 1514 1160 rint.
1561 1130 1730 1161 Caeterum
1759 1130 1833 1169 quia
1864 1130 1902 1161 de
1931 1130 2020 1170 lapsu
2052 1132 2241 1171 angelorum
2267 1132 2406 1163 breviter

1439 1171 1490 1204 hic
1512 1173 1660 1203 meminit
1683 1172 1815 1203 Petrus:
1846 1177 1973 1213 tempus
1999 1184 2072 1204 vero
2094 1180 2125 1204 et
2149 1174 2290 1212 modum⁷
2314 1174 2405 1205 alias-

1439 1225 1500 1254 que
1534 1215 1792 1246 circumstantias
1826 1226 1889 1246 non
1924 1220 2104 1247 enumerat:
2140 1218 2243 1248 sobrie
2279 1218 2310 1248 in
2347 1218 2406 1248 hac

1439 1262 1530 1297 parte
1560 1258 1777 1298 philosophari
1802 1259 1963 1289 convenit.
2010 1258 2095 1290 Sunt
2119 1261 2233 1290 curiosi
2259 1260 2406 1299 plerique

1438 1300 1585 1331 homines
1616 1301 1671 1340 qui
1696 1300 1820 1331 nullum
1845 1301 1884 1331 de
1909 1301 1958 1332 his
1982 1302 2076 1332 rebus
2101 1302 2282 1332 sciscitandi
2307 1304 2406 1333 finem

1438 1343 1575 1374 faciunt:
1608 1344 1695 1383 atqui
1723 1354 1820 1383 quum
1844 1343 1935 1374 Deus
1959 1354 2053 1383 parce
2078 1344 2237 1375 duntaxat
2260 1350 2291 1375 et
2314 1345 2406 1384 quasi

1437 1386 1540 1416 obiter
1571 1396 1625 1417 eas
1656 1386 1801 1426 attigerit
1832 1386 1865 1416 in
1896 1387 2064 1425 scriptura,
2096 1387 2155 1418 hoc
2178 1386 2247 1426 ipso
2270 1398 2326 1418 nos
2350 1388 2404 1418 ad-

1437 1428 1564 1459 monuit
1595 1433 1630 1459 ut
1662 1430 1786 1461 modica
1817 1428 1879 1459 ista
1903 1430 2016 1460 notitia
2039 1430 2140 1460 simus
2163 1431 2315 1461 contenti.
2361 1430 2404 1460 Et

1437 1480 1514 1502 sane
1543 1472 1595 1511 qui
1629 1471 1733 1511 magis
1762 1472 1857 1502 anxie
1887 1472 2063 1511 inquirunt,
2095 1482 2158 1503 non
2190 1472 2403 1503 aedificationi

1437 1513 1584 1551 student,
1620 1513 1675 1544 sed
1708 1515 1800 1545 vanis
1833 1515 2105 1554 speculationibus
2136 1515 2260 1546 animos
2291 1515 2405 1545 volunt

1438 1566 1577 1596 pascere.
1634 1556 1728 1595 Quod
1761 1557 1853 1588 nobis
1888 1557 1965 1588 utile
2000 1563 2084 1595 erat,
2124 1558 2212 1589 Deus
2246 1558 2406 1597 patefecit,

1438 1598 1580 1630 diabolos
1604 1599 1696 1630 initio
1719 1604 1843 1631 creatos
1866 1610 1935 1631 esse
1959 1606 1993 1630 ut
2018 1599 2088 1630 Deo
2113 1605 2279 1640 parerent:
2310 1601 2407 1631 fuisse

1438 1652 1514 1674 vero
1547 1642 1677 1681 propria
1707 1642 1802 1681 culpa
1832 1646 2005 1682 apostatas,
2035 1643 2109 1682 quia
2142 1643 2203 1674 Dei
2235 1643 2407 1682 imperium

1438 1694 1502 1715 non
1521 1684 1671 1716 tulerint:
1695 1684 1803 1725 itaque
1825 1686 2027 1725 pravitatem,
2051 1696 2130 1725 quae
2153 1686 2186 1716 in
2206 1686 2270 1716 illis
2287 1685 2407 1723 haeret,

1438 1727 1669 1759 accidentalem
1700 1738 1786 1764 esse,
1822 1738 1887 1758 non
1918 1738 1936 1758 a
1967 1733 2083 1759 natura
2112 1733 2148 1759 ut
2180 1728 2249 1759 Deo
2277 1728 2407 1760 attribui

1438 1774 1542 1810 queat.
1588 1770 1659 1802 Hoc
1688 1771 1767 1802 satis
1797 1775 1906 1811 aperte
1936 1772 2125 1811 pronuntiat
2152 1771 2277 1809 Petrus,
2308 1781 2407 1811 quum

1438 1813 1570 1853 angelos
1602 1813 1656 1853 qui
1679 1813 1879 1851 exciderunt,
1911 1814 1986 1845 facit
2010 1813 2193 1845 hominibus
2216 1815 2407 1854 superiores.

1438 1856 1592 1896 Apertius
1615 1856 1711 1886 etiam
1736 1855 1843 1892 Iudas,
1868 1867 1967 1896 quum
1987 1856 2098 1887 scribit
2117 1867 2168 1888 eos
2186 1867 2246 1887 non
2265 1857 2406 1888 tenuisse

1437 1908 1529 1929 suam
1569 1899 1743 1939 originem,
1782 1899 1832 1930 vel
1867 1910 1963 1930 suum
1999 1900 2222 1940 principatum.
2279 1899 2406 1938 Quibus

1437 1941 1516 1972 haec
1551 1942 1737 1972 testimonia
1771 1951 1837 1972 non
1870 1942 2086 1979 satisfaciunt,
2120 1944 2140 1973 ii
2176 1943 2235 1973 sibi
2266 1942 2407 1973 habeant

1437 1984 1637 2015 sorbonicam
1661 1984 1867 2025 theologiam,
1891 1995 1972 2025 quae
1996 1985 2041 2016 sic
2065 1985 2103 2016 ad
2128 1986 2310 2016 satietatem
2335 1985 2405 2016 illos

1438 2026 1476 2058 de
1501 2027 1624 2067 angelis
1648 2026 1783 2065 docebit,
1813 2032 1847 2058 ut
1870 2027 1966 2059 simul
1990 2038 2061 2059 cum
2086 2028 2220 2059 diabolis
2242 2038 2343 2068 usque
2367 2027 2406 2058 ad

1437 2070 1558 2100 inferos
1580 2070 1779 2109 praecipitet.

1525 2112 1649 2144 Catenis
1664 2112 1817 2153 caliginis.
1848 2112 1919 2143 Hac
1931 2113 2120 2153 metaphora
2133 2114 2302 2154 significat,
2321 2118 2405 2144 tene-

1438 2155 1503 2187 bris
1540 2156 1731 2187 constrictos
1768 2157 1871 2187 teneri
1908 2166 2007 2196 usque
2045 2156 2084 2187 ad
2123 2156 2208 2187 diem
2242 2156 2405 2187 ultimum.

1438 2198 1577 2238 Sumpta
1609 2204 1657 2229 est
1681 2203 1785 2229 autem
1811 2198 1889 2230 haec
1913 2198 2088 2230 similitudo
2112 2209 2130 2230 a
2153 2199 2317 2239 maleficis,
2350 2200 2405 2239 qui

1438 2246 1608 2281 postquam
1630 2241 1773 2272 damnati
1789 2245 1876 2281 sunt,
1900 2242 2037 2273 carceris
2053 2243 2220 2273 atrocitate
2237 2241 2405 2273 dimidium

1438 2293 1560 2324 poenae
1598 2284 1773 2324 sustinent,
1812 2283 1914 2315 donec
1951 2284 1990 2315 ad
2029 2284 2177 2316 ultimum
2215 2285 2405 2325 supplicium

1438 2326 1618 2357 trahantur.
1673 2326 1760 2358 Hinc
1791 2326 1942 2367 colligere
1972 2327 2057 2367 licet,
2088 2338 2150 2358 non
2182 2327 2277 2359 modo
2309 2338 2405 2367 quam

1438 2379 1572 2409 poenam
1595 2369 1776 2401 sustineant
1800 2370 1927 2409 reprobi
1951 2375 2022 2410 post
2046 2375 2190 2408 mortem,
2223 2370 2278 2402 sed
2302 2370 2405 2410 qualis

1437 2413 1533 2443 etiam
1557 2412 1598 2443 sit
1623 2412 1760 2443 filiorum
1786 2412 1848 2443 Dei
1872 2412 2022 2444 conditio.
2061 2412 2140 2443 Nam
2163 2414 2196 2443 in
2221 2423 2276 2453 spe
2299 2417 2406 2444 certae

1437 2455 1646 2487 beatitudinis
1680 2454 1801 2495 placide
1833 2456 2050 2495 acquiescunt,
2082 2457 2230 2495 quamvis
2260 2465 2297 2486 ea
2327 2466 2406 2487 non·

1438 2498 1514 2529 dum
1545 2497 1711 2529 fruantur:
1742 2498 1835 2529 sicuti
1867 2499 1991 2538 priores
2023 2498 2174 2530 horribile
2198 2510 2237 2530 011
2262 2497 2403 2530 vindicta

1436 2541 1496 2572 sibi
1520 2546 1632 2580 parata
1656 2545 1855 2571 tormentum
1878 2541 2049 2572 sustinent.

1523 2584 1551 2615 5.
1584 2583 1693 2615 Prisco
1722 2584 1846 2615 mundo.
1892 2584 1989 2615 Ratio
2020 2584 2116 2615 huius
2139 2584 2335 2624 loquutionis
2359 2586 2407 2615 est

1437 2626 1521 2666 quod
1540 2626 1630 2657 Deus
1654 2632 1725 2666 post
1747 2626 1949 2658 submersum
1975 2627 2153 2658 humanum
2178 2637 2289 2667 genua,
2312 2628 2404 2666 quasi

1437 2680 1556 2700 novum
1579 2669 1747 2709 deintegro
1770 2669 1930 2701 mundum
1954 2669 2140 2701 condiderit.
2179 2670 2239 2701 Est
2254 2669 2314 2701 hoc
2330 2679 2405 2709 quo-

1436 2722 1498 2752 que
1533 2718 1759 2753 argumentum
1795 2723 1813 2744 a
1847 2713 1960 2743 maiori
1994 2712 2032 2743 ad
2068 2712 2180 2743 minus.
2233 2712 2403 2751 Quomodo

1436 2756 1520 2785 enim
1546 2755 1673 2786 divinae
1697 2756 1762 2786 irae
1785 2755 1941 2786 diluvium
1966 2754 2139 2786 evaderent
2161 2755 2317 2795 scelerati,
2341 2764 2403 2795 quo

1436 2798 1534 2829 semel
1559 2798 1728 2838 absorptus
1751 2798 1810 2829 fuit
1835 2802 1919 2829 totus
1942 2797 2047 2829 orbis?
2095 2797 2178 2828 Nam
2202 2808 2302 2837 quum
2327 2797 2403 2829 dicit

1437 2846 1508 2872 octo
1544 2840 1643 2872 fuisse
1677 2846 1837 2879 servatos,
1873 2841 2031 2881 significat
2064 2840 2304 2871 multitudinem
2339 2851 2403 2871 non

1437 2883 1504 2914 fore
1533 2884 1635 2914 instar
1664 2883 1768 2924 clypei
1798 2894 1903 2915 coram
1936 2883 2015 2920 Deo,
2046 2887 2082 2913 ut
2109 2883 2209 2914 malos
2238 2888 2402 2923 protegat:

1436 2926 1491 2957 sed
1516 2930 1671 2966 quotquot
1692 2927 1906 2966 peccaverint,
1931 2935 2049 2966 poenas
2065 2925 2204 2963 daturos,
2227 2927 2293 2957 sive
2310 2926 2403 2965 pauci

1435 2969 1500 3000 sint
1524 2979 1668 3009 numero,
1691 2970 1758 3001 sive
1781 2969 1883 3001 multi.
1923 2968 2098 3007 Quaeritur
2113 2974 2220 2999 autem
2238 2979 2294 3000 cur
2310 2971 2403 3000 vocet

1436 3011 1522 3042 Noe
1563 3013 1787 3043 iustitiae
1828 3021 2112 3052 praeconem.
2170 3011 2310 3050 Quidam
2352 3012 2401 3041 in-

1436 3054 1586 3095 telligunt
1608 3065 1802 3094 praeconem
1822 3055 1964 3086 iustitiae
1981 3053 2052 3091 Dei,
2076 3054 2215 3094 qualiter
2231 3055 2401 3093 scriptura,

1436 3097 1497 3129 Dei
1527 3097 1683 3129 iustitiam
1714 3099 1746 3128 in
1778 3108 1814 3129 eo
1840 3096 2042 3129 commendat
2072 3097 2157 3136 quod
2181 3107 2255 3128 suos
2278 3099 2400 3134 tuetur,

1434 3143 1466 3171 et
1496 3150 1514 3171 a
1544 3145 1646 3171 morte
1674 3146 1800 3181 ereptos
1825 3140 1961 3171 restituit
1986 3140 2018 3170 in
2043 3140 2153 3171 vitam.
2201 3139 2270 3179 Ego
2293 3144 2401 3170 autem

1434 3183 1540 3223 potius
1569 3193 1761 3222 praeconem
1792 3184 1930 3213 iustitiae
1954 3182 2063 3213 vocari
2093 3183 2297 3222 interpretor,
2327 3181 2401 3221 quia

1434 3226 1595 3266 perditum
1626 3226 1783 3257 mundum
1815 3230 1947 3257 conatus
1978 3225 2019 3255 sit
2049 3224 2087 3255 ad
2120 3234 2233 3255 sanam
2257 3230 2399 3255 mentem

1433 3268 1602 3300 reducere:
1634 3279 1737 3309 neque
1768 3268 1797 3299 id
1828 3268 1974 3299 doctrina
1998 3272 2125 3298 tantum
2149 3272 2181 3298 et
2203 3268 2322 3299 sanctis
2345 3277 2399 3298 ex-

1432 3311 1678 3352 hortationibus,
1708 3311 1763 3343 sed
1795 3320 1894 3351 quum
1925 3320 1980 3350 per
2010 3310 2181 3341 continuos
2212 3314 2343 3341 centum
2368 3314 2398 3340 et

1434 3354 1548 3394 viginti
1584 3364 1684 3385 annos
1720 3355 1753 3384 in
1788 3353 1985 3386 exstruenda
2024 3362 2097 3384 arca
2131 3353 2227 3383 anxie
2260 3352 2396 3384 sudaret.
