2513 3126
656 772 837 812 CAPUT
860 772 891 811 Ι.

377 858 402 889 1.
422 856 546 889 Simeon
562 856 683 894 Petrus.
703 866 810 888 servus
825 859 852 888 et
867 856 1022 896 apostolas
1038 856 1113 888 Iesu
1130 855 1256 898 Christi,

289 902 332 933 iis
360 901 414 941 qui
443 910 537 940 aeque
560 900 734 940 pretiosam
762 899 917 931 nobiscum
939 900 1042 932 sortiti
1063 901 1135 931 sunt
1154 899 1256 939 fidem,

282 954 342 984 per
374 943 526 975 iustitiam
556 942 619 975 Dei
647 943 746 974 nostri
773 944 800 973 et
825 942 994 974 servatoris
1023 941 1099 974 Iesu
1131 941 1256 984 Christi,

289 987 318 1018 2.
346 986 451 1026 qratia
479 984 564 1017 vobis
593 987 620 1016 et
643 995 714 1024 pax
737 984 960 1024 multiplicetur
974 995 1036 1025 per
1058 985 1257 1026 cognitionem

289 1029 354 1061 Dei
375 1030 402 1060 et
421 1027 496 1059 Iesu
511 1027 643 1060 Domini
664 1028 772 1059 nostri.
810 1027 837 1058 3.
864 1027 1127 1067 Quemadmodum
1147 1027 1257 1060 divina

290 1072 358 1103 eius
381 1071 519 1110 potentia
548 1071 652 1102 omnia
677 1069 765 1102 nobis
793 1080 872 1110 quae
895 1072 1030 1111 spectant
1051 1070 1094 1102 ad
1115 1070 1211 1102 vitam
1231 1073 1257 1102 et

283 1115 432 1155 pietatem
457 1114 549 1152 dedit,
573 1123 633 1153 per
660 1113 857 1154 coynitionem
886 1114 953 1145 eius
982 1114 1036 1153 qui
1066 1113 1181 1145 vocavit
1202 1123 1257 1145 nos

284 1157 419 1197 propria
446 1156 548 1197 yloria
577 1158 602 1188 et
631 1156 759 1188 virtute:
793 1156 821 1187 4.
851 1156 963 1196 quibus
990 1158 1017 1187 et
1045 1156 1202 1187 maximae
1231 1158 1258 1188 et

286 1200 442 1240 pretiosae
459 1199 683 1238 promissiones
705 1198 793 1230 nobis
814 1199 943 1230 donatae
963 1201 1044 1238 sunt,
1067 1200 1100 1230 ut
1114 1209 1171 1238 per
1185 1198 1258 1231 haee

288 1242 407 1281 fieretis
435 1241 561 1273 divinae
588 1244 739 1273 consortes
767 1244 908 1281 naturae,
939 1241 992 1273 ubi
1020 1241 1165 1282 fugeritis
1193 1251 1256 1274 cor·

291 1285 462 1326 ruptionem
486 1295 565 1324 quae
587 1285 621 1315 in
645 1284 759 1315 mundo
781 1287 824 1316 est
846 1285 879 1315 in
902 1284 1152 1325 concupiscentia.

381 1371 408 1401 1.
443 1369 568 1402 Simeon
600 1368 721 1401 Petrus.

294 1413 436 1454 precatio
474 1413 614 1453 primum
651 1412 756 1443 locum
789 1411 928 1443 obtinet:
967 1411 1082 1444 deinde
1114 1413 1259 1452 sequitur

294 1456 472 1497 gratiarum
497 1455 579 1487 actio
598 1464 660 1494 qua
676 1454 814 1486 Iudaeos
833 1455 945 1486 incitat
961 1455 1001 1486 ad
1017 1455 1259 1496 gratitudinem,

294 1510 335 1530 ne
364 1498 596 1530 obliviscantur
627 1507 708 1537 quae
738 1502 770 1528 et
797 1503 920 1537 quanta
948 1497 1102 1530 beneficia
1132 1498 1194 1529 iam
1218 1508 1258 1528 ex

293 1552 392 1573 manu
411 1540 474 1572 Dei
497 1540 690 1581 acceperint.
730 1540 798 1572 Cur
820 1551 854 1572 se
877 1540 972 1572 Iesu
995 1540 1159 1572 Christi
1182 1551 1258 1572 ser-

294 1594 384 1615 vum
407 1588 447 1615 et
468 1583 702 1623 apostolum
729 1583 893 1621 inscribat,
917 1583 993 1615 alibi
1010 1583 1165 1615 diximus:
1185 1584 1260 1624 quia

293 1626 415 1659 scilicet
437 1636 531 1657 nemo
553 1626 587 1657 in
610 1625 744 1657 ecclesia
759 1626 950 1667 audiendus,
973 1627 1034 1659 nisi
1049 1630 1202 1666 tanquam
1219 1637 1260 1658 ex

296 1680 351 1701 ore
387 1668 509 1701 Christi
543 1668 699 1709 loquatur.
750 1669 853 1700 Porro
886 1669 973 1701 servi
1007 1679 1127 1701 nomen
1157 1670 1261 1710 magis

297 1711 448 1753 generale
482 1714 540 1748 est,
574 1712 648 1751 quia
681 1722 793 1744 omnes
823 1712 948 1744 Christi
977 1712 1143 1744 ministros
1175 1722 1260 1744 com-

295 1755 448 1796 plectitur
479 1754 532 1794 qui
562 1754 727 1794 publicum
758 1755 888 1795 aliquod
914 1766 1033 1787 munus
1063 1757 1097 1787 in
1131 1755 1263 1787 ecclesia

297 1797 468 1829 sustinent.
515 1796 554 1828 In
584 1797 763 1837 apostolatu
787 1798 881 1829 altior
903 1804 952 1830 est
975 1798 1105 1830 honoris
1127 1797 1262 1838 gradus:

298 1840 460 1881 significat
490 1850 566 1880 ergo
595 1850 629 1872 se
659 1850 722 1871 nou
752 1841 900 1880 quemvis
930 1851 999 1873 esse
1021 1851 1061 1872 ex
1084 1851 1182 1882 grege
1205 1840 1264 1871 mi-

299 1883 485 1920 nistrorum,
509 1882 566 1914 sed
589 1892 607 1913 a
624 1883 764 1914 Domino
785 1884 997 1915 constitutum
1019 1894 1088 1915 esse
1104 1884 1136 1915 in
1152 1883 1264 1915 ordine

300 1925 483 1966 apostolico,
506 1926 560 1965 qui
583 1925 668 1956 inter
691 1925 831 1965 reliquos
853 1927 1024 1958 eminebat.

386 1968 436 1999 Iis
464 1968 519 2008 qni
548 1978 642 2008 aeque
665 1969 847 2007 pretiosam.
892 1969 964 2000 Hoc
994 1969 1033 2000 ad
1060 1968 1264 2001 commenda·

301 2011 421 2042 tionem
451 2011 575 2051 gratiae
599 2010 692 2049 valet,
722 2021 785 2051 qua
806 2011 896 2042 Deus
919 2022 1031 2043 omnes
1053 2022 1126 2043 suos
1148 2010 1265 2043 electos

302 2054 483 2094 promiscue
504 2053 658 2094 dignatus
681 2060 759 2085 erat.
805 2054 917 2094 Neque
939 2054 1025 2085 enim
1050 2055 1110 2085 hoe
1133 2054 1265 2094 vulgare

303 2102 372 2127 erat
395 2094 525 2133 donum,
550 2096 635 2136 quod
658 2096 690 2127 in
715 2106 812 2128 unam
834 2103 866 2128 et
887 2097 1022 2128 eandem
1041 2097 1137 2128 fidem
1154 2107 1266 2128 omnes

303 2139 411 2171 vocati
433 2139 576 2170 fuerant:
601 2150 700 2179 quum
723 2139 803 2171 fides
825 2139 1032 2180 praecipuum
1055 2140 1098 2171 sit
1120 2138 1157 2171 ac
1178 2150 1264 2171 sum-

303 2192 394 2213 mum
417 2181 558 2213 hominis
581 2181 711 2213 bonum.
756 2182 859 2213 Porro
882 2193 1008 2223 aeque
1038 2183 1265 2222 pretiosam

304 2230 408 2260 vocat.
438 2235 502 2255 non
525 2224 609 2264 quod
632 2225 666 2255 in
689 2225 838 2256 omnibus
861 2226 903 2256 sit
925 2225 1084 2265 aequalis:
1114 2225 1169 2257 sed
1193 2226 1266 2265 quia

305 2266 444 2297 eundem
469 2276 578 2298 omnes
601 2267 769 2298 Christum
793 2278 867 2299 cum
890 2268 958 2299 eius
980 2268 1115 2306 iustitia,
1138 2271 1171 2298 et
1193 2278 1266 2299 ean-

306 2309 381 2340 dem
410 2308 547 2340 salutem
575 2309 637 2340 fide
667 2310 842 2350 possident.
887 2311 1029 2342 Tametsi
1055 2321 1131 2351 ergo
1160 2310 1268 2350 dispar

306 2356 356 2383 est
388 2351 464 2382 fidei
494 2362 661 2390 mensura,
694 2352 726 2383 id
757 2363 821 2384 non
849 2353 981 2393 impedit
1011 2354 1089 2394 quin
1118 2353 1268 2385 omnibus

305 2395 487 2426 communis
512 2394 556 2425 sit
577 2394 639 2426 Dei
661 2395 802 2435 cognitio
825 2402 856 2427 et
878 2397 1001 2428 fructus
1022 2397 1077 2436 qui
1098 2396 1173 2427 inde
1195 2405 1267 2436 pro-

307 2437 415 2468 venit:
448 2437 494 2468 ita
523 2436 617 2469 nobis
646 2448 718 2468 cum
748 2438 846 2469 Petro
877 2444 908 2469 et
935 2439 1088 2479 apostolis
1115 2448 1192 2470 vera
1221 2444 1270 2470 est

307 2479 382 2510 fidei
416 2480 559 2511 societas.
608 2479 727 2528 Addit,
760 2491 831 2520 per
864 2481 1076 2513 iustitiam
1110 2482 1200 2519 Dei,
1234 2486 1270 2512 ut

309 2521 414 2553 sciant
446 2532 480 2554 se
510 2532 575 2553 non
605 2523 736 2563 propria
762 2523 920 2555 industria
948 2528 1004 2555 aut
1028 2525 1145 2557 virtute
1175 2523 1269 2555 fidem

308 2574 378 2595 esse
400 2564 542 2613 adeptos,
565 2565 620 2596 sed
644 2565 764 2597 habere
787 2576 828 2598 ex
851 2577 937 2598 mero
961 2567 1023 2598 Dei
1046 2567 1140 2598 dono.
1184 2566 1271 2598 Sunt

309 2606 397 2637 enim
421 2617 472 2638 res
494 2608 580 2639 inter
603 2618 636 2639 se
658 2609 831 2648 oppositae,
853 2609 976 2641 iustitia
993 2610 1054 2642 Dei
1077 2609 1152 2650 (quo
1174 2619 1270 2641 sensu

310 2649 364 2681 hic
382 2650 518 2691 capitur)
539 2656 571 2682 et
591 2650 730 2682 hominis
745 2652 906 2684 meritum.
940 2652 1024 2684 Nam
1038 2652 1110 2684 ideo
1126 2652 1271 2685 effectrix

1284 1283 1285 1309 l
1310 1295 1382 1316 mus
1414 1284 1474 1315 Dei
1503 1284 1657 1325 gratiam,

772 1369 812 1400 In
847 1369 907 1401 hoc
941 1369 1093 1409 epistolae
1125 1369 1258 1401 exordio
1285 1375 1286 1378 ’

1310 772 1383 804 fidei
1406 781 1500 803 causa
1525 773 1657 803 vocatur
1680 771 1804 803 iustitia
1821 771 1895 812 Dei,
1918 772 2002 820 quod
2027 782 2121 805 nemo
2143 773 2182 804 ad
2205 783 2277 805 eam

1309 815 1369 846 sibi
1397 813 1623 846 conferendam
1651 817 1701 845 est
1723 814 1868 847 idoneus.
1914 814 1965 846 Ita
1987 815 2112 847 iustitia
2135 815 2277 857 intelligi

1310 857 1414 896 debet,
1444 867 1508 888 non
1538 866 1619 896 quae
1651 856 1776 888 inclusa
1798 858 1830 888 in
1855 856 1925 889 Deo
1948 862 2086 893 maneat,
2117 858 2172 890 sed
2196 868 2278 899 quae

1309 900 1340 931 in
1366 900 1512 931 homines
1535 910 1569 930 se
1592 898 1759 930 diffundit.
1782 899 1876 931 sicuti
1899 900 1996 932 Rom.
2018 900 2048 938 3,
2072 900 2124 942 22,
2148 900 2276 932 Praete-

1309 953 1364 974 rea
1388 943 1470 973 hanc
1492 942 1649 974 iustitiam
1668 943 1883 974 communiter
1898 942 1969 974 Deo
1988 948 2019 974 et
2035 924 2167 976 Christo
2183 945 2274 975 attri-

1310 986 1386 1025 buit,
1415 985 1491 1025 quia
1519 995 1560 1016 ex
1583 984 1654 1016 Deo
1676 990 1804 1016 manat:
1835 995 1892 1025 per
1915 984 2081 1017 Christum
2104 991 2212 1018 autem
2234 986 2274 1018 ad

1309 1038 1367 1059 nos
1391 1038 1491 1068 usque
1515 1027 1635 1059 defluit.

1393 1070 1422 1102 2.
1449 1069 1564 1102 Gratia
1585 1070 1671 1101 vobis
1693 1073 1720 1102 et
1738 1080 1816 1109 pax.
1862 1070 1997 1102 Gratiae
2020 1070 2150 1102 nomine
2173 1076 2275 1111 pater-

1310 1124 1387 1145 num
1424 1123 1501 1154 erga
1538 1123 1596 1144 nos
1629 1112 1693 1144 Dei
1730 1113 1875 1144 favorem
1912 1113 2018 1145 notari
2055 1119 2178 1145 certum
2216 1118 2275 1146 est.

1311 1156 1416 1188 Semel
1449 1155 1578 1196 quidem
1607 1155 1804 1187 reconciliati
1833 1166 1945 1188 sumus
1973 1155 2043 1188 Deo
2074 1166 2130 1196 per
2151 1155 2276 1188 Christi

1310 1204 1456 1237 mortem,
1483 1203 1516 1229 et
1543 1198 1606 1230 fide
1636 1198 1669 1229 in
1700 1198 1796 1230 huius
1827 1199 1909 1230 tanti
1939 1199 2013 1230 boni
2042 1199 2276 1239 possessionem

1310 1243 1475 1273 venimus:
1507 1241 1563 1273 sed
1591 1241 1665 1281 quia
1695 1251 1752 1281 pro
1774 1240 1847 1272 fidei
1872 1246 1999 1273 nostrae
2022 1241 2116 1273 modo
2139 1242 2275 1282 percipi-

1700 1283 1816 1315 dicitur
1853 1285 1964 1324 augeri
2003 1285 2108 1325 quoad
2144 1294 2275 1316 sensum

1311 1332 1465 1365 nostrum,
1490 1326 1567 1357 dum
1592 1326 1683 1357 nobis
1706 1326 1896 1358 familiarius
1915 1327 2096 1359 innotescit.
2134 1326 2276 1358 Additur

1311 1381 1403 1410 pax,
1433 1370 1509 1409 quia
1537 1370 1632 1401 sicuti
1661 1369 1722 1400 hoc
1753 1373 1883 1400 nostrae
1913 1369 2121 1401 beatitudinis
2146 1370 2275 1400 initium

1311 1419 1359 1444 est
1381 1417 1416 1443 ut
1438 1422 1497 1443 nos
1520 1412 1611 1443 Deus
1633 1411 1666 1442 in
1690 1412 1827 1452 gratiam
1850 1412 1997 1452 recipiat:
2021 1412 2068 1443 ita
2089 1422 2150 1452 quo
2173 1412 2276 1453 magis

1312 1465 1404 1487 suum
1441 1456 1472 1486 in
1507 1454 1656 1486 cordibus
1690 1455 1808 1486 nostris
1842 1464 1983 1486 amorem
2017 1455 2200 1493 confirmat,
2237 1464 2275 1486 eo

1311 1498 1502 1538 locupletius
1537 1507 1596 1529 sua
1633 1507 1691 1528 nos
1727 1497 1946 1529 benedictione
1983 1498 2203 1538 prosequitur,
2240 1502 2277 1529 ut

1311 1541 1402 1573 nobis
1424 1541 1504 1572 bene
1527 1541 1568 1572 sit
1590 1541 1625 1571 in
1648 1540 1798 1572 omnibus
1821 1551 1857 1572 ac
1880 1551 2040 1581 prospere.

1396 1583 1458 1615 Per
1480 1583 1673 1624 agnitionem.
1719 1583 1771 1615 Ad
1795 1583 1928 1615 verbum
1951 1588 2009 1622 est,
2033 1583 2073 1614 In
2096 1582 2275 1623 agnitione:

1313 1626 1367 1658 sed
1401 1626 1558 1666 particula
1590 1626 1638 1666 ἐν,
1681 1625 1770 1658 valet
1802 1626 1866 1657 Per
1900 1626 1952 1658 vel
1986 1626 2079 1658 Cum.
2134 1625 2277 1656 Tametsi

1314 1676 1448 1718 uterque
1464 1679 1577 1701 sensus
1593 1669 1760 1701 contextui
1775 1668 1936 1709 quadrare
1952 1671 2070 1709 potest·
2094 1678 2152 1709 ego
2169 1673 2278 1700 tamen

1314 1713 1451 1760 priorem
1488 1712 1643 1743 libentius
1680 1711 1864 1760 amplector.
1924 1712 2007 1743 Nam
2045 1722 2107 1752 quo
2144 1711 2278 1751 quisque

1315 1755 1416 1796 magis
1439 1755 1473 1785 in
1492 1755 1553 1786 Dei
1576 1755 1761 1803 cognitione
1784 1755 1917 1795 proficit,
1939 1755 1973 1785 in
1997 1765 2033 1786 eo
2057 1754 2189 1795 perinde
2212 1763 2279 1784 una

1316 1809 1387 1830 cum
1421 1797 1523 1829 divini
1551 1798 1670 1829 amoris
1698 1808 1794 1829 sensu
1824 1798 1968 1838 augescit
1996 1807 2092 1828 omne
2122 1796 2278 1828 bonorum

1316 1851 1424 1882 genus.
1470 1841 1557 1881 Ergo
1580 1840 1723 1881 quisquis
1747 1839 1788 1872 ad
1810 1840 1938 1880 plenam
1963 1841 2073 1872 beatae
2092 1841 2180 1872 vitae
2203 1839 2279 1871 frui-

1317 1885 1435 1915 tionem
1464 1883 1617 1926 adspirat,
1647 1883 1732 1914 hanc
1760 1893 1842 1924 quae
1870 1883 2099 1923 praescribitur
2127 1892 2146 1913 a
2180 1882 2278 1913 Petro

1317 1927 1400 1958 viam
1425 1931 1535 1957 tenere
1557 1926 1748 1957 meminerit.
1793 1925 1857 1957 Dei
1879 1930 1913 1956 et
1934 1925 2059 1958 Christi
2082 1924 2279 1974 agnitionem

1318 1969 1413 2000 simul
1429 1969 1606 2000 connectit.
1627 1969 1702 2008 quia
1718 1970 1780 2000 rite
1796 1979 1860 2000 non
1876 1971 1990 2009 potest,
2009 1968 2072 1999 nisi
2088 1968 2122 1999 in
2139 1967 2280 2003 Christo,

1318 2013 1405 2044 Deus
1434 2012 1598 2052 cognosci:
1631 2011 1725 2043 iuxta
1754 2011 1853 2042 illud:
1892 2011 1995 2042 Nemo
2026 2016 2150 2051 patrem
2180 2010 2280 2048 novit,

1318 2055 1378 2086 nisi
1412 2055 1512 2085 filius:
1548 2059 1580 2085 et
1612 2054 1662 2085 cui
1693 2054 1830 2087 voluerit
1860 2054 1945 2085 filius
1974 2053 2120 2085 revelare
2146 2052 2279 2094 (Matth.

1359 2097 1718 2180 3.)·Qnemadmodum
1739 2139 1859 2171 divina.
1896 2139 2092 2170 Immensum
2109 2137 2170 2169 Dei
2191 2137 2280 2169 boni-

1319 2188 1426 2221 tatem,
1456 2193 1553 2223 quam
1582 2183 1706 2222 experti
1734 2183 1798 2213 iam
1819 2188 1921 2219 erant,
1943 2185 2185 2213 commemorat.
2215 2189 2281 2221 quo

1320 2226 1392 2265 plus
1421 2227 1456 2258 in
1487 2230 1650 2266 posterum
1679 2224 1817 2255 fiduciae
1850 2225 2041 2264 concipiant.
2093 2224 2164 2255 Hoc
2194 2223 2282 2255 enim

1319 2268 1389 2300 Deo
1418 2274 1608 2309 perpetuum
1639 2272 1696 2304 est,
1729 2273 1764 2298 ut
1795 2267 2023 2299 beneficentiae
2053 2277 2130 2298 suae
2152 2275 2283 2297 cursum

1320 2311 1359 2342 ad
1389 2312 1486 2342 finem
1518 2321 1620 2351 usque
1642 2315 1869 2350 prosequatur:
1904 2310 1966 2341 nisi
1988 2309 2066 2340 dum
2087 2309 2148 2349 ipsi
2171 2313 2283 2340 nostra

1321 2354 1510 2385 infidelitate
1539 2363 1613 2385 eum
1641 2353 1869 2392 abrumpimus.
1915 2352 1998 2383 Nam
2021 2355 2053 2383 et
2075 2352 2124 2383 illi
2146 2351 2282 2383 facultas

1320 2402 1368 2427 est
1383 2397 1585 2433 inexhausta,
1602 2400 1633 2427 et
1649 2405 1707 2436 par
1722 2395 1942 2427 benefaciendi
1955 2395 2112 2426 voluntas.
2143 2393 2283 2425 Proinde

1322 2440 1434 2471 merito
1458 2439 1618 2480 apostolus
1640 2449 1680 2469 ex
1699 2437 1915 2478 superioribus
1931 2437 1994 2469 Dei
2011 2437 2184 2476 beneficiis,
2207 2435 2283 2468 fide-

1322 2482 1367 2513 les
1400 2482 1440 2513 ad
1472 2482 1553 2513 bene
1586 2480 1779 2521 sperandum
1808 2481 1939 2512 animat.
1991 2480 2114 2511 Eodem
2143 2479 2284 2521 pertinet

1323 2525 1493 2556 verborum
1517 2524 1731 2564 amplificatio.
1777 2523 1908 2554 Poterat
1930 2523 2015 2554 enim
2038 2522 2215 2563 simplicius
2236 2522 2283 2552 lo-

1323 2568 1387 2607 qui,
1421 2566 1699 2606 Quemadmodum
1727 2567 1836 2597 omnia
1858 2565 1951 2596 nobis
1973 2565 2110 2606 largitus
2131 2569 2194 2596 est:
2227 2563 2284 2596 sed

1324 2610 1452 2641 divinae
1493 2611 1651 2650 potentiae
1681 2618 1799 2639 nomen
1829 2607 2050 2648 exprimendo,
2083 2607 2179 2639 altius
2207 2617 2283 2639 con-

1324 2653 1442 2694 surgit:
1472 2652 1558 2693 quod
1586 2651 1707 2684 scilicet
1735 2651 1858 2692 copiose
1891 2651 2081 2692 explicuerit
2107 2650 2198 2682 Deus
2227 2650 2287 2681 im-
