2513 3126
310 228 373 259 339

405 326 453 357 14.
490 324 555 355 Nos
586 323 703 353 scimus
733 321 812 361 quod
841 320 1061 352 transierinms
1091 331 1112 352 a
1134 323 1231 352 morte
1253 321 1287 352 in
1312 324 1313 331 ¹

313 371 420 407 vitam,
452 368 526 407 quia
558 365 721 405 diliyimus
746 365 872 404 fratres.
922 363 983 403 Qui
1012 373 1073 395 uon
1096 363 1198 404 diliyit
1219 363 1287 404 sra-

314 417 400 452 trem,
431 411 532 442 vianet
556 408 589 438 in
613 410 716 438 morte.

313 465 422 492 suem»,
454 451 606 483 homicida
637 453 696 481 est.-
725 452 753 481 et
777 450 876 480 nostis
898 449 978 488 quod
1001 450 1103 480 onmis
1133 448 1288 481 homicida

313 508 372 530 non
403 495 490 526 habet
518 494 614 525 vitam
645 496 801 525 aeternam
831 493 865 523 in
888 502 920 523 se
941 495 1124 523 manentem.
1171 492 1221 523 16.
1247 492 1288 523 1η

313 541 365 571 hoc
388 537 598 579 coynoscimus
613 537 781 574 caritatem,
805 535 885 575 quod
899 534 952 566 ille
968 545 1028 575 pro
1043 534 1133 566 nobis
1147 535 1288 566 animam

313 592 404 614 suam
433 581 560 620 posuit.-
594 581 620 610 et
650 588 704 610 nos
733 578 876 610 debemus
892 588 953 618 pro
980 577 1135 617 fratribus
1162 578 1289 609 animas
1312 612 1313 619 ἵ

484 623 534 653 17.
560 621 596 653 Si
619 622 691 661 quis
720 621 829 653 habeat
850 621 963 652 victum
986 620 1107 661 mundi,
1137 623 1163 652 et
1185 621 1288 652 videat
1312 626 1314 630 ’

312 669 443 708 fratrem
472 675 565 697 suum
594 667 735 706 (vernem,
759 666 786 695 et
814 663 940 696 claudat
960 664 1080 696 viscera
1101 673 1161 695 sua
1185 663 1223 695 ab
1246 673 1287 699 eo,
1313 687 1314 691 ,

307 634 437 665 ponere.

313 710 461 751 quomodo
484 708 603 741 caritas
621 707 683 739 Dei
707 708 741 738 in
766 707 831 747 ipso
850 706 976 738 manet?
1016 707 1064 738 18.
1089 706 1199 738 Filioli
1217 706 1286 742 mei,

313 763 351 785 ue
383 752 556 793 diliyamus
589 760 740 790 sermone,
774 760 868 790 mque
900 749 1023 791 linqua,
1055 750 1110 781 sed
1141 759 1230 789 opere
1263 750 1288 779 ct

312 797 448 828 veritate.

403 881 451 911 14.
477 880 545 911 Nos
568 880 693 912 scimus.
729 878 855 919 Insigni
879 878 984 919 elogio
1003 878 1171 909 caritatem
1196 876 1289 908 nobis

314 923 528 960 commendat,
552 924 627 962 quia
651 922 871 953 testimonium
895 922 938 952 sit
961 921 1064 953 nostri
1089 931 1106 951 a
1127 924 1230 951 morte
1254 918 1287 949 in

316 968 416 999 vitam
448 966 615 997 transitus.
661 965 757 996 Unde
787 964 948 1004 sequitur,
977 964 1003 994 si
1034 964 1149 994 fratres
1175 961 1288 1002 diliga-

314 1021 402 1049 mus,
435 1020 494 1040 nos
529 1018 599 1039 esse
634 1008 758 1039 felices:
791 1007 926 1039 miseros
958 1009 1066 1038 autem
1095 1007 1121 1037 si
1152 1004 1288 1036 odimus.

314 1053 418 1084 Nemo
443 1058 492 1083 est
516 1051 570 1091 qui
595 1061 660 1082 uon
684 1060 702 1081 a
726 1056 830 1081 morte
854 1050 983 1081 liberari
1011 1054 1043 1080 ct
1066 1048 1153 1080 exire
1170 1047 1288 1086 cupiat.

316 1095 405 1137 Ergo
439 1094 612 1136 plusquam
645 1093 791 1134 stupidos
822 1102 892 1124 esse
921 1097 1059 1133 oportet,
1094 1091 1147 1130 qui
1178 1089 1287 1121 odium

315 1138 462 1175 fovendo,
485 1143 601 1178 sponte
624 1137 722 1167 morti
746 1146 822 1167 suae
846 1135 1025 1175 indulgent.
1066 1134 1168 1164 Porro
1187 1142 1287 1172 quum

315 1181 393 1212 dicit
412 1180 584 1221 apostolus,
609 1190 649 1210 ex
667 1178 838 1210 dilectione
854 1178 1003 1218 cognosci
1020 1176 1105 1216 quod
1125 1175 1288 1206 transieri-

315 1234 388 1255 mus
417 1224 452 1255 in
475 1223 591 1254 vitam:
624 1232 691 1253 non
724 1222 884 1262 significat
915 1220 1076 1251 hominem
1100 1228 1194 1250 suum
1219 1228 1288 1249 esse

313 1266 537 1306 liberatorem,
572 1266 665 1305 quasi
700 1265 816 1295 fratres
851 1263 1028 1303 diligendo,
1064 1272 1083 1293 a
1115 1266 1220 1292 morte
1253 1270 1288 1292 se

315 1309 440 1350 eripiat,
469 1309 594 1348 sibique
626 1308 725 1339 vitam
760 1311 933 1347 comparet.
980 1305 1093 1345 Neque
1121 1304 1206 1335 enim
1235 1303 1288 1334 hic

316 1352 355 1384 de
386 1351 500 1383 salutis
530 1361 628 1383 causa
658 1350 817 1390 disputat:
849 1349 904 1380 sed
936 1359 1034 1389 quum
1058 1348 1174 1379 caritas
1197 1357 1288 1387 prae-

315 1395 430 1435 cipuus
461 1394 503 1426 sit
535 1394 656 1425 fructus
686 1394 830 1432 spiritus,
862 1397 985 1423 certum
1016 1401 1142 1431 quoque
1168 1395 1216 1421 est
1240 1400 1288 1420 re-

317 1437 535 1478 generationis
551 1436 742 1477 symbolum.
776 1434 918 1466 Proinde
935 1445 953 1466 a
969 1434 1061 1475 signo
1077 1433 1289 1465 ratiocinatur

318 1480 500 1520 apostolus,
532 1491 594 1510 non
629 1484 735 1509 autem
768 1488 787 1508 a
817 1487 922 1508 causa.
973 1477 1059 1508 Nam
1090 1477 1164 1517 quia
1195 1485 1289 1507 nemo

319 1523 443 1555 sincere
466 1523 582 1554 fratres
606 1521 721 1561 diligit,
745 1521 807 1552 nisi
830 1521 883 1560 qui
900 1520 1016 1561 spiritu
1034 1520 1095 1551 Dei
1123 1518 1289 1559 regenitus

318 1571 382 1597 est:
412 1566 488 1596 hinc
513 1566 574 1596 rite
597 1564 767 1605 colligitur,
792 1563 941 1603 spiritum
967 1563 1038 1600 Dei,
1060 1563 1115 1603 qui
1140 1562 1208 1593 vita
1231 1565 1289 1600 est,

316 1609 351 1640 in
389 1608 539 1640 omnibus
576 1607 724 1638 habitare
762 1606 816 1646 qui
854 1606 971 1637 fratres
1010 1605 1162 1646 diligunt.
1223 1603 1289 1635 Sed

317 1657 523 1692 praepostere
554 1650 628 1681 inde
659 1649 818 1690 quispiam
850 1649 994 1688 inferret,
1025 1649 1157 1680 caritate
1186 1648 1288 1678 vitam

318 1694 456 1735 acquiri,
491 1704 589 1734 quum
626 1693 669 1724 sit
698 1694 817 1724 caritas
849 1691 961 1723 ordine
993 1692 1161 1733 posterior.
1208 1690 1290 1722 Plus

316 1737 432 1769 coloris
462 1736 594 1768 haberet
621 1736 683 1767 hoc
714 1741 953 1776 argumentum,
986 1737 1012 1767 si
1044 1735 1130 1766 vitae
1159 1738 1289 1764 nostrae

317 1780 469 1812 certiores
492 1780 569 1811 facit
592 1789 650 1810 nos
673 1779 801 1818 caritas,
825 1778 937 1810 salutis
960 1778 1063 1818 igitur
1078 1777 1231 1808 fiduciam
1256 1776 1289 1806 in

317 1833 415 1863 opera
444 1822 641 1854 recumbere.
695 1821 761 1853 Sed
795 1821 864 1852 eius
895 1831 1022 1861 quoque
1052 1831 1117 1851 non
1148 1818 1289 1850 difficilis

316 1868 365 1898 est
391 1865 519 1897 solutio.
575 1865 646 1896 Etsi
677 1865 761 1896 enim
791 1864 939 1895 omnibus
969 1863 1032 1894 Dei
1063 1863 1190 1904 grat-iis,
1221 1867 1289 1893 tau-

317 1919 413 1949 quam
448 1907 666 1945 adminiculis,
705 1907 916 1939 confirmatur
950 1906 1045 1944 fides,
1081 1916 1145 1937 non
1179 1910 1289 1936 tamen

317 1961 412 1982 suum
436 1951 469 1981 in
494 1961 558 1982 una
574 1950 638 1981 Dei
663 1950 885 1982 misericordia
903 1950 1151 1981 fundamentum
1171 1948 1290 1979 habere

318 1993 446 2025 desinit.
491 1993 642 2034 Exempli
666 1994 781 2034 gratia,
806 2003 902 2033 quum
932 1992 1002 2023 luce
1031 1993 1180 2030 fruimur,
1210 1991 1289 2022 certi

318 2046 430 2067 sumus
459 2036 559 2066 solem
583 2037 707 2068 lucere:
742 2038 768 2067 si
789 2035 907 2075 locum,
939 2036 972 2066 in
1001 2045 1062 2075 quo
1090 2045 1210 2072 sumus,
1240 2033 1288 2064 sol

318 2078 466 2116 irradiat,
496 2078 652 2110 habemus
682 2079 852 2110 clariorem
880 2077 1049 2118 quemdam
1082 2078 1288 2117 adspectum:

318 2121 373 2153 scd
398 2126 507 2152 tamen
531 2127 565 2151 ut
588 2132 652 2152 non
676 2124 863 2162 pertingant
887 2121 926 2152 ad
951 2131 1007 2152 nos
1030 2120 1173 2151 visibiles
1198 2119 1288 2159 radii,

318 2164 378 2195 hoc
408 2164 477 2203 ipso
508 2164 651 2195 contenti
682 2174 809 2201 sumus,
843 2164 928 2204 quod
957 2164 1005 2195 sol
1028 2163 1208 2203 splendoris
1239 2163 1289 2193 sui

317 2217 414 2238 usum
445 2206 485 2237 ad
516 2217 574 2237 nos
604 2206 766 2237 diffundit.
811 2206 862 2238 Ita
892 2213 1061 2247 postquam
1092 2207 1125 2237 in
1155 2205 1288 2237 Christo

318 2250 453 2280 fundata
483 2254 533 2280 est
560 2249 654 2286 fides,
688 2254 822 2289 possunt
852 2249 1012 2289 quaedam
1042 2248 1185 2281 accidere
1208 2258 1289 2288 quae

318 2292 408 2323 illam
433 2292 563 2323 iuvent:
594 2292 628 2323 iu
657 2292 725 2323 sola
747 2296 858 2323 tamen
883 2291 1005 2323 Christi
1029 2292 1134 2332 gratia
1157 2290 1288 2322 interim

319 2335 503 2375 acquiescit.

408 2378 457 2409 15.
480 2377 647 2409 Homicida
669 2380 721 2409 est.
755 2376 828 2416 Quo
852 2387 910 2408 nos
929 2377 1046 2409 melius
1065 2377 1104 2408 ad
1121 2377 1289 2409 caritatem

320 2421 473 2458 stimulet,
505 2420 646 2452 ostendit
672 2430 768 2460 quam
793 2420 991 2451 detestabilis
1014 2430 1120 2451 coram
1146 2420 1214 2451 Deo
1237 2430 1290 2450 res

321 2465 362 2494 sit
385 2463 503 2495 odium.
552 2463 654 2494 Nemo
679 2468 728 2494 est
752 2463 807 2502 qui
829 2473 893 2493 non
919 2461 1126 2494 homicidium
1143 2462 1288 2493 horreat:

320 2508 385 2537 imo
419 2516 537 2537 nomen
569 2506 675 2545 ipsum
706 2515 913 2537 exsecramur
943 2515 1064 2537 omnes.
1116 2505 1291 2545 Apostolus

321 2555 429 2580 autem
454 2549 632 2580 homicidas
655 2559 725 2580 esse
747 2548 937 2588 pronuntiat
952 2549 1133 2588 quicunque
1155 2549 1290 2579 fratrem

321 2592 395 2623 odio
417 2591 548 2622 habent.
594 2591 684 2622 Nihil
708 2591 770 2623 dici
794 2591 934 2621 atrocius
954 2591 1073 2630 potuit:
1100 2602 1157 2622 nec
1181 2596 1289 2621 tamen

320 2634 382 2665 hoc
412 2640 461 2665 est
489 2634 744 2675 hyperbolicum.
790 2633 874 2664 Nam
905 2643 1001 2673 quem
1028 2633 1161 2671 odimus,
1192 2633 1289 2664 velle—

321 2688 395 2709 mus
419 2677 549 2717 perisse.
583 2677 651 2709 Nec
674 2678 774 2709 refert
796 2677 823 2708 si
846 2676 917 2716 quis
940 2686 1054 2707 manus
1077 2687 1150 2708 suas
1169 2686 1186 2706 a
1206 2685 1290 2707 noxa
1315 2684 1318 2700 ¹
1343 2675 1447 2715 qualis
1472 2685 1541 2706 eam
1565 2684 1679 2715 regere
1708 2673 1822 2705 debeat
1846 2673 1990 2705 affectus.

1120 223 1259 254 EPIST.
1284 223 1509 255 IOHANle

767 407 813 438 15.
842 406 960 443 Omnis,
995 407 1048 446 qui
1072 406 1134 438 odit
1155 407 1288 446 fratrem
1312 428 1313 435 ,

2247 225 2311 257 :340

1338 321 1517 352 abstineat:
1549 319 1617 360 ipsu
1648 319 1733 350 enim
1767 320 1902 351 nocendi
1929 320 2098 361 cupiditas,
2131 330 2193 352 non
2217 321 2311 354 aliter

1339 374 1375 395 ac
1405 369 1548 401 conatus,
1579 362 1753 393 damnatur
1779 372 1887 394 coram
1913 362 1990 395 Deo.
2037 362 2107 394 lmo
2136 363 2232 394 etiam
2256 364 2309 396 ubi

1339 416 1454 437 nocere
1485 415 1550 436 non
1581 406 1778 445 appetimus,
1810 406 1836 436 si
1869 410 1978 436 tamen
2009 405 2141 437 aliunde
2163 406 2311 445 cupimus

1339 449 1458 480 malum
1484 448 1575 479 fratri
1592 453 1701 479 nostro
1719 447 1870 485 accidere,
1896 453 1973 479 tunc
1988 458 2113 488 quoque
2130 448 2310 481 homicidae

1339 501 1459 522 sumus.
1495 490 1582 532 Ergo
1606 490 1769 531 apostolus
1792 501 1872 530 rem,
1896 495 1932 522 ut
1954 496 2013 528 est,
2042 491 2233 531 simpliciter
2257 491 2310 523 de-

1339 534 1422 572 finit,
1445 543 1545 573 quum
1571 533 1786 565 homicidii
1810 543 1926 564 nomen
1950 533 2063 565 tribuit
2087 534 2168 565 odio.
2215 533 2309 566 Unde

1340 576 1546 608 convincitur
1576 576 1744 608 hominum
1777 576 1924 615 stultitia,
1955 577 2038 616 quod
2068 586 2167 616 quum
2192 587 2310 608 nomen

1341 619 1582 658 abominentur,
1620 620 1740 650 crimen
1774 619 1880 659 ipsum
1920 629 2019 660 prope
2053 619 2145 650 nihili
2179 620 2309 652 faciunt.

1340 661 1436 693 Unde
1459 660 1516 693 id?
1549 661 1635 701 Quia
1658 661 1778 693 scilicet
1797 664 1932 693 externa
1953 672 2061 693 rerum
2084 662 2180 693 facies
2195 673 2311 694 sensus

1341 714 1453 736 omnes
1478 709 1605 736 nostros
1629 710 1772 745 occupat,
1795 714 1901 736 coram
1927 705 1995 736 Deo
2018 705 2153 736 interior
2177 705 2311 737 affectus

1341 749 1372 778 in
1408 747 1564 778 rationem
1598 748 1695 780 venit.
1747 747 1858 787 Quare
1892 757 1933 778 ne
1966 748 2038 788 quis
2073 747 2211 788 amplius
2244 753 2311 779 tam

1341 800 1441 831 grave
1470 790 1591 821 malum
1620 795 1782 829 extenuet,
1814 790 1975 822 discamus
1998 794 2109 822 nostra
2131 790 2247 823 iudicia
2271 790 2311 822 ad

1342 833 1403 864 Dei
1427 832 1568 864 tribunal
1591 843 1752 865 revocare.

1429 875 1477 907 16.
1502 874 1542 907 In
1566 875 1621 908 hoc
1642 877 1845 917 coynovimus.
1881 875 1977 908 Nunc
2000 886 2156 916 quaenam
2177 876 2218 907 sit
2235 886 2312 908 vera

1341 918 1459 950 caritas
1493 918 1642 950 ostendit.
1696 919 1808 959 Neque
1841 919 1926 949 enim
1961 929 2032 950 eam
2067 919 2200 950 laudare
2233 919 2312 951 satis

1342 966 1437 999 esset,
1460 961 1521 992 nisi
1545 961 1596 992 vis
1619 962 1688 992 eius
1711 964 1869 993 teneatur.
1907 961 2088 993 Perfectam
2108 967 2215 993 autem
2232 963 2311 994 cari-

1341 1004 1419 1035 tatis
1454 1003 1599 1044 regulam
1635 1006 1786 1045 proponit
1821 1006 1852 1035 in
1884 1004 2006 1036 Christi
2039 1005 2202 1045 exemplo:
2238 1005 2313 1045 quia

1342 1047 1490 1088 propriae
1515 1047 1599 1078 vitae
1628 1058 1689 1078 non
1720 1048 1891 1088 parcendo,
1921 1052 2074 1078 testatum
2099 1047 2173 1079 fecit
2197 1053 2312 1088 quant-

1342 1100 1439 1130 opere
1463 1100 1520 1120 nos
1545 1089 1702 1130 diligeret.
1738 1090 1787 1121 Ad
1813 1090 1898 1121 hunc
1922 1100 1999 1131 ergo
2022 1100 2155 1130 scopum
2180 1090 2312 1122 tendere

1342 1133 1439 1164 iubet.
1474 1132 1612 1163 Summa
1635 1137 1691 1168 est,
1716 1132 1748 1163 in
1772 1143 1808 1164 eo
1832 1133 1959 1173 probari
1976 1139 2117 1164 nostram
2135 1133 2311 1171 caritatem,

1341 1176 1367 1207 si
1390 1186 1530 1206 amorem
1556 1175 1657 1206 nostri
1681 1176 1714 1206 in
1739 1176 1853 1207 fratres
1879 1176 2113 1215 transferimus,
2136 1176 2181 1207 ita
2204 1181 2240 1207 ut
2263 1177 2312 1207 sui

1342 1219 1478 1259 quisque
1495 1218 1730 1258 quodammodo
1746 1218 1873 1258 oblitus,
1893 1218 1966 1250 aliis
1982 1218 2140 1250 consulat.
2176 1218 2311 1251 Certum

1341 1261 1468 1302 quidem
1499 1266 1562 1299 cst,
1595 1271 1653 1292 nos
1684 1260 1814 1292 Christo
1845 1271 1914 1293 esse
1941 1261 2036 1301 longe
2065 1262 2219 1301 impares:
2255 1261 2311 1293 sed

1341 1304 1505 1345 apostolus
1535 1304 1745 1335 imitationem
1774 1304 1866 1335 nobis
1895 1304 2112 1342 commendat,
2147 1305 2222 1345 quia
2250 1305 2311 1336 etsi

1341 1347 1447 1388 ipsum
1482 1357 1545 1378 non
1573 1347 1785 1386 assequimur,
1819 1347 1926 1386 procul
1952 1352 2060 1377 tamen
2084 1348 2153 1378 eius
2177 1347 2313 1388 vestigia

1342 1391 1431 1430 sequi
1462 1390 1623 1421 convenit.
1669 1389 1756 1421 Sane
1784 1400 1881 1429 quum
1905 1390 2040 1429 apostoli
2064 1390 2236 1421 consilium
2259 1390 2313 1430 sit,

1342 1433 1471 1463 inanem
1504 1432 1681 1473 hypocritis
1711 1432 1896 1464 iactantiam
1928 1438 2094 1471 excutere,
2127 1433 2183 1473 qui
2214 1432 2312 1464 fidem

1343 1475 1476 1513 Christi,
1504 1476 1574 1506 sine
1597 1475 1741 1506 fraterno
1764 1485 1882 1515 amore,
1913 1485 1947 1506 se
1972 1475 2090 1506 habere
2113 1476 2313 1516 gloriantur:

1343 1518 1403 1549 nisi
1427 1519 1460 1549 in
1484 1518 1601 1549 animis
1624 1519 1744 1550 nostris
1761 1519 1870 1559 vigeat
1893 1517 1952 1549 hoc
1969 1517 2121 1555 studium,
2145 1518 2226 1549 nihil
2244 1528 2315 1550 esse

1343 1561 1434 1592 nobis
1465 1571 1537 1593 cum
1562 1560 1694 1593 Christo
1724 1571 1905 1599 commune,
1935 1560 1986 1591 his
2009 1561 2116 1592 verbis
2141 1561 2312 1601 significat.

1343 1604 1454 1644 Neque
1478 1608 1586 1635 tamen
1610 1603 1660 1644 (ut
1677 1603 1760 1645 dixi)
1780 1604 1902 1635 Christi
1926 1603 2129 1634 dilectionem
2154 1603 2245 1635 nobis
2268 1604 2314 1635 ita

1342 1647 1504 1687 proponit,
1535 1654 1572 1677 ut
1602 1646 1768 1687 aequalem
1793 1657 1811 1677 a
1835 1645 1927 1677 nobis
1950 1646 2070 1686 exigat.
2116 1645 2202 1685 Quid
2225 1647 2313 1678 enim

1342 1689 1403 1721 hoc
1426 1690 1516 1727 foret,
1547 1700 1642 1730 quam
1668 1689 1708 1720 ad
1732 1700 1834 1720 unum
1858 1699 1970 1720 omnes
1993 1688 2033 1720 ad
2056 1689 2313 1729 desperationem

1342 1732 1477 1773 cogere?
1511 1732 1577 1764 Sed
1601 1733 1645 1763 ita
1669 1732 1738 1764 vult
1761 1732 1954 1772 compositos
1978 1742 2048 1763 esse
2071 1736 2198 1764 nostros
2221 1732 2314 1764 affec-

1342 1781 1403 1816 tus,
1433 1780 1468 1806 ut
1498 1776 1599 1807 vitam
1630 1775 1726 1806 simul
1756 1780 1789 1806 et
1819 1780 1957 1806 mortem
1980 1774 2149 1814 cupiamus
2172 1776 2313 1816 primum

1343 1819 1420 1855 Deo,
1452 1823 1520 1849 tum
1549 1818 1644 1850 etiam
1670 1818 1827 1858 proximis
1850 1817 2045 1858 impendere.
2091 1818 2152 1849 Est
2175 1818 2314 1850 alterum

1342 1862 1424 1892 inter
1455 1872 1512 1892 nos
1542 1866 1574 1892 et
1597 1861 1764 1892 Christum
1790 1861 1973 1901 discrimen,
2004 1860 2087 1900 quod
2112 1871 2176 1892 non
2200 1860 2312 1892 eadem

1342 1905 1454 1935 mortis
1493 1911 1623 1935 nostrae
1660 1904 1763 1935 virtus
1801 1914 1871 1935 esse
1908 1908 2023 1943 potest.
2079 1903 2193 1944 Neque
2227 1904 2313 1935 enim

1342 1946 1500 1987 sanguine
1529 1951 1640 1978 nostro
1668 1946 1817 1987 placatur
1844 1947 1892 1977 ira
1920 1946 1992 1984 Dei,
2028 1957 2087 1978 nec
2116 1951 2221 1978 morte
2245 1948 2314 1978 vita

1343 1990 1530 2029 acquiritur,
1562 2000 1622 2021 nec
1645 1989 1753 2021 debita
1776 1989 1848 2020 aliis
1871 1999 1974 2028 poena
1997 1989 2206 2029 persolvitur.
2250 1989 2315 2021 Sed

1342 2032 1505 2072 apostolus
1538 2033 1572 2063 in
1606 2032 1668 2064 hac
1701 2033 1955 2072 comparatione,
1990 2032 2096 2071 qualis
2131 2032 2228 2064 fuerit
2262 2032 2315 2063 vel

1342 2076 1432 2116 finis,
1466 2075 1518 2106 vel
1553 2075 1689 2107 effectus
1720 2076 1836 2106 mortis
1866 2074 2005 2112 Christi,
2040 2085 2105 2106 non
2140 2075 2314 2115 spectavit:

1342 2118 1397 2149 sed
1432 2124 1559 2149 tantum
1591 2119 1690 2149 vitam
1722 2123 1869 2148 nostram
1896 2118 2026 2148 formari
2051 2117 2152 2149 voluit
2180 2117 2219 2148 ad
2243 2117 2314 2148 eius

1343 2161 1540 2201 exemplum.

1429 2204 1477 2236 17.
1512 2203 1550 2236 Si
1579 2203 1650 2244 quis
1680 2203 1790 2234 habeat
1817 2203 1939 2234 victum.
1985 2202 2081 2234 Nunc
2104 2202 2314 2234 concionatur

1343 2248 1380 2278 de
1415 2248 1639 2279 communibus
1669 2246 1813 2277 caritatis
1844 2245 1972 2283 officiis,
2007 2255 2088 2285 quae
2118 2256 2158 2276 ex
2187 2255 2314 2276 summo

1343 2290 1397 2321 illo
1421 2291 1509 2321 fonte
1532 2294 1682 2320 manant:
1706 2289 1760 2320 ubi
1783 2288 1904 2320 scilicet
1923 2297 1982 2319 nos
1999 2287 2039 2318 ad
2057 2294 2194 2319 mortem
2212 2298 2314 2328 usque

1343 2333 1499 2373 proximis
1529 2331 1714 2372 impendere
1737 2332 1842 2371 parati
1866 2341 1988 2362 sumus.
2034 2330 2239 2370 Quamquam
2265 2331 2312 2361 vi-

1343 2376 1437 2407 detur
1468 2386 1486 2406 a
1513 2375 1626 2406 maiori
1661 2373 1700 2405 ad
1730 2373 1836 2405 minus
1866 2373 2099 2414 argumentari.
2143 2373 2227 2405 Nam
2257 2373 2313 2413 qui

1343 2418 1547 2450 facultatibus
1571 2418 1648 2455 suis,
1678 2417 1769 2448 salva
1791 2420 1823 2448 et
1846 2416 2000 2448 incolumi
2024 2417 2099 2453 vita,
2131 2416 2242 2448 fratris
2263 2416 2313 2447 in-

1342 2463 1445 2502 opiam
1470 2461 1579 2492 levare
1602 2460 1724 2497 abnuit,
1755 2459 1855 2490 multo
1886 2459 1993 2489 minus
2017 2459 2118 2490 vitam
2143 2469 2234 2490 suam
2258 2469 2312 2490 ex-

1343 2509 1484 2544 poneret.
1539 2504 1627 2544 Ergo
1656 2503 1825 2534 caritatem
1858 2502 1891 2532 in
1923 2501 2014 2532 nobis
2045 2512 2115 2533 esse
2139 2506 2250 2542 negat,
2284 2502 2313 2532 si

1343 2548 1505 2588 proximos
1535 2557 1595 2586 ope
1624 2551 1734 2577 nostra
1763 2544 1959 2576 fraudemus.
2006 2544 2179 2576 Caeterum
2206 2549 2312 2575 exter·

1344 2601 1418 2621 nam
1442 2589 1685 2621 beneficentiam
1709 2588 1754 2619 sic
1777 2587 1989 2627 commendat,
2016 2592 2052 2618 ut
2072 2587 2170 2618 simul
2193 2587 2312 2627 optime

1343 2633 1503 2673 exprimat
1532 2641 1692 2672 quaenam
1722 2640 1800 2661 vera
1828 2631 1870 2662 sit
1904 2629 2125 2661 benefaciendi
2154 2630 2252 2667 ratio,
2280 2632 2313 2660 et

2035 2672 2087 2704 Sit
2110 2672 2210 2713 igitur
2232 2671 2311 2703 haec
