2513 3126
142 190 200 220 1Ῑῖ

229 284 278 314 12.
317 284 419 323 Quare
441 294 555 315 manus
583 284 740 315 remissas.

143 326 247 358 Deum
277 327 373 358 saluti
404 332 533 358 nostrae
563 327 746 367 prospicere
776 326 851 357 dum
873 337 942 400 hnps
965 327 1110 366 castigat,
1136 340 1138 369 ς

837 369 869 400 ni
896 370 905 400 i
949 369 1034 399 enim
1061 374 1111 400 est
1136 371 1138 403 ζ

141 369 216 400 inde
248 380 304 401 nos
334 369 374 401 ad
403 369 603 401 alacritatem
633 369 800 400 hortatur:

141 412 225 451 quod
249 422 308 443 nos
330 412 433 452 magis
457 412 602 444 debilitet
626 411 769 453 adeoque
793 412 955 443 exanimet
971 421 1110 451 prorsus,

141 465 238 494 quam
261 465 358 495 quum
382 455 464 486 falsa
487 455 719 495 imaginatione
734 455 879 495 occupati
897 454 1023 485 nullum
1040 463 1110 494 gra-

141 498 204 529 tiae
227 497 289 530 Dei
312 502 447 539 gustum
473 497 630 529 habemus
653 498 686 528 in
714 498 810 528 rebus
833 496 987 527 adversis.
1033 495 1111 527 Ideo

141 540 222 572 nihil
247 545 295 573 est
317 540 356 571 ad
381 551 440 571 nos
464 540 633 581 erigendos
662 541 721 571 hac
744 539 979 579 significatione
1003 538 1110 569 effica-

140 583 218 622 cius,
242 584 350 615 Deum
367 583 457 615 nobis
474 583 585 614 adesse
603 583 697 613 etiam
721 591 818 621 quum
843 591 901 612 nos
924 580 1049 620 affligit,
1074 591 1110 612 ac
1136 591 1138 595 ⁴

142 625 180 656 de
224 626 314 658 nobis
352 637 421 658 esse
458 625 640 657 sollicitum.
695 623 868 655 Caeterum
907 622 958 653 his
1003 623 1110 654 verbis

141 678 205 700 non
236 673 361 700 tantum
391 668 431 699 ad
463 667 613 698 ferendas
643 676 762 706 magno
786 665 894 696 animo
917 664 1110 697 afflictiones

141 710 299 748 hortatur,
323 711 378 742 sed
397 710 549 741 admonet
572 719 636 739 non
661 718 730 739 esse
753 717 883 738 causam
907 718 966 739 cur
989 708 1110 740 resides

141 765 176 785 ac
206 754 291 794 pigri
319 755 421 784 simus
450 751 490 782 ad
520 750 702 782 faciendum
729 751 882 782 officium.
928 750 1013 781 Nam
1037 751 1110 791 plus

141 798 218 829 satis
235 795 420 835 experimur
438 797 596 834 quantum
619 803 676 824 nos
700 793 855 833 impediat
878 798 984 824 metus
1007 794 1111 825 crucis

140 850 181 871 ne
201 838 282 875 Deo,
305 837 398 869 sicuti
422 847 479 876 par
502 841 581 875 erat,
604 836 795 868 serviamus.
835 835 993 867 Libenter
1016 837 1111 868 multi

138 881 369 923 profiterentur
380 889 471 910 suam
484 879 581 910 fidem
591 888 599 909 :
611 878 667 910 sed
680 879 755 919 quia
766 879 826 910 sibi
836 889 854 910 a
864 880 1111 919 persequutione

139 925 265 960 timent,
295 932 410 953 manus
433 927 465 953 et
488 921 585 962 pedes
608 922 696 962 pium
720 921 811 953 illum
835 921 935 952 animi
959 922 1110 954 affectum

138 966 325 997 destituunt.
362 965 519 996 Libenter
541 970 703 996 certarent
725 965 818 996 multi
843 974 900 1004 pro
916 964 979 995 Dei
998 965 1110 1006 gloria,

138 1008 339 1048 susciperent
355 1007 455 1039 bonas
479 1018 516 1039 ac
538 1008 640 1039 iustas
663 1018 774 1039 causas
797 1008 950 1048 privatim
974 1013 1006 1038 et
1029 1008 1110 1048 pub-

136 1051 205 1089 lice,
240 1051 345 1083 officia
369 1061 427 1082 sua
451 1050 520 1082 Deo
544 1056 575 1082 et
598 1051 753 1082 fratribus
777 1050 1018 1090 impenderent:
1053 1051 1110 1083 sed

138 1094 214 1135 quia
244 1093 421 1134 periculum
451 1098 499 1124 est
521 1094 560 1125 ab
584 1094 666 1125 odiis
689 1094 918 1134 improborum,
948 1094 1024 1133 quia
1046 1105 1111 1125 mo-

137 1138 247 1170 lestias
280 1137 461 1177 complures
495 1137 555 1168 sibi
589 1147 659 1168 esse
692 1143 821 1177 paratas
855 1135 982 1175 vident,
1020 1137 1111 1177 quasi

138 1180 288 1212 manibus
303 1179 512 1220 complicatis,
536 1180 628 1211 otiosi
645 1180 822 1220 quiescunt.
854 1179 941 1219 Ergo
961 1181 988 1209 si
1012 1180 1111 1211 semel

138 1228 301 1255 correctus
330 1223 429 1254 fuerit
458 1223 491 1253 in
519 1222 611 1254 nobis
641 1223 759 1254 nimius
788 1223 843 1254 ille
873 1222 975 1254 crucis
1003 1224 1111 1261 timor,

138 1273 170 1298 et
202 1266 242 1297 ad
265 1265 472 1297 tolerantiam
496 1266 664 1306 compositi
687 1267 807 1297 simus:
838 1265 929 1297 nulla
952 1266 1013 1298 erit
1036 1276 1111 1306 pars

137 1311 240 1342 nostri
258 1320 339 1350 quae
362 1320 426 1341 non
449 1313 524 1350 apta
547 1310 589 1340 sit
611 1319 648 1340 ac
671 1310 789 1340 format
812 1308 852 1340 ad
875 1317 993 1342 munus
1016 1321 1110 1343 suum

137 1353 208 1385 Deo
242 1353 482 1394 praestandum.
537 1352 611 1383 Hoc
648 1357 698 1384 est
730 1362 807 1393 ergo
841 1353 924 1392 quod
958 1354 1112 1395 intelligit

137 1396 310 1437 apostolus.
367 1396 496 1433 Manus,
529 1395 648 1435 inquit,
682 1396 835 1427 remissas
868 1396 940 1428 ideo
974 1397 1112 1437 habetis,

138 1449 244 1480 genua
276 1444 386 1470 vestra
418 1438 492 1470 ideo
521 1438 701 1477 labascunt,
734 1438 810 1478 quia
841 1449 905 1470 non
937 1440 1112 1481 agnoscitis

138 1492 219 1522 quae
241 1492 318 1513 vera
342 1482 383 1513 sit
406 1481 438 1512 in
462 1480 558 1512 rebus
580 1481 726 1512 adversis
749 1481 939 1514 consolatio:
969 1483 1041 1515 ideo
1071 1483 1111 1514 ad

137 1525 277 1556 officium
309 1524 392 1556 tardi
421 1525 508 1556 estis.
554 1524 651 1555 Nunc
680 1535 756 1555 vero
783 1534 883 1564 quum
913 1526 1111 1557 ostenderim

138 1577 234 1608 quam
265 1566 354 1599 utilis
383 1567 426 1598 sit
456 1567 547 1598 vobis
575 1568 680 1598 crucis
704 1567 883 1607 disciplina,
915 1568 1010 1600 debet
1032 1569 1112 1601 haec

137 1610 284 1642 doctrina
314 1610 455 1641 excitare
485 1620 606 1641 novum
637 1610 671 1641 in
698 1611 850 1641 omninus
873 1612 990 1643 vestris
1014 1622 1112 1643 mem-

136 1653 203 1685 bris
227 1653 381 1694 vigorem,
404 1658 439 1684 ut
461 1653 609 1684 manibus
632 1663 669 1685 ac
692 1653 826 1694 pedibus
850 1654 890 1685 ad
913 1655 1110 1695 sequendam

136 1695 199 1726 Dei
235 1696 437 1727 vocationem
467 1696 588 1727 alacres
626 1706 663 1728 ac
699 1697 841 1737 prompti
876 1697 956 1729 sitis.
1009 1698 1112 1730 Porro

137 1738 178 1769 ad
215 1738 322 1770 locum
362 1738 479 1770 Esaiae
515 1738 659 1770 alludere
695 1739 841 1778 videtur,
881 1741 936 1780 qui
974 1740 1113 1772 habetur

137 1790 205 1821 cap.
226 1780 277 1818 35,
299 1781 329 1812 3.
374 1781 540 1823 Praecipit
563 1782 628 1813 illic
650 1781 810 1823 propheta
833 1782 893 1823 piis
916 1783 1111 1821 doctoribus,

137 1828 173 1854 ut
187 1825 354 1864 proposita
369 1834 426 1864 spe
441 1825 565 1865 gratiae
588 1835 694 1866 genua
723 1825 918 1865 trepidantia
936 1832 968 1857 et
992 1826 1111 1858 debiles

137 1877 254 1898 manus
269 1868 471 1899 confirment.
505 1868 682 1908 Apostolus
698 1869 866 1900 universos
889 1868 1000 1901 fideles
1023 1869 1111 1901 iubet

137 1909 169 1940 id
200 1910 318 1942 facere:
349 1921 425 1942 nam
452 1910 478 1942 si
502 1911 555 1943 hic
578 1921 656 1943 usus
679 1917 726 1943 est
749 1911 1008 1943 consolationum
1032 1922 1111 1952 quas

137 1952 230 1984 nobis
263 1952 424 1985 Dominus
457 1955 624 1994 proponit:
666 1954 935 1994 quemadmodum
971 1954 1109 1986 doctoris

138 2006 256 2027 munus
278 2001 328 2027 est
350 2002 449 2027 totam
474 1997 640 2029 ecclesiam
665 1998 798 2038 erigere,
821 1998 866 2028 ita
890 1999 1109 2038 unusquisque

138 2039 316 2070 doctrinam
338 2039 532 2079 peculariter
554 2040 614 2072 sibi
638 2040 840 2080 destinando,
864 2051 898 2072 se
921 2041 1027 2080 ipsum
1047 2041 1108 2072 eri·-

137 2081 185 2123 git
208 2087 303 2121 atque
326 2082 458 2113 animat.

224 2125 272 2156 13.
299 2124 411 2156 Rectas
438 2124 507 2156 vias
533 2125 634 2164 facite.
680 2126 849 2158 Hactenus
873 2125 982 2158 docuit
1005 2128 1108 2158 niten-

138 2167 214 2199 dum
246 2178 315 2199 esse
345 2167 407 2198 Dei
441 2168 729 2209 consolationibus,
763 2174 798 2200 ut
829 2169 930 2200 simus
957 2169 997 2200 ad
1028 2170 1109 2201 bene

138 2211 299 2251 agendum
335 2210 433 2241 fortes
463 2221 499 2242 ac
529 2212 668 2243 strenui:
704 2214 799 2252 atque
829 2212 918 2243 illam
949 2222 1019 2244 esse
1047 2213 1108 2244 ful-

137 2259 244 2285 turam
274 2258 429 2284 nostram.
475 2253 558 2284 Nam
589 2255 766 2286 secundum
790 2254 953 2296 adiungit:
983 2266 1108 2296 nempe,

137 2300 173 2328 ut
202 2296 381 2336 prudenter
411 2296 611 2328 ambulemus
641 2307 678 2328 ac
700 2303 866 2329 teneamus
890 2302 1013 2329 rectum
1036 2309 1108 2330 cur·

138 2350 218 2371 sum.
251 2338 361 2370 Nihilo
380 2340 465 2370 enim
490 2340 597 2371 minus
621 2340 757 2371 vitiosus
779 2345 828 2371 est
850 2340 1109 2372 inconsideratus

138 2382 246 2414 fervor
268 2392 365 2422 quam
389 2382 507 2413 inertia
531 2387 562 2412 et
587 2382 747 2414 mollities.
798 2382 1005 2423 Quamquam
1030 2383 1109 2415 haec

139 2425 211 2456 viae
226 2424 397 2464 rectitudo,
414 2435 510 2465 quam
527 2426 740 2464 commendat,
756 2425 831 2456 inde
848 2426 991 2466 procedit
1007 2437 1107 2466 quum

139 2477 230 2499 mens
265 2467 405 2498 hominis
439 2468 527 2498 omni
560 2474 646 2499 metu
677 2468 822 2508 superior
865 2473 990 2499 tantum
1032 2469 1108 2509 quid

140 2509 210 2541 Deo
244 2509 397 2550 probetur
431 2516 576 2551 reputat:
612 2522 687 2542 nam
722 2511 817 2542 timor
852 2511 889 2542 ad
927 2512 1108 2551 quaerenda

140 2551 333 2584 diverticula
349 2553 534 2593 ingeniosus
551 2558 599 2585 est
617 2554 688 2594 plus
707 2554 793 2586 satis.
825 2554 1107 2593 Quemadmodum

139 2605 215 2636 ergo
249 2605 401 2636 perverso
431 2603 518 2628 metu
549 2597 698 2637 impliciti
729 2597 888 2628 flexuosas
916 2597 1008 2629 nobis
1039 2599 1106 2629 vias

1021 189 1169 222 CAPUT
1194 189 1273 222 XII.

1136 320 1138 336 l

1136 502 1138 512 l

2074 193 2136 224 178

786 284 962 324 Postquam
994 284 1111 322 docuit,
1136 292 1138 306 ¹
1165 284 1323 315 malorum
1354 285 1563 325 comparavit,
1600 291 1686 316 recta
1717 286 1821 326 pergit
1850 295 2042 326 quocunque
2067 286 2137 317 Do-

1165 327 1272 358 minus
1297 331 1398 364 vocat,
1429 338 1533 367 neque
1556 327 1609 359 vel
1633 328 1671 358 ad
1697 328 1875 368 dexteram,
1904 328 1955 360 vel
1980 329 2020 360 ad
2044 329 2138 361 sinis-

1164 374 1246 400 tram
1270 369 1419 401 deflectit.
1466 370 1505 401 In
1529 380 1664 408 summa,
1692 371 1775 402 hanc
1798 371 1878 402 bene
1901 371 2019 412 agendi
2043 382 2137 413 regu-

1165 411 1227 441 lam
1244 413 1436 452 praescribit
1454 418 1489 443 ut
1505 413 1543 444 ad
1560 412 1621 444 Dei
1638 413 1838 444 voluntatem
1855 424 1986 454 gressus
2007 420 2138 446 nostros

1164 453 1350 494 dirigamus,
1378 466 1419 486 nc
1442 455 1493 486 vel
1517 461 1632 496 metus,
1662 456 1715 487 vel
1740 456 1850 487 mundi
1874 456 2052 496 illecebrae,
2085 458 2137 489 vel

1164 495 1227 526 alia
1259 507 1317 529 nos
1344 497 1420 529 inde
1443 498 1613 530 abducant.
1659 498 1736 530 Ideo
1758 498 1896 537 subiicit,
1932 499 1988 530 Ne
2018 500 2137 531 clau-

1165 537 1319 571 dicatio
1342 541 1529 572 aberret:
1554 541 1615 574 hoc
1632 547 1688 579 est,
1706 551 1746 572 ne
1763 541 1982 582 claudicando,
2005 543 2137 574 tandem

1164 590 1182 610 a
1199 582 1250 611 via
1267 582 1393 623 longius
1410 583 1575 616 recedatis.
1614 584 1890 616 Claudicationem
1911 589 2012 622 vocat,
2037 595 2138 625 quum

1164 628 1289 656 mentes
1305 625 1473 656 hominum
1491 627 1662 664 alternant,
1687 636 1745 658 nec
1761 627 1885 658 sincere
1902 626 1972 657 Deo
1995 638 2029 658 se
2048 628 2137 659 addi-

1165 671 1251 697 cunt.
1308 668 1364 698 Sic
1398 669 1622 709 alloquebatur
1656 669 1747 701 Elias
1781 669 1852 701 illos
1886 669 2048 710 duplices,
2082 671 2137 710 qui

1164 708 1288 739 cultum
1313 709 1374 740 Dei
1397 712 1680 750 superstitionibus
1704 713 1772 744 suis
1793 712 1989 744 miscebant:
2014 712 2138 751 Quous-

1164 760 1226 790 que
1243 751 1430 783 claudicatis
1446 754 1479 784 in
1495 758 1666 795 utramque
1682 760 1806 796 partem
1827 755 1868 796 (1.
1885 755 1967 795 Reg.
1986 755 2036 794 18,
2059 755 2138 794 21)T²

1165 793 1225 824 Est
1249 800 1355 825 autem
1380 795 1510 835 elegans
1534 797 1612 829 haec
1636 798 1795 837 loquutio:
1820 797 1923 828 multo
1947 798 2034 829 enim
2054 798 2139 829 dete-

1164 836 1232 867 rius
1255 842 1303 867 est
1336 847 1445 868 errare
1475 849 1570 878 quam
1600 840 1788 872 claudicare.
1834 840 1915 877 Iam,
1938 841 1992 881 qui
2016 840 2138 872 claudi-

1165 888 1238 910 care
1268 880 1437 919 incipiunt,
1472 891 1537 912 non
1569 883 1678 913 statim
1710 887 1863 915 avertunt
1886 894 1920 914 se
1944 894 1962 914 a
1986 884 2046 920 via,
2082 884 2139 915 sed

1165 921 1321 961 paulatim
1350 923 1453 963 magis
1478 934 1514 955 ac
1536 925 1639 965 magis
1663 925 1702 955 ab
1725 936 1762 957 ea
1785 925 1948 963 recedunt,
1982 926 2082 958 donec
2105 927 2139 957 in

1165 974 1309 996 errorem
1338 965 1464 1005 abrepti
1493 967 1526 997 in
1559 967 1664 998 medio
1688 967 1829 999 Satanae
1861 968 2048 1010 labyrintho
2082 969 2140 1000 im-

1165 1006 1266 1046 pliciti
1284 1008 1448 1040 haereant.
1479 1009 1592 1040 Monet
1606 1010 1707 1050 igitur
1730 1011 1893 1050 apostolus
1917 1016 1951 1042 ut
1974 1012 2138 1043 sanandae

1165 1050 1392 1082 claudicationi
1416 1056 1542 1083 mature
1566 1052 1678 1084 demus
1700 1064 1846 1093 operam:
1871 1054 1945 1094 quia
1968 1054 1996 1086 si
2018 1054 2064 1085 illi
2087 1055 2137 1085 in-

1165 1092 1364 1133 dulgeamus,
1405 1094 1535 1135 longius
1574 1106 1632 1126 nos
1670 1106 1688 1126 a
1727 1095 1797 1127 Deo
1835 1097 1963 1127 tandem
2001 1101 2136 1129 avertet.

1164 1135 1280 1167 Posset
1309 1137 1405 1168 etiam
1438 1138 1532 1176 verti,
1567 1138 1616 1169 Ne
1646 1137 1838 1170 claudicatio
1865 1139 2048 1179 degeneret,
2081 1144 2136 1171 aut

1165 1178 1323 1210 discedat:
1344 1180 1486 1212 manebit
1502 1185 1610 1212 tamen
1628 1180 1712 1212 idem
1729 1191 1851 1213 sensus:
1868 1183 2018 1221 quoniam
2035 1182 2137 1224 signi-

1165 1221 1241 1253 ficat
1264 1223 1439 1262 apostolus,
1470 1234 1523 1255 eos
1547 1224 1601 1264 qui
1623 1228 1746 1255 rectum
1770 1233 1901 1256 cursum
1925 1235 1991 1255 non
2015 1229 2136 1264 tenent,

1164 1264 1220 1295 sed
1250 1265 1420 1305 paululum
1449 1277 1506 1307 per
1528 1267 1684 1298 incuriam
1709 1267 1773 1298 huc
1797 1267 1847 1298 vel
1870 1267 1946 1298 illuc
1969 1267 2137 1300 deflectere

1165 1307 1225 1338 sibi
1255 1309 1460 1348 permittunt,
1493 1310 1646 1350 temporis
1676 1320 1827 1342 successu
1857 1309 1987 1349 penitus
2017 1321 2036 1341 a
2067 1311 2136 1342 Deo

1164 1350 1310 1382 alienari.

1252 1394 1303 1425 14.
1326 1394 1440 1427 Pacem
1461 1395 1630 1427 sectamini.
1668 1395 1721 1427 Ita
1744 1396 1813 1426 nati
1835 1401 1912 1426 sunt
1935 1395 2083 1427 homines
2102 1401 2136 1427 ut

1166 1436 1316 1469 videatur
1356 1439 1579 1478 unusquisque
1613 1439 1752 1479 fugitare
1786 1448 1916 1479 pacem:
1957 1439 2016 1470 sibi
2050 1439 2135 1470 enim

1164 1481 1317 1520 privatim
1348 1481 1471 1522 singuli
1501 1481 1644 1519 student,
1675 1491 1782 1513 mores
1812 1491 1888 1513 suos
1912 1481 2024 1513 volunt
2049 1482 2135 1518 ferri,

1165 1523 1303 1554 aliorum
1337 1524 1481 1555 moribus
1512 1535 1547 1555 se
1580 1524 1822 1556 accommodare
1852 1535 1918 1556 non
1949 1524 2135 1565 dignantur.

1166 1567 1254 1607 Ergo
1277 1567 1339 1598 nisi
1363 1577 1482 1608 magno
1505 1567 1614 1599 labore
1637 1572 1799 1600 sectemur
1819 1577 1941 1608 pacem,
1965 1577 2035 1598 eam
2055 1578 2135 1598 nun-

1165 1620 1261 1650 quam
1294 1609 1523 1642 retinebimus:
1557 1610 1661 1641 multa
1695 1610 1782 1642 enim
1815 1610 1958 1650 quotidie
1991 1609 2136 1642 accident

1165 1662 1246 1693 quae
1279 1653 1480 1685 occasionem
1515 1653 1692 1694 praebeant
1726 1652 1877 1685 dissidiis.
1929 1652 2021 1684 Haec
2054 1653 2135 1684 ratio

1165 1698 1215 1727 est
1238 1706 1295 1727 cur
1316 1696 1426 1728 iubeat
1448 1696 1613 1736 apostolus
1629 1706 1740 1736 pacem
1757 1697 1888 1728 sectari:
1912 1705 1948 1727 ac
1964 1697 1991 1727 si
2007 1696 2137 1734 diceret,

1165 1749 1231 1770 non
1255 1738 1424 1770 colendam
1447 1749 1517 1771 esse
1540 1739 1700 1771 duntaxat
1723 1739 1828 1779 quoad
1851 1739 1944 1770 nobis
1966 1738 2029 1770 erit
2051 1749 2136 1770 com-

1164 1782 1305 1821 modum,
1329 1781 1385 1813 sed
1408 1781 1598 1814 enitendum
1621 1792 1690 1814 esse
1713 1792 1839 1813 summo
1862 1781 1968 1813 studio
1991 1785 2029 1812 ut
2047 1781 2136 1813 salva

1163 1825 1250 1856 inter
1288 1835 1346 1856 nos
1383 1827 1525 1857 maneat.
1585 1824 1680 1864 Quod
1719 1825 1789 1856 fieri
1826 1835 1891 1855 non
1929 1827 2034 1864 potest
2072 1824 2136 1855 nisi

1164 1868 1283 1900 multas
1319 1868 1458 1900 offensas
1493 1868 1738 1906 obliviscamur,
1776 1872 1872 1907 atque
1908 1867 1963 1898 alii
1996 1866 2067 1898 aliis
2101 1867 2135 1897 in

1163 1911 1275 1943 multis
1304 1911 1400 1942 rebus
1423 1914 1572 1942 mutuam
1596 1911 1709 1942 demus
1733 1910 1871 1942 veniam.
1917 1909 2002 1948 Quia
2024 1913 2151 1940 tamem

1163 1965 1227 1994 pax
1255 1953 1294 1985 ab
1321 1954 1429 1993 impiis
1452 1954 1515 1985 alia
1537 1954 1718 1986 conditione
1742 1963 1805 1984 non
1828 1957 1934 1993 potest
1956 1952 2136 1992 impetrari,

1163 2007 1258 2037 quam
1294 1997 1321 2027 si
1355 2007 1467 2028 eorum
1499 1997 1586 2028 vitiis
1621 2007 1657 2028 ac
1690 1996 1865 2028 sceleribus
1898 1996 2133 2026 assentiamur:

1162 2041 1233 2071 ideo
1254 2040 1402 2079 protinus
1421 2039 1511 2071 addit
1526 2040 1700 2080 apostolus,
1725 2038 2044 2070 sanctimoniam
2069 2048 2134 2068 una

1161 2093 1235 2114 cum
1259 2092 1335 2122 pace
1357 2082 1544 2114 sectandam
1568 2092 1653 2115 esse:
1676 2093 1712 2114 ac
1735 2082 1761 2113 si
1786 2081 1878 2112 nobis
1901 2091 1974 2112 eum
1999 2081 2059 2112 hac
2078 2091 2133 2112 ex-

1161 2126 1308 2166 ceptione
1336 2135 1447 2165 pacem
1469 2124 1716 2161 commendaret,
1749 2135 1788 2155 ne
1810 2124 1970 2155 malorum
1994 2123 2134 2155 amicitia

1163 2180 1220 2200 nos
1243 2168 1396 2208 inquinet
1419 2173 1474 2200 aut
1497 2168 1629 2208 polluat.
1668 2167 1890 2199 Sanctimonia
1913 2166 2001 2197 enim
2024 2166 2132 2197 Deum

1162 2211 1289 2252 proprie
1312 2211 1452 2251 respicit.
1492 2212 1602 2250 Quare
1625 2210 1750 2242 etiamsi
1773 2215 1861 2241 totus
1885 2209 2027 2240 mundus
2050 2208 2132 2240 bello

1161 2256 1299 2295 flagrare
1321 2254 1444 2292 debeat,
1467 2264 1533 2285 non
1549 2259 1597 2285 est
1613 2253 1789 2285 deserenda
1805 2252 2027 2289 sanctimonia,
2050 2261 2132 2291 quae

1162 2297 1326 2329 vinculum
1344 2302 1392 2328 est
1408 2302 1535 2329 nostrae
1547 2308 1619 2329 cum
1635 2297 1703 2327 Deo
1715 2295 1958 2327 coniunctionis.
1982 2294 2131 2334 Denique

1162 2340 1285 2380 placide
1314 2339 1480 2371 foveamus
1510 2349 1583 2371 cum
1613 2339 1798 2370 hominibus
1827 2337 2040 2375 concordiam,
2074 2337 2131 2368 sed

1161 2394 1261 2423 usque
1284 2383 1322 2413 ad
1348 2393 1429 2420 aras,
1453 2387 1490 2413 ut
1514 2383 1610 2413 habet
1634 2381 1849 2422 proverbium.
1891 2380 1997 2421 Negat
2020 2390 2130 2420 quem-

1160 2436 1255 2466 quam
1279 2436 1370 2465 posse
1388 2426 1491 2456 Deum
1510 2425 1620 2456 videre
1638 2425 1708 2456 sine
1724 2423 1954 2455 sanctimonia:
1979 2423 2129 2463 quoniam

1161 2479 1225 2500 non
1256 2469 1328 2499 aliis
1356 2468 1456 2499 oculis
1481 2469 1660 2499 videbimus
1684 2468 1801 2506 Deum,
1832 2476 1929 2506 quam
1953 2467 2008 2506 qui
2031 2466 2130 2497 refor-

1161 2512 1238 2543 mati
1263 2511 1383 2542 fuerint
1406 2511 1446 2542 ad
1470 2511 1538 2542 eius
1562 2511 1747 2550 imaginem.

1248 2555 1295 2585 15.
1322 2553 1438 2585 Garum
1461 2556 1581 2594 agentes
1603 2563 1640 2584 oze
1663 2553 1742 2592 quis,
1760 2554 1809 2583 etc.

1158 2598 1304 2629 videntes.
1350 2597 1411 2628 His
1435 2597 1541 2628 verbis
1565 2596 1686 2627 indicat
1709 2595 1884 2636 proclivem
1909 2605 1979 2627 esse
2003 2595 2128 2634 lapsum

1852 2551 1915 2591 Vel,
1938 2554 2046 2583 attente
2057 2561 2130 2591 pro-

139 2639 336 2677 quaerimus,
359 2638 403 2670 ita
420 2650 602 2677 econverso,
628 2640 771 2680 quisquis
787 2651 821 2671 se
837 2640 876 2671 ad
899 2640 1105 2672 tolerantiam
1132 2632 1134 2669 i
1160 2652 1178 2672 a
1204 2640 1264 2671 Dei
1294 2640 1415 2681 gratia:
1447 2649 1550 2679 neque
1579 2639 1665 2670 enim
1696 2638 1817 2670 frustra
1843 2638 2056 2669 attentionem
2080 2647 2129 2668 re-

242 2698 350 2725 Calvini
367 2706 459 2732 opera.
486 2699 544 2725 Vol.
563 2698 625 2726 LV.

1878 2698 1910 2723 12
