2513 3126
294 214 353 245 237

295 310 463 341 humilibus
498 318 564 338 vcro
597 307 649 336 «iat
681 306 826 345 qratiam.

296 354 351 384 sul»
363 352 479 391 polenii
496 360 591 381 71101111
609 348 680 385 Dei,
703 351 735 378 ut
758 357 812 378 vos
834 347 955 379 extollat
978 357 1073 386 quum
1096 348 1154 378 erit
1178 356 1267 386 opor·

297 399 418 427 tunam.-
465 394 491 423 ἶ.
519 392 611 423 Omni
635 401 712 422 cura
736 393 837 421 vestra
861 390 895 420 in
917 400 987 421 eum
1009 390 1159 422 coniecta:
1193 399 1266 429 quo-

297 439 381 470 niam
408 437 453 467 illi
475 445 551 466 cura
574 437 617 465 est
640 434 742 465 vestri.

382 531 411 560 5.
435 529 591 560 thiores.
631 528 782 559 88010188
807 527 868 558 8118
884 537 981 559 88080
998 527 1049 558 1118
1067 527 1156 566 110011
1171 537 1267 567 quam

298 583 394 613 prius.

296 626 349 646 cos
379 619 411 646 et
441 615 599 651 iuniores,
634 619 669 644 ut
703 613 847 644 membra
878 613 964 644 inter
986 623 1019 644 se
1043 612 1266 653 respondeant.

299 659 387 698 Ergo
412 663 516 689 aetate
541 667 634 688 senes
658 662 759 691 vocat,
789 666 888 695 quum
920 657 1010 696 prius
1034 655 1072 687 de
1094 655 1200 687 officio
1224 656 1267 686 lo·
1293 661 1294 687 ζ
1519 687 1525 693 ,
1676 688 1681 693 ,
1813 688 1818 694 ,
1947 689 1951 694 ,
2201 689 2207 695 ,

1293 689 1382 718 *non
1419 697 1567 726 propriae
1601 688 1722 728 gloriae
1757 688 1893 727 oblitus,
1932 688 2070 720 libenter
2103 690 2293 721 submittere

296 706 415 741 quutus
438 701 496 731 sit:
521 704 616 739 atque
641 700 685 730 ita
709 709 727 730 a
750 699 856 739 specie
879 698 1067 730 conscendit
1090 698 1129 729 ad
1154 709 1266 739 genus.

297 744 392 774 Iubet
410 750 518 774 autem
535 743 567 773 in
584 752 720 781 summa,
744 752 1016 782 unumquemque,
1041 749 1075 772 ut
1095 745 1144 772 est
1161 746 1267 772 aetate

298 786 442 824 inferior,
467 796 578 826 parere
602 785 761 816 maiorum
785 785 937 823 consiliis,
962 794 1060 824 seque
1083 784 1218 815 docilem
1236 788 1268 815 et

297 829 479 860 modestum
505 828 667 868 praebere.
706 828 767 859 Est
790 828 875 858 enim
899 828 1055 859 iuvenum
1078 827 1266 866 praesertim

298 872 420 903 lubrica
443 875 543 911 aetas,
565 880 646 911 quae
670 870 780 902 fraeno
802 881 884 911 opus
907 870 1013 901 habet.
1053 869 1179 900 Deinde
1203 880 1267 900 non

298 918 449 955 poterunt
482 913 622 945 officium
656 914 761 944 facere
796 918 956 954 pastores,
991 913 1053 943 nisi
1089 912 1199 952 vigeat
1232 921 1269 943 ac

298 958 424 989 colatur
458 957 538 988 haec
573 957 769 995 reverentia,
803 962 839 987 ut
869 956 1010 987 minores
1039 955 1205 995 patiantur
1235 965 1269 986 se

298 1000 483 1041 gubernari.
529 999 613 1030 Nam
644 999 672 1030 si
702 999 793 1030 nulla
815 1003 864 1030 est
886 998 1050 1034 subiectio,
1083 1007 1198 1028 eversa
1220 1002 1270 1028 est

298 1043 416 1082 politia.
455 1042 518 1074 Ubi
543 1052 654 1073 eorum
677 1042 730 1082 qui
755 1041 807 1073 vel
831 1042 900 1072 iure
925 1041 974 1072 vel
998 1045 1136 1072 naturae
1158 1040 1269 1071 ordine

298 1095 446 1126 praeesse
469 1084 598 1124 debent,
622 1084 710 1116 nulla
734 1090 782 1116 est
800 1084 966 1122 autoritas,
991 1083 1099 1114 statim
1120 1086 1270 1122 proterve

297 1138 410 1160 0111088
432 1128 619 1160 lasciviunt.

383 1183 425 1215 Et
446 1193 558 1215 omnes.
597 1183 715 1214 Finem
739 1182 880 1214 ostendit
903 1192 959 1213 cur
983 1182 1117 1212 iuvenes
1139 1181 1270 1213 senibus

299 1227 522 1266 obtemperare
546 1226 700 1258 debeant:
723 1230 760 1256 111
779 1225 898 1256 88111881
914 1225 1000 1255 inter
1015 1233 1128 1255 omnes
1143 1226 1271 1255 constet

300 1269 512 1310 aequabilitas
547 1276 578 1300 et
612 1272 841 1309 temperatura.
897 1267 1010 1307 Neque
1047 1266 1133 1298 enim
1171 1277 1270 1307 quum

300 1312 432 1345 senibus
456 1312 599 1343 defertur
622 1312 786 1349 autoritas,
810 1311 859 1342 108
876 1310 928 1341 vel
952 1309 1081 1341 licentia
1096 1309 1159 1341 illis
1176 1309 1272 1341 datur

301 1354 487 1386 excutiendi
518 1354 639 1386 fraeni:
670 1353 725 1385 sed
757 1354 819 1393 ipsi
843 1363 968 1393 quoque
991 1352 1025 1383 10
1049 1351 1196 1383 ordinem
1219 1362 1271 1384 co-

302 1403 433 1439 guntur,
463 1402 499 1428 01
526 1403 641 1429 mutua
663 1397 706 1428 sit
728 1396 893 1428 subiectio.
939 1395 994 1427 Sic
1017 1395 1155 1426 maritus
1178 1400 1272 1436 caput

301 1447 351 1472 est
384 1440 511 1471 uxoris:
546 1439 602 1471 sed
637 1444 744 1470 tamen
777 1438 826 1469 illi
860 1438 966 1479 aliquo
1001 1437 1097 1469 modo
1130 1438 1271 1470 vicissim

302 1483 465 1515 subiectus
497 1487 555 1515 881.
602 1482 658 1514 818
684 1486 777 1522 pater
798 1481 972 1521 imperium
996 1481 1095 1512 habet
1117 1481 1150 1512 in
1174 1481 1271 1512 filios:

302 1536 362 1557 088
395 1531 505 1557 tamen
539 1525 626 1557 omni
660 1524 858 1556 subiectione
887 1524 1058 1563 eximitur,
1091 1524 1170 1564 quin
1193 1524 1272 1564 ipsis

302 1568 423 1608 aliquid
458 1569 579 1600 debeat.

303 1611 454 1651 Denique
478 1621 590 1642 omnes
613 1609 733 1651 gradus
757 1609 880 1650 politici
895 1609 934 1641 ad
956 1609 1112 1641 tuendum
1130 1609 1273 1641 universi

303 1654 445 1694 corporis
476 1658 596 1684 statum
627 1654 802 1694 pertinent.
848 1652 945 1691 Quod
977 1652 1048 1684 fieri
1071 1662 1137 1683 non
1160 1656 1274 1693 potest,

303 1697 365 1728 nisi
395 1697 541 1728 membra
570 1696 679 1727 omnia
710 1700 823 1727 mutuo
845 1695 1054 1727 subiectionis
1079 1705 1167 1727 nexu
1190 1695 1275 1726 inter

302 1750 336 1771 se
359 1739 562 1771 cohaereant.

390 1794 608 1826 Humilitatem
639 1795 740 1826 animi
769 1794 898 1826 induite.
944 1792 1032 1825 Nihil
1063 1793 1205 1826 humano
1227 1794 1274 1825 in·

303 1838 398 1879 genio
428 1838 532 1878 magis
562 1837 736 1869 adversum
766 1842 816 1869 est
846 1847 942 1877 quam
969 1837 1133 1869 subiectio.
1191 1837 1276 1869 Vere

305 1882 390 1912 enim
414 1880 495 1911 illud
518 1880 593 1911 olim
617 1880 739 1912 dictum
763 1882 828 1912 est:
853 1880 938 1921 regis
955 1880 1101 1911 animum
1117 1890 1275 1921 quemque

304 1924 391 1954 intra
424 1934 458 1954 88
492 1923 620 1955 habere.
665 1923 779 1955 Donec
808 1933 886 1963 ergo
915 1922 1040 1954 subacti
1067 1923 1190 1954 fuerint
1219 1922 1276 1954 alti

305 1966 352 1997 illi
375 1966 519 2005 spiritus,
550 1966 667 2006 quibus
690 1970 800 2006 turget
822 1965 993 1996 hominum
1017 1969 1153 1997 natura:
1183 1976 1276 1997 nemo

307 2009 400 2039 alteri
430 2008 542 2040 cedere
566 2009 669 2040 volet:
705 2010 783 2049 quin
813 2009 921 2049 potius
952 2008 1081 2049 singuli,
1113 2009 1184 2040 aliis
1205 2018 1277 2040 8011-

309 2052 450 2090 181011118,
482 2051 591 2083 omnia
621 2051 682 2082 sibi
709 2051 917 2092 arrogabunt.
963 2051 1073 2090 Quare
1103 2052 1278 2092 prudenter

308 2093 490 2133 apostolus⁷
529 2099 565 2125 ut
601 2094 760 2125 modestia
793 2096 880 2125 inter
917 2104 976 2125 1108
1013 2094 1118 2126 locum
1152 2094 1278 2133 habeat,

307 2136 425 2167 fastum
456 2141 488 2166 et
517 2137 700 2176 superbiam
731 2137 874 2177 corrigit.
919 2137 1063 2177 Elegans
1094 2142 1201 2169 autem
1231 2141 1279 2168 881

307 2178 499 2218 metaphora
522 2189 584 2218 qua
607 2180 723 2217 utitur,
746 2190 782 2211 ac
805 2181 832 2210 si
857 2180 994 2211 diceret:
1018 2181 1105 2211 omni
1123 2191 1165 2211 ex
1188 2184 1278 2221 parte

308 2221 541 2261 amplectimini
559 2222 786 2260 humilitatem,
809 2223 905 2254 sicuti
923 2223 1020 2253 vestis
1040 2228 1141 2254 totum
1164 2232 1279 2263 corpus

309 2265 399 2305 tegit.
445 2264 575 2295 Interea
608 2265 770 2305 significat
808 2265 932 2296 nullum
971 2265 1187 2305 pulchriorem
1210 2275 1279 2297 8888

310 2312 460 2338 01081001
477 2312 534 2338 801
550 2307 777 2344 decentiorem,
794 2318 890 2348 quam
907 2308 961 2339 ubi
978 2318 1036 2340 1108
1049 2309 1279 2340 submittimus.

397 2357 567 2398 Propterea
596 2359 687 2398 quod.
740 2359 801 2390 Est
835 2359 1029 2400 gravissima
1062 2360 1279 2396 comminatio,

313 2401 397 2441 quod
422 2402 606 2441 quicunque
629 2411 663 2432 88
686 2401 800 2433 efferre
823 2402 961 2442 cupient,
990 2402 1113 2434 hostem
1139 2403 1280 2434 habituri

310 2444 376 2474 8101
392 2443 509 2481 Deum,
533 2444 588 2484 qui
611 2453 665 2475 808
688 2449 885 2484 prosternet:
909 2450 1021 2476 contra
1039 2456 1113 2477 vero
1130 2445 1280 2482 humiles,

311 2487 487 2525 propitium
510 2492 542 2518 et
565 2487 738 2518 faventem.
773 2487 964 2527 Fingeudae
987 2494 1063 2519 sunt
1086 2488 1179 2519 1101118
1199 2487 1280 2519 duae

311 2538 428 2560 manus
463 2529 540 2560 Dei:
575 2529 677 2561 altera
711 2540 793 2569 quae
827 2540 973 2570 sursum,
1007 2531 1107 2562 veluti
1135 2531 1281 2569 malleus,

312 2570 442 2602 deiiciat
475 2582 511 2603 ac
540 2577 685 2603 conterat
716 2572 769 2612 qui
803 2583 837 2604 88
872 2573 1034 2605 811011001;
1070 2574 1171 2605 altera
1200 2583 1281 2614 quae

313 2613 462 2653 humiles,
494 2615 548 2654 qui
577 2620 691 2655 sponte
721 2626 755 2646 se
778 2615 964 2654 demittunt,
999 2617 1147 2657 excipiat,
1181 2616 1282 2648 veluti

313 2656 436 2688 stabilis
470 2657 592 2688 fultura
625 2658 665 2688 ad
696 2668 750 2689 eos
779 2658 994 2690 sustinendos.
1046 2660 1118 2692 Hoc
1150 2660 1178 2691 81
1206 2669 1283 2690 vere

1119 208 1259 239 ltl’ls'r.
1286 208 1418 239 PETRI
1448 208 1458 238 l

881 305 909 334 6.
942 304 1168 335 Humiliamini
1198 314 1266 344 erqo
1292 308 1293 324 ³

441 572 580 603 Necesse
603 571 688 602 enim
713 577 771 609 est,
799 581 897 610 quum
921 570 1095 602 antithesis
1118 570 1161 601 sit
1184 571 1268 601 inter
1293 590 1295 595 ‹

632 1566 723 1598 Idem
757 1571 789 1598 et
821 1566 860 1598 de
889 1567 1024 1607 reliquis
1057 1566 1271 1598 sentiendum.
1299 1596 1300 1607 ,

2232 211 2295 242 288

1320 314 1508 344 persuasum
1544 308 1576 333 et
1610 303 1727 334 animis
1763 304 1883 335 nostris
1917 304 2053 336 infixum
2083 310 2184 342 esset.
2221 307 2294 346 quis

1319 346 1532 387 superbiendo
1570 346 1704 377 auderet
1739 347 1857 378 bellum
1892 356 1965 378 8001
2002 348 2072 379 Deo
2105 348 2291 388 suscipere?

1320 389 1412 420 Nunc
1444 399 1516 428 spos
1551 388 1753 428 impunitatis
1788 389 1863 421 facit
1897 393 1933 420 ut
1968 390 1999 421 10
2031 390 2157 422 eoelum
2192 401 2292 431 usque

1319 442 1417 463 cornu
1452 431 1599 462 attollere
1635 442 1698 462 000
1733 431 1933 463 horreamus.
1990 432 2043 464 Sit
2077 433 2178 474 igitur
2213 433 2292 465 haec

1321 475 1408 506 Petri
1432 473 1602 512 sententia,
1626 474 1716 514 quasi
1741 475 1877 506 coeleste
1902 475 2023 506 fulmen
2048 475 2088 507 ad
2113 476 2290 508 humilian-

1321 518 1378 548 dos
1402 516 1556 548 homines.
1604 516 1772 548 Caeterum
1806 517 1988 549 humiles
2012 523 2104 550 vocat
2127 519 2181 559 qui
2206 519 2293 550 omni

1321 560 1468 600 propriae
1507 559 1654 596 virtutis,
1693 560 1884 600 sapientiae,
1923 563 1956 592 et
1994 560 2137 592 iustitiae
2174 561 2293 593 fiducia

1320 601 1486 639 exinaniti,
1511 601 1665 641 quidquid
1692 602 1767 633 boui
1789 608 1848 640 est,
1882 604 1915 634 in
1938 603 2006 635 solo
2030 603 2101 635 Deo
2125 610 2292 644 quaerunt.

1322 646 1356 676 81
1391 655 1455 675 000
1491 645 1553 676 0181
1589 644 1648 677 1188
1682 646 1733 676 via
1767 646 1806 676 ad
1842 645 1948 677 Deum
1980 647 2188 687 pervenitur,
2222 647 2293 687 quis

1320 742 1353 762 88
1377 729 1492 761 debet?

1405 774 1433 803 6.
1471 772 1697 805 Humiliamini
1730 784 1812 814 erqo.
1864 774 2002 814 Semper
2033 774 2209 806 tenendum
2244 780 2293 806 est

1320 817 1351 847 iu
1375 826 1468 855 quem
1494 817 1592 846 finem
1616 827 1673 848 nos
1696 827 1804 849 coram
1826 816 1897 848 Deo
1921 817 2059 848 humiles
2083 828 2153 849 8888
2171 817 2294 849 iubeat:

1321 864 1354 889 ut
1377 858 1498 890 scilicet
1521 858 1629 890 faciles
1652 863 1748 900 atque
1772 860 1906 891 humani
1929 860 2082 892 fratribus
2099 861 2211 900 simus,
2236 870 2294 892 088

1321 911 1505 933 recusemus
1529 912 1585 932 008
1608 902 1671 933 11118
1694 902 1851 933 8011118818
1874 908 2030 943 quantum
2051 903 2193 943 postulat
2210 902 2292 934 eari-

1322 945 1396 976 tatis
1426 944 1516 975 ratio.
1567 944 1655 985 Ergo
1684 945 1737 985 qui
1768 944 1902 976 fastuosi
1932 951 2009 976 sunt
2041 946 2091 977 vel
2122 945 2294 986 praefracti

1322 998 1397 1028 erga
1428 987 1585 1024 homines,
1616 998 1670 1019 eos
1695 987 1772 1019 dicit
1795 987 1950 1019 adversus
1975 989 2081 1020 Deum
2105 989 2294 1029 protervire.

1322 1030 1463 1062 Proinde
1494 1029 1645 1061 hortatur
1676 1041 1788 1062 omnes
1819 1030 1896 1070 pios,
1928 1035 1964 1062 ut
1988 1030 2049 1062 Dei
2074 1032 2237 1072 potentiae
2260 1041 2295 1063 se

1322 1073 1505 1105 subiiciant.
1558 1073 1601 1104 Et
1634 1083 1796 1104 manum
1832 1073 1909 1105 Dei
1943 1078 2159 1114 potentem
2194 1078 2296 1114 vocat,

1322 1127 1384 1156 quo
1407 1115 1480 1156 plus
1503 1116 1640 1147 incutiat
1656 1117 1799 1148 terroris.
1834 1116 1977 1148 Tametsi
1993 1117 2080 1148 enim
2104 1122 2293 1157 perpetuum

1322 1164 1371 1190 est
1393 1169 1510 1190 manus
1533 1158 1596 1190 Dei
1620 1158 1816 1200 epithetum:
1849 1159 1901 1190 hic
1924 1163 2029 1190 tamen
2052 1159 2091 1191 ad
2115 1159 2295 1200 praesentis

1323 1212 1436 1234 causae
1455 1201 1730 1233 circumstantiam
1747 1201 2016 1239 accommodatur,
2039 1208 2202 1234 caeterum
2220 1202 2295 1242 quia

1324 1246 1437 1276 timere
1467 1244 1567 1286 vulgo
1594 1245 1743 1283 solemus,
1774 1255 1814 1276 ne
1844 1245 1963 1276 damno
1993 1246 2035 1276 sit
2064 1245 2157 1277 nobis
2185 1250 2295 1277 nostra

1326 1287 1499 1324 humilitas,
1532 1292 1565 1318 et
1595 1287 1649 1318 alii
1679 1288 1738 1319 hac
1765 1288 1933 1320 occasione
1955 1288 2060 1328 magis
2083 1287 2295 1319 insolescant:

1324 1331 1464 1362 occurrit
1490 1330 1617 1369 Petrus,
1646 1341 1683 1362 ac
1714 1331 1923 1362 eminentiam
1954 1330 2115 1370 promittit
2145 1331 2296 1362 omnibus

1325 1373 1379 1414 qui
1411 1383 1446 1405 se
1475 1373 1696 1405 submiserint.
1740 1373 1806 1405 Sed
1830 1373 1917 1404 addit
1948 1374 1988 1404 in
2022 1376 2225 1414 tempore,
2260 1378 2296 1404 ut

1326 1416 1445 1448 nimiae
1464 1416 1662 1448 festinationi
1680 1416 1777 1447 simul
1793 1416 1919 1448 obviam
1935 1421 1998 1447 eat.
2032 1416 2204 1458 Significat
2220 1425 2296 1456 ergo

1325 1470 1406 1500 opus
1428 1469 1499 1490 esse
1522 1464 1559 1490 ut
1582 1458 1798 1490 humilitatem
1822 1459 1862 1490 ad
1885 1465 2012 1499 tempus
2032 1459 2207 1491 discamus:
2232 1458 2297 1490 Do-

1327 1503 1450 1533 minum
1467 1512 1546 1533 vero
1570 1503 1649 1534 satis
1665 1507 1775 1534 tenere
1794 1501 1919 1542 quando
1938 1512 1997 1533 nos
2016 1502 2120 1533 attolli
2137 1501 2296 1542 expediat.

1326 1545 1377 1577 Ita
1399 1545 1468 1576 eius
1491 1545 1623 1576 consilio
1647 1546 1833 1585 permittere
1856 1555 1914 1576 nos
1937 1544 2038 1577 decet.

1412 1588 1440 1618 7.
1476 1587 1568 1619 Omni
1595 1597 1671 1619 cura
1699 1589 1808 1620 vestra.
1854 1588 2050 1628 Expressius
2078 1587 2184 1619 adhuc
2206 1587 2298 1619 nobis

1326 1630 1532 1663 commendat
1566 1631 1628 1662 Dei
1662 1631 1912 1671 providentiam.
1966 1630 2062 1662 Unde
2096 1630 2183 1661 enim
2218 1630 2298 1662 haec

1327 1674 1507 1714 proverbia,
1531 1673 1722 1705 ululandum
1746 1684 1815 1705 esse
1837 1674 1922 1705 inter
1938 1673 2045 1714 lupos:
2069 1674 2158 1714 item,
2180 1673 2298 1705 stultos

1328 1727 1397 1749 esse
1421 1717 1475 1757 qui
1499 1715 1613 1748 ovibus
1635 1722 1713 1748 sunt
1736 1716 1866 1754 similes,
1890 1717 1965 1756 quia
1984 1716 2069 1757 lupis
2086 1727 2120 1748 se
2136 1715 2298 1748 vorandos

1329 1764 1511 1800 exponunt:
1543 1760 1605 1790 0181
1634 1760 1708 1800 8018
1731 1765 1881 1800 putamus
1906 1763 2018 1791 nostra.
2041 1759 2195 1790 modestia
2217 1759 2298 1790 trae-

1329 1814 1406 1834 num
1430 1803 1533 1834 laxari
1557 1803 1730 1843 impiorum
1749 1802 1912 1839 audaciae,
1936 1806 1970 1834 ut
1989 1802 2186 1843 petulantius
2205 1802 2299 1833 nobis

1329 1845 1510 1877 insultent?
1544 1846 1648 1877 Porro
1673 1845 1725 1877 hic
1748 1850 1855 1877 motus
1874 1856 1915 1876 ex
1932 1845 2059 1877 divinae
2076 1845 2299 1885 providentiae

1329 1889 1515 1930 ignorantia
1538 1889 1691 1921 nascitur.
1724 1887 1844 1919 Contra
1867 1892 1976 1920 autem
2000 1888 2096 1920 simul
2119 1892 2216 1928 atque
2239 1887 2299 1919 hoc

1329 1932 1539 1963 constitutum
1564 1932 1670 1971 fuerit,
1694 1941 1801 1962 curam
1825 1932 1927 1962 nostri
1951 1941 2020 1964 esse
2042 1931 2121 1969 Deo,
2146 1930 2238 1962 facile
2261 1930 2303 1961 ad

1330 1974 1518 2015 patientiam
1542 1979 1573 2005 81
1593 1973 1875 2006 mansuetudinem
1892 1973 2061 2014 compositi
2080 1977 2176 2005 erunt
2192 1973 2302 2004 animi.

1331 2018 1419 2058 Ergo
1442 2027 1483 2048 ne
1507 2017 1674 2048 hominum
1698 2017 1888 2057 improbitas
1911 2016 1950 2047 ad
1974 2017 2124 2048 ferociam
2140 2025 2200 2048 nos
2217 2016 2301 2048 solli-

1330 2060 1416 2100 citet,
1447 2060 1507 2090 hec
1536 2059 1715 2091 remedium
1745 2059 1934 2100 praescribit
1961 2060 2134 2099 apostolus,
2164 2060 2247 2091 sicut
2270 2063 2303 2089 81

1331 2102 1440 2133 David
1471 2103 1596 2142 psalmo
1625 2102 1935 2142 tricesimoseptimo,
1964 2107 2000 2133 ut
2029 2112 2106 2133 cura
2136 2105 2246 2133 nostra
2268 2101 2302 2132 in

1334 2146 1439 2176 Deum
1473 2146 1592 2176 reiecta
1631 2145 1763 2176 interim
1794 2146 2005 2186 quiescamus.
2061 2145 2144 2176 Nam
2184 2144 2240 2184 qui
2268 2144 2303 2174 10

1332 2188 1394 2219 Ι)81
1415 2187 1650 2227 providentiam
1669 2198 1733 2219 non
1751 2187 1952 2226 recumbunt,
1976 2197 2030 2219 eos
2047 2198 2159 2219 omnes
2176 2187 2304 2218 assidue

1332 2241 1442 2262 secum
1474 2230 1666 2261 tumultuari
1697 2241 1826 2263 necesse
1856 2236 1918 2268 881,
1949 2236 1980 2262 81
2011 2230 2150 2261 violento
2179 2231 2304 2270 impetu

1333 2273 1489 2304 adversus
1520 2273 1600 2303 alios
1634 2284 1737 2305 ruere.
1783 2274 1856 2312 Quo
1880 2274 1983 2314 magis
2006 2274 2038 2304 10
2063 2273 2146 2304 hanc
2170 2272 2303 2303 medita-

1334 2316 1454 2346 tionem
1479 2316 1664 2347 incumbere
1688 2327 1747 2347 nos
1770 2319 1905 2356 oportet,
1932 2317 2037 2347 Deum
2057 2315 2175 2346 habere
2191 2325 2303 2346 curam

1333 2359 1454 2390 nostri:
1479 2359 1617 2398 primum
1640 2364 1676 2389 ut
1692 2369 1756 2398 pax
1772 2359 1864 2390 nobis
1879 2359 2006 2389 interne
2022 2363 2161 2389 constet:
2186 2356 2304 2389 deinde

1334 2408 1370 2432 ut
1393 2412 1470 2442 erga
1493 2401 1642 2432 homines
1665 2402 1802 2433 modesti
1825 2401 2050 2441 mansuetique
2072 2404 2183 2432 simus.
2224 2400 2303 2432 Gae-

1335 2449 1440 2475 terum
1472 2454 1535 2475 non
1565 2444 1611 2475 ita
1634 2444 1784 2475 iubemur
1806 2444 1963 2475 coniicere
1987 2454 2114 2474 omnem
2137 2444 2171 2474 in
2194 2443 2303 2474 Deum

1334 2497 1454 2524 curam,
1479 2487 1568 2526 quasi
1592 2497 1649 2517 1108
1673 2487 1808 2527 lapideis
1830 2486 1979 2518 cordibus
2002 2486 2174 2526 praeditos,
2200 2486 2304 2517 omni·

1335 2540 1397 2570 que
1425 2540 1522 2561 sensu
1552 2530 1696 2570 privatos
1726 2540 1795 2560 esse
1819 2528 1909 2560 Deus
1933 2530 2028 2560 velit:
2059 2529 2116 2560 sed
2143 2540 2183 2560 ne
2206 2529 2304 2568 trepi-

1335 2573 1421 2604 datio
1445 2573 1496 2604 vel
1525 2573 1671 2603 anxietas
1702 2572 1803 2602 nimia
1834 2571 1874 2603 ad
1904 2572 2139 2612 impatientiam
2163 2582 2222 2603 nos
2244 2572 2303 2602 im·

1336 2615 1443 2656 pellat.
1490 2614 1648 2647 Similiter
1672 2615 1800 2645 divinae
1830 2615 2052 2655 providentiae
2075 2615 2216 2655 cognitio
2239 2623 2303 2645 non

1336 2659 1381 2689 ita
1404 2658 1491 2690 omni
1514 2668 1590 2690 8018
1609 2657 1733 2696 11118181,
1758 2660 1793 2688 01
1816 2668 1927 2689 secure
1947 2658 2007 2689 sibi
2031 2658 2177 2689 homines
2199 2656 2304 2688 indul-
