2513 3126
284 210 346 240 427
1124 201 1256 234 EPIS'P

288 309 323 335 ut
346 303 537 334 damnentur
560 309 688 330 omnes:
713 298 788 337 quis
807 307 901 329 nemo
920 300 969 328 eet
985 297 1039 337 qui
1060 306 1124 327 non
1141 296 1257 328 fratres

287 356 363 377 suos
393 343 545 380 offendat,
573 347 605 373 et
634 341 801 372 materiam
833 340 984 380 praebeat
1016 339 1256 379 ingemiscendi.

289 390 356 420 lam
388 388 415 417 si
446 389 686 424 conquerantur
716 382 846 423 singuli,
880 392 992 413 omnes
1014 392 1048 412 se
1071 388 1182 412 mutuo
1205 391 1256 413 ac·

287 430 462 462 cusabunt:
498 437 592 458 nemo
624 427 710 457 enim
742 431 807 457 tam
840 426 1005 463 innocens,
1037 424 1179 464 quinon
1203 423 1258 455 ali-

310 484 367 504 uos
397 471 542 502 laeserit:
574 469 663 500 Deus
694 468 874 501 communis
898 467 959 499 erit
982 467 1126 498 omnium
1151 466 1257 498 iudex.

288 484 374 555 Quid
405 523 483 554 crgo
506 513 650 544 futurum
675 516 733 547 est.
762 511 824 542 nisi
855 515 890 542 ut
914 510 998 550 quod
1022 510 1157 550 quisque
1179 509 1257 541 iudi-

286 559 372 589 cium
408 557 440 587 in
475 555 554 587 alios
586 556 661 586 ferri
691 555 794 594 cupit,
827 554 860 585 in
890 563 925 585 se
954 553 1060 593 ipsum
1089 552 1256 584 admittat:

287 605 385 640 atque
407 601 451 630 ita
474 598 689 630 exaudiantur
705 607 818 628 omnes
841 597 875 627 in
892 601 1038 627 mutuam
1059 594 1256 635 perniciem?

288 643 389 674 Nemo
420 642 529 682 itaque
554 640 727 671 vindictam
758 639 797 671 de
826 639 898 671 aliis
925 641 1087 678 exposcat,
1120 638 1179 669 nisi
1204 638 1258 678 qui

288 687 319 717 iu
351 687 448 726 caput
476 694 569 715 suum
602 683 686 714 volet
715 692 887 714 accersere.
933 681 981 713 Ac
1011 691 1052 712 ne
1075 686 1195 712 temere
1218 680 1258 711 ad

289 727 444 760 eiusmodi
465 726 609 767 querelas
626 725 808 766 prosiliant,
831 724 967 756 iudicem
988 723 1156 755 denuntiat
1173 728 1258 755 stare

289 782 348 813 pro
382 770 510 802 foribus.
565 769 666 807 Nam,
699 778 779 808 quae
811 770 918 799 nostra
950 769 993 798 est
1020 766 1187 806 propensio
1218 765 1260 797 ad

283 813 520 854 profanandum
556 812 620 843 Dei
657 821 780 851 nomen,
816 811 850 842 in
887 809 1055 842 levissimis
1090 808 1260 849 quibusque

288 856 413 896 offensis
431 864 637 895 provocamus
659 854 702 886 ad
724 854 791 885 cius
813 853 976 885 iudicium.
1012 851 1144 883 Nullum
1160 853 1260 882 autem

288 901 394 940 aptius
414 899 560 938 fraenum
575 900 619 929 est
636 896 818 929 cohibendae
832 898 956 928 nostrae
971 894 1144 932 temeritati,
1167 903 1262 933 quam

288 943 317 974 si
339 944 514 981 reputemus
536 951 597 972 non
619 941 654 971 in
676 950 779 972 aerem
804 948 980 971 evanescere
1002 940 1124 969 nostras
1146 937 1260 976 impre-

286 986 432 1024 cationes,
454 984 530 1024 quia
552 983 617 1015 Dei
637 983 793 1014 iudicium
809 981 1023 1022 propinquum
1045 981 1094 1012 sit.

377 1069 426 1101 10.
456 1068 645 1108 Exemplum
674 1067 803 1107 accipite
829 1067 1018 1107 afflictionis,
1047 1065 1163 1104 fratres
1189 1064 1261 1103 mei,

289 1116 318 1145 et
339 1112 521 1145 tolerantiae
540 1111 709 1152 prophetas
741 1110 796 1150 qui
818 1109 936 1150 loquuti
957 1111 1028 1140 sunt
1049 1107 1172 1139 nomine
1194 1106 1260 1138 Do-

289 1156 379 1188 mini.
418 1156 468 1187 11.
492 1154 571 1187 Ecce
593 1154 694 1186 beatos
716 1163 780 1185 esse
800 1153 943 1184 ducimus
965 1161 1014 1183 eos
1030 1151 1086 1190 qui
1100 1149 1260 1182 sustinent.

290 1199 481 1231 Patientiam
511 1197 566 1229 Iob
599 1197 751 1234 audistis,
784 1198 812 1227 et
840 1195 933 1235 finem
962 1193 1094 1226 Domini
1125 1192 1259 1231 vidistis,

289 1242 371 1283 quod
392 1242 524 1273 multum
545 1240 586 1271 sit
608 1239 785 1271 misericors
807 1240 833 1270 et
855 1237 1082 1270 commiserans.

379 1326 428 1358 10.
458 1325 648 1366 Exemplum
679 1324 814 1364 accipite.
851 1322 1020 1359 Solatium,
1050 1320 1134 1361 quod
1157 1320 1262 1362 affert,

291 1380 357 1402 non
375 1368 456 1401 illud
477 1373 526 1400 est
541 1368 625 1408 quod
642 1368 769 1408 vulgari
793 1365 965 1407 proverbio
981 1364 1104 1403 dicunt,
1128 1363 1262 1395 miseros

292 1417 444 1453 expetere
474 1416 512 1443 ut
541 1411 781 1451 qualescunque
804 1409 946 1440 habeant
968 1406 1127 1438 malorum
1151 1406 1262 1439 socios.

292 1455 360 1488 Sed
383 1465 438 1486 eos
462 1454 614 1495 proponit
636 1453 746 1490 socios,
774 1461 911 1492 quorum
935 1460 1070 1481 numero
1093 1450 1263 1490 aggregari

292 1497 435 1539 optabile
465 1498 520 1528 sit:
554 1502 585 1527 et
615 1495 806 1536 quibuscum
837 1494 864 1526 si
893 1492 1074 1524 communis
1105 1493 1149 1524 sit
1172 1492 1262 1524 nobis

292 1541 445 1579 conditio,
476 1549 541 1571 non
572 1544 677 1579 potest
710 1538 827 1568 misera
857 1547 937 1568 esse.
982 1535 1066 1567 Nam
1089 1535 1183 1567 sicuti
1208 1545 1261 1566 ne—

293 1593 382 1615 cesse
404 1587 454 1614 est
476 1587 620 1614 extremo
649 1590 794 1612 moerore
818 1589 878 1612 nos
901 1579 995 1617 affici,
1025 1578 1052 1609 si
1074 1577 1150 1618 quid
1173 1577 1263 1609 nobis

294 1627 369 1657 mali
403 1625 538 1663 accidat,
572 1624 656 1665 quod
680 1632 844 1663 uunquam
867 1623 994 1662 experti
1016 1622 1081 1653 sint
1103 1620 1161 1652 filii
1186 1620 1262 1652 Dei:

294 1669 339 1701 ita
363 1669 442 1700 haec
465 1667 638 1708 singularis
661 1670 710 1698 est
732 1665 918 1702 consolatio,
942 1674 1042 1705 quum
1064 1664 1182 1695 scimus
1205 1673 1263 1695 nos

294 1712 377 1743 nihil
411 1711 477 1751 pati
507 1710 548 1741 ab
578 1710 644 1742 illis
674 1709 855 1741 diversum:
890 1708 955 1739 imo
978 1707 1019 1738 ad
1042 1706 1127 1738 idem
1151 1707 1263 1747 iugum

293 1765 367 1786 cum
404 1754 483 1794 ipsis
523 1753 750 1785 sustinendum
791 1761 851 1783 nos
887 1750 993 1791 aptari
1032 1749 1264 1790 cognoscimus.

294 1797 405 1837 Quum
439 1795 564 1828 audiret
598 1796 656 1827 Iob
683 1805 702 1826 a
732 1794 799 1826 suis
833 1794 958 1825 amicis:
992 1792 1192 1824 Convertere
1224 1791 1264 1822 ad

294 1844 440 1872 sanctos:
474 1848 516 1870 an
552 1839 689 1878 aliquem
724 1837 865 1878 reperies
899 1837 954 1876 qui
988 1835 1045 1867 tibi
1080 1836 1122 1866 sit
1150 1834 1264 1866 similis

295 1883 373 1924 (lob.
390 1882 419 1920 5,
446 1881 498 1924 1)?
522 1887 591 1913 erat
615 1881 694 1913 haec
710 1891 772 1912 vox
789 1880 943 1919 Satanae,
965 1888 1028 1918 qua
1050 1878 1264 1918 praecipitare

296 1927 328 1957 in
359 1925 614 1966 desperationem
642 1924 748 1964 ipsum
772 1922 910 1954 volebat.
955 1922 1007 1953 Ex
1032 1921 1167 1953 adverso
1188 1920 1265 1952 dum

297 1968 431 2009 spiritus
453 1978 511 2008 per
533 1978 568 1998 os
590 1966 698 1998 Iacobi
722 1977 780 1997 nos
804 1965 875 1996 vult
896 1964 931 1996 in
954 1964 1070 1996 bonam
1093 1973 1183 2004 spem
1207 1963 1266 1995 eri-

298 2021 385 2052 gere,
418 2015 545 2041 sauctos
568 2019 680 2041 omues
704 2013 897 2049 praeeuntes
920 2008 1010 2039 nobis
1033 2006 1184 2045 ostendit,
1213 2005 1267 2046 qui

297 2053 390 2085 nobis
410 2052 510 2084 veluti
533 2062 665 2084 manum
690 2052 870 2092 porrigant,
893 2060 1014 2091 suoque
1036 2049 1186 2090 exemplo
1209 2059 1268 2080 nos

299 2096 440 2128 invitent
477 2095 517 2126 ad
557 2095 741 2126 subeundas
781 2099 813 2125 et
848 2093 1025 2124 vincendas
1064 2092 1267 2124 afflictiones.

298 2139 486 2171 Promiscue
508 2137 637 2178 quidem
660 2137 825 2168 aerumnis
852 2141 884 2167 et
908 2135 1002 2167 rebus
1024 2135 1169 2167 adversis
1192 2134 1267 2166 sub-

298 2182 383 2214 iecta
412 2186 462 2212 est
491 2180 659 2211 hominum
682 2180 766 2210 vita:
797 2179 852 2210 sed
883 2178 1018 2210 Iacobus
1048 2188 1114 2209 non
1138 2177 1268 2218 quosvis

299 2224 430 2256 adducit
453 2224 487 2254 in
510 2222 703 2263 exemplum,
727 2222 801 2263 quia
824 2221 905 2252 nihil
921 2222 1048 2252 iuvaret
1068 2231 1140 2252 cum
1160 2219 1268 2251 multi-

301 2266 412 2299 tudine
436 2266 557 2306 perire:
581 2276 694 2297 verum
718 2264 894 2305 prophetas
917 2264 1007 2304 eligit
1028 2274 1166 2304 quorum
1190 2262 1268 2294 felix

300 2315 351 2341 est
377 2310 524 2341 societas.
570 2308 659 2339 Nihil
694 2312 742 2339 est
771 2307 857 2338 aliud
889 2307 973 2347 quod
1002 2317 1058 2338 nos
1081 2307 1209 2347 frangat
1231 2315 1269 2337 ac

301 2352 463 2384 exanimet
500 2361 597 2391 quam
636 2350 785 2382 miseriae
822 2360 945 2381 sensus.
1011 2350 1153 2381 Proinde
1190 2349 1269 2380 haec

301 2405 380 2427 vera
403 2394 579 2427 consolatio
596 2397 654 2430 est,
678 2403 761 2433 quae
785 2392 869 2423 mala
888 2392 985 2432 vulgo
1007 2397 1172 2432 putantur,
1196 2401 1267 2423 sen-

302 2438 363 2469 tire
394 2437 486 2469 nobis
515 2447 585 2468 esse
607 2436 719 2468 salutis
743 2435 939 2467 adiumenta.
983 2435 1055 2467 Hoc
1078 2434 1206 2475 quidem
1230 2433 1270 2465 ab

303 2480 519 2521 intelligentia
552 2479 660 2511 carnis
689 2478 783 2510 valde
817 2483 865 2509 est
892 2477 1048 2509 alienum:
1084 2478 1130 2509 sic
1161 2482 1268 2508 tamen

304 2528 446 2554 statuere
477 2523 595 2554 debent
619 2521 739 2560 fideles,
768 2531 802 2552 se
826 2521 933 2552 beatos
956 2530 1025 2551 esse
1047 2531 1146 2561 quum
1171 2519 1270 2551 variis

304 2565 470 2597 aerumnis
493 2565 671 2605 probantur
693 2574 712 2595 a
734 2563 885 2595 Domino.
930 2563 1003 2595 Hoc
1026 2569 1060 2594 ut
1078 2562 1271 2604 persuadeat

305 2608 452 2647 Iacobus,
475 2609 573 2639 finem
596 2607 807 2638 afflictionum
831 2606 865 2637 in
888 2606 1052 2646 prophetis
1068 2605 1271 2638 consideran-

306 2651 383 2682 dum
417 2661 486 2682 esse
520 2650 688 2682 admonet:
722 2660 797 2681 nam
831 2649 907 2689 quia
937 2649 969 2679 in
1001 2649 1138 2689 propriis
1165 2647 1270 2686 malis,

1259 222 1266 230 .
1290 198 1449 231 IACOBI

2218 195 2279 226 428

1309 293 1429 331 dolore,
1461 291 1600 327 tristitia,
1629 294 1686 320 aut
1709 289 1822 329 quovis
1846 288 1908 320 alio
1932 288 2140 320 immoderato
2163 288 2280 320 affectu

1310 334 1542 376 praeoccupati,
1574 332 1690 364 iudicio
1719 342 1876 368 caremus.
1908 336 1940 363 et
1968 331 2057 372 quasi
2089 333 2280 371 tempestate

1311 379 1431 417 iactati,
1462 376 1520 408 sub
1551 375 1678 406 turbido
1702 374 1790 407 coelo
1814 379 1847 406 et
1869 375 1954 405 iuter
1978 373 2099 405 medias
2123 373 2281 413 procellas

1311 421 1393 452 nibil
1424 419 1602 451 cernimus:
1634 417 1705 449 ideo
1736 427 1866 449 necesse
1899 417 1961 448 alio
1984 417 2141 449 coniicere
2164 416 2283 456 oculos,

1311 464 1365 495 ubi
1395 462 1519 494 coelum
1550 459 1785 501 quodammodo
1812 470 1963 491 serenum
1986 466 2019 490 et
2040 459 2199 500 liquidum
2224 463 2281 490 est.

1312 506 1419 545 Quum
1446 504 1535 535 nobis
1559 509 1742 535 sanctorum
1766 509 1942 534 narrantur
1965 502 2165 540 afflictiones,
2189 512 2282 534 nemo

1311 556 1359 580 est
1382 548 1436 588 qui
1461 547 1603 586 miseros,
1627 556 1663 577 ac
1685 556 1747 577 non
1765 546 1874 586 potius
1890 545 1999 577 beatos
2015 545 2114 576 fuisse
2132 545 2281 576 fateatur.

1311 592 1412 623 Recte
1441 599 1518 630 ergo
1542 589 1687 627 Iacobus,
1716 589 1770 628 qui
1800 588 1966 628 exemplar
1989 588 2068 619 illud
2092 587 2184 628 pouit
2207 592 2282 618 ante

1311 634 1429 669 oculos,
1454 639 1490 663 ut
1511 642 1548 663 eo
1571 642 1629 663 nos
1652 632 1773 663 referre
1796 631 1958 662 discamus
1974 630 2100 671 quoties
2116 632 2282 661 tentamur

1313 674 1514 716 impatientia
1543 677 1600 705 aut
1627 674 1862 714 desperatione.
1914 673 2024 705 Sumit
2054 677 2165 704 autem
2195 672 2282 712 prin-

1312 720 1430 759 cipium
1466 717 1561 756 illud,
1595 717 1706 749 beatos
1741 717 1867 749 censeri
1897 717 1930 748 in
1960 716 2027 748 suis
2056 715 2284 747 afflictionibus

1313 762 1496 802 prophetas,
1527 760 1602 800 quia
1628 764 1816 791 constanter
1843 770 1898 791 eas
1929 758 2118 791 sustineant.
2172 757 2284 797 Quum

1313 807 1357 836 ita
1387 804 1443 839 sit.
1478 802 1561 834 idem
1593 803 1665 834 fieri
1698 802 1853 834 iudicium
1888 802 2004 833 debere
2034 801 2171 842 colligit,
2205 800 2284 832 dum

1314 858 1371 879 nos
1394 846 1577 887 affligimur.
1624 844 1713 876 Dicit
1735 850 1854 883 autem,
1884 844 2111 885 prophetas
2132 844 2200 884 qui
2223 843 2284 874 lo-

1313 890 1429 930 q2uuti
1466 892 1561 920 sunt
1597 887 1761 919 nomine
1799 887 1984 927 Domini,
2021 897 2084 928 quo
2122 886 2284 928 significat

1313 933 1387 964 illos
1410 932 1480 963 Deo
1510 936 1622 972 gratos
1651 936 1683 962 et
1714 930 1864 970 probatos
1890 931 1997 961 fuisse.
2043 930 2131 971 Ergo
2154 930 2180 960 si
2204 928 2284 960 utile

1314 976 1377 1007 illis
1394 975 1505 1006 fuisset
1521 974 1621 1005 eximi
1638 984 1656 1005 a
1675 973 1824 1012 miseriis,
1843 972 2051 1013 proculdubio
2068 972 2284 1013 praestitisset

1314 1019 1401 1059 ipsos
1435 1017 1526 1049 Deus
1555 1017 1726 1048 immunes.
1777 1017 1878 1056 Atqui
1911 1025 1977 1046 non
2010 1015 2102 1047 fecit:
2137 1015 2284 1055 sequitur

1314 1071 1391 1102 ergo
1414 1060 1570 1091 salutares
1594 1070 1663 1091 esse
1686 1059 1877 1091 afflictiones
1900 1057 2058 1090 fidelibus.
2094 1057 2166 1089 Hoc
2184 1067 2283 1089 sensu

1314 1104 1403 1135 iubet
1422 1103 1493 1134 illos
1512 1103 1635 1135 assumi
1652 1102 1819 1142 exemplar
1835 1101 2062 1133 afflictionum:
2086 1100 2142 1132 sed
2159 1104 2286 1141 oportet

1314 1146 1504 1187 patientiam
1539 1145 1635 1178 simul
1669 1145 1833 1183 accedere,
1867 1154 1951 1184 quae
1985 1153 2100 1176 verum
2134 1148 2183 1175 est
2213 1143 2285 1175 obe-

1314 1189 1453 1221 dientiae
1481 1193 1610 1220 nostrae
1637 1188 1879 1220 testimonium:
1909 1186 1981 1218 ideo
2009 1191 2181 1227 utramque
2211 1196 2286 1218 con·

1314 1238 1430 1264 lunxit.

1401 1275 1450 1306 11.
1485 1273 1675 1306 Patientiam
1706 1273 1770 1305 Iob.
1817 1274 1866 1305 De
1896 1271 2061 1313 prophetis
2092 1271 2287 1313 generaliter

1315 1318 1466 1359 loquutus
1500 1323 1566 1349 est:
1600 1327 1686 1348 nunc
1720 1316 1847 1357 insigne
1882 1325 1958 1356 prae
1991 1314 2065 1346 aliis
2099 1314 2286 1354 exemplum

1314 1361 1414 1402 eligit.
1467 1360 1570 1392 Nemo
1604 1360 1691 1391 euim
1725 1359 1896 1402 (quantum
1931 1369 1971 1390 ex
2004 1357 2148 1389 historiis
2178 1357 2287 1398 colligi

1316 1403 1432 1445 potest)
1462 1408 1526 1434 tam
1558 1402 1648 1434 duris
1677 1412 1714 1434 ac
1738 1407 1805 1434 tam
1829 1401 1929 1433 variis
1952 1400 2117 1432 aerumnis
2141 1410 2286 1440 unquam

1316 1447 1375 1478 tuit
1397 1446 1548 1478 obrutus:
1572 1446 1703 1477 emersit
1718 1450 1826 1477 tamen
1842 1455 1882 1476 ex
1900 1449 1965 1475 tam
1983 1443 2145 1484 profunda.
2160 1443 2286 1484 abysso.

1316 1490 1472 1530 Quisquis
1501 1499 1578 1529 ergo
1607 1488 1789 1520 imitabitur
1811 1488 1881 1520 eius
1904 1487 2105 1528 patientiam,
2135 1495 2203 1517 non
2226 1485 2286 1517 du-

1315 1533 1403 1565 bium
1431 1536 1479 1564 est
1509 1533 1587 1572 quin
1616 1541 1749 1563 manum
1777 1530 1839 1562 Dei
1870 1530 2019 1562 similiter
2048 1539 2204 1561 sensurus
2234 1529 2287 1569 sit,

1316 1585 1397 1616 quae
1421 1574 1550 1606 tandem
1574 1584 1648 1606 eum
1673 1574 1795 1606 liberet.
1830 1573 1988 1605 Videmus
2010 1572 2045 1603 in
2069 1581 2167 1612 quem
2190 1571 2287 1603 finem

1316 1619 1455 1659 scriptae
1486 1619 1551 1649 sint
1584 1617 1746 1649 historiae.
1799 1616 1889 1648 Deus
1923 1625 2057 1647 servum
2091 1624 2186 1646 suum
2218 1614 2286 1652 Iob,

1316 1662 1393 1702 quia
1415 1661 1576 1702 patienter
1594 1661 1785 1693 afflictiones
1804 1670 1880 1691 suas
1895 1658 2060 1696 sustinuit,
2084 1668 2150 1689 non
2173 1667 2288 1698 passus

1316 1709 1366 1736 est
1396 1704 1552 1745 opprimi:
1586 1714 1662 1745 ergo
1693 1702 1816 1735 nullius
1846 1702 2036 1743 patientiam
2066 1700 2287 1733 frustrabitur.

1317 1747 1493 1786 Quaeritur
1516 1752 1625 1778 tamen
1646 1756 1704 1778 cur
1725 1746 1915 1787 patientiam
1939 1745 1996 1776 Iob
2013 1746 2181 1784 tantopere
2203 1753 2288 1776 com-

1317 1789 1448 1821 mendet
1476 1789 1654 1830 apostolus¹
1688 1799 1789 1830 quum
1820 1793 1930 1820 tamen
1959 1797 2054 1820 caeco
2084 1787 2207 1828 impetu
2236 1785 2289 1817 ab·

1317 1839 1439 1873 reptus,
1462 1833 1564 1864 multa
1586 1831 1808 1873 impatientiae
1831 1832 1926 1872 sigua
1949 1830 2032 1863 edat.
2078 1829 2289 1870 Respondes:

1317 1876 1444 1907 etiamsi
1463 1875 1511 1906 vel
1534 1875 1698 1907 interdum
1721 1875 1828 1906 carnis
1847 1873 2039 1906 infirmitate
2061 1872 2214 1913 labascat,
2236 1871 2290 1904 vel

1318 1928 1425 1950 secum
1457 1918 1695 1950 tumultuetur:
1728 1928 1856 1958 semper
1885 1920 1996 1949 tamen
2025 1915 2090 1948 huc
2120 1915 2226 1947 redire
2255 1919 2291 1946 ut

1319 1971 1353 1992 se
1376 1965 1479 1992 totum
1503 1961 1574 1992 Deo
1599 1961 1775 2001 permittat,
1806 1970 1904 2001 seque
1932 1959 1993 2000 ipsi
2018 1957 2233 1990 fraenandum
2253 1968 2290 1990 ac

1320 2003 1499 2044 regendum
1533 2004 1657 2035 offerat.
1712 2003 1821 2043 Quare
1856 2008 2021 2043 utcunque
2053 2001 2135 2033 desit
2168 2000 2290 2041 aliquid

1319 2047 1388 2078 eius
1411 2046 1595 2086 patientiae,
1623 2057 1687 2078 non
1710 2046 1872 2078 immerito
1895 2051 2003 2077 tamen
2026 2044 2186 2076 laudatur.

1406 2088 1518 2120 Finem
1548 2088 1689 2121 Domini.
1743 2089 1815 2121 Hoc
1843 2089 1942 2121 verbo
1969 2087 2146 2128 significat,
2176 2096 2194 2117 a
2225 2086 2290 2117 fine

1320 2142 1449 2173 semper
1478 2131 1697 2163 aestimandas
1725 2142 1794 2163 esse
1824 2131 2023 2164 afflictiones.
2075 2129 2172 2161 Initio
2202 2129 2290 2160 enim

1320 2174 1449 2207 videtur
1471 2174 1580 2215 procul
1603 2174 1713 2206 abesse
1738 2175 1843 2206 Deus:
1869 2174 1993 2206 interea
2015 2172 2177 2204 licentiose
2199 2181 2289 2212 gras-

1321 2223 1413 2250 satur
1436 2216 1540 2249 Satan
1570 2217 1603 2248 in
1633 2216 1694 2249 hac
1728 2216 1988 2257 perturbatione:
2022 2214 2166 2255 suggerit
2196 2213 2290 2245 nobis

1321 2271 1405 2300 caro,
1435 2271 1493 2292 nos
1522 2259 1665 2291 desertos
1687 2269 1706 2290 a
1728 2260 1800 2291 Deo
1822 2270 1892 2292 esse
1914 2270 1950 2291 ac
1973 2258 2131 2299 proditos:
2161 2256 2290 2298 longius

1321 2314 1398 2345 ergo
1417 2302 1590 2335 extendere
1606 2302 1761 2334 intuitum
1778 2308 1922 2334 nostrum
1939 2305 2075 2342 oportet,
2099 2300 2176 2340 quia
2191 2308 2290 2340 prope

1322 2346 1403 2378 nihil
1438 2346 1519 2378 lucis
1552 2350 1695 2386 apparet.
1750 2345 1854 2377 Porro
1887 2345 1985 2376 finem
2019 2343 2154 2374 Domini
2189 2342 2288 2373 dixit:

1322 2390 1398 2430 quia
1429 2389 1497 2420 eius
1519 2392 1578 2429 est,
1607 2397 1797 2427 prosperum
1820 2397 2004 2419 successum
2028 2385 2123 2417 rebus
2145 2385 2290 2417 adversis

1323 2433 1418 2464 dare:
1442 2432 1468 2463 si
1484 2441 1543 2462 nos
1558 2430 1698 2462 officium
1716 2437 1862 2462 nostrum
1885 2435 2088 2470 praestemus
2103 2427 2290 2460 obedienter

1322 2473 1521 2512 sustinendo,
1543 2474 1611 2514 ipse
1627 2473 1772 2513 partibus
1788 2473 1856 2504 suis
1872 2472 2014 2504 vicissim
2030 2471 2164 2503 minime
2177 2469 2288 2502 deerit.

1323 2518 1465 2549 Tantum
1495 2527 1555 2549 nos
1583 2516 1616 2548 in
1647 2516 1745 2547 finem
1773 2525 1846 2556 spes
1875 2514 2002 2556 dirigat,
2034 2514 2124 2546 Deus
2150 2514 2219 2554 ipse
2243 2513 2290 2544 vi-

1323 2561 1430 2593 cissim
1467 2569 1501 2591 se
1542 2559 1712 2600 plusquam
1751 2557 1989 2590 misericordem
2027 2557 2094 2589 illic
2132 2555 2289 2596 ostendet,

1323 2602 1529 2644 quantumvis
1561 2601 1684 2643 rigidus
1714 2605 1746 2633 et
1778 2606 1925 2633 austerus
1957 2599 2104 2633 videatur
2134 2597 2290 2640 quamdiu

1323 2647 1448 2688 affligit.
