2513 3126
170 185 227 216 137

169 283 236 323 agit
260 282 445 322 apostolus?
481 293 595 323 nempe
625 293 733 313 eorum
759 282 956 322 impietatem
980 292 1043 312 non
1070 282 1134 312 fore
1163 309 1164 313 ,

169 326 362 366 impunitam
387 326 441 366 qui
466 325 535 357 Deo
560 325 727 357 illuserint.
768 325 810 355 Et
834 324 956 355 Paulus
979 323 1017 354 ad
1044 323 1135 353 Rom.

171 368 219 406 12,
245 368 294 407 19,
322 369 497 408 genuinam
523 369 583 399 loci
606 367 854 408 intelligentiam
879 371 1044 406 0001101110,
1076 366 1137 395 alio

170 411 397 442 accommodat.
450 411 533 442 Nam
569 411 645 441 dum
681 411 750 442 vult
785 410 824 440 ad

170 582 276 612 minus
293 582 444 622 speciales
461 581 638 612 sententias
655 579 888 610 transferamus
906 577 944 608 ad
959 577 1136 608 doctrinam

169 624 395 656 universalem.
451 623 594 654 Tametsi
631 631 707 662 ergo
745 620 915 652 consilium
951 620 1052 651 Mosis
1090 625 1138 651 est

170 666 280 698 fideles
309 666 476 706 consolari,
507 665 580 705 quia
603 664 710 695 Deum
742 663 883 694 habituri
914 663 980 693 sint
1003 662 1136 693 iniuria-

170 720 241 740 rum
264 719 394 740 suarum
419 707 595 739 vindicem:
628 712 738 737 tamen
762 717 801 737 ex
825 706 894 737 eius
918 705 1024 736 verbis
1048 704 1136 736 colli-

169 762 244 792 gere
267 761 393 790 semper
416 751 498 786 licet,
530 750 694 789 proprium
718 748 781 780 Dei
810 748 951 780 officium
973 758 1041 779 esse
1066 758 1137 787 poe-

171 804 228 825 nas
252 803 377 824 sumere
401 793 440 823 de
462 793 578 832 impiis.
614 791 681 822 Nee
705 792 774 822 eius
793 791 975 822 testimonio
992 790 1138 821 abutitur

170 837 222 876 qui
253 835 327 866 inde
357 835 470 875 probat
499 844 563 865 non
594 835 790 874 impunitum
820 834 886 865 fore
916 838 1136 873 contemptum

170 878 241 915 Dei,
272 878 345 917 quia
378 878 446 918 ipse
477 878 583 908 iustus
615 878 656 908 sit
685 877 783 908 iudex
815 877 869 916 qui
892 886 1010 907 munus
1034 876 1136 908 vindi-

168 920 261 952 candi
295 920 354 951 sibi
389 927 520 951 asserat.
573 920 779 960 Quamquam
812 925 922 959 posset
952 919 1005 951 hic
1039 918 1137 950 etiam

168 962 332 1002 apostolus
356 963 540 994 ratiocinari
564 973 583 994 a
606 963 724 994 minori
748 962 787 993 ad
812 963 924 999 maius,
949 962 1008 993 1100
1032 961 1137 999 modo,

167 1004 259 1036 Deus
288 1016 322 1037 se
354 1016 522 1046 passurum
555 1011 651 1046 negat
682 1010 719 1037 ut
742 1005 880 1046 populus
904 1015 981 1036 suus
1006 1005 1138 1045 impune

167 1047 328 1079 laedatur:
353 1058 453 1089 seque
476 1049 645 1089 profitetur
667 1053 789 1080 certum
815 1048 882 1079 fore
907 1048 1054 1079 ultorem.
1100 1047 1137 1079 Si

167 1091 286 1122 inultas
310 1092 475 1122 hominum
506 1091 642 1122 iniurias
665 1102 728 1122 non
753 1091 840 1129 sinit,
876 1101 915 1122 an
940 1101 1015 1122 suas
1038 1091 1138 1130 ipsius

167 1144 231 1164 non
256 1133 459 1165 vindicaret?
505 1136 557 1165 An
581 1134 660 1165 adeo
684 1144 817 1174 parvam
840 1133 968 1165 habebit
993 1133 1043 1164 vel
1068 1133 1137 1164 nul-

167 1176 231 1208 lam
256 1176 378 1217 gloriae
400 1187 478 1208 suae
501 1187 609 1208 curam
633 1187 669 1208 ac
688 1177 856 1213 rationem,
880 1181 925 1213 ut,
950 1186 1049 1216 quum
1067 1186 1137 1217 pro-

168 1219 226 1251 bro
249 1219 396 1258 afficitur,
419 1219 602 1251 dissimulet
625 1230 662 1250 ac
681 1218 848 1260 negligat?
884 1218 949 1251 Sed
966 1218 1044 1250 illud
1062 1219 1136 1250 sim-

168 1262 282 1302 plicius
306 1268 354 1293 est
377 1273 414 1294 ae
437 1264 544 1294 minus
567 1268 723 1298 coactum,
753 1269 787 1293 ut
809 1261 973 1301 apostolus
998 1266 1138 1293 tantum-

168 1305 262 1336 modo
286 1305 434 1337 ostendat
454 1305 561 1337 Deum
587 1315 650 1336 non
676 1306 806 1345 impune
830 1305 967 1336 ludibrio
990 1304 1137 1336 habitum

168 1347 216 1386 iri,
240 1358 339 1388 quum
358 1349 428 1379 eius
445 1349 610 1388 proprium
627 1349 668 1379 sit
686 1359 812 1385 munus,
837 1348 944 1388 impiis
961 1347 1139 1387 rependere

167 1390 252 1430 quod
277 1391 381 1421 meriti
405 1396 492 1422 sunt.

254 1433 409 1465 Iudicabit
425 1434 579 1474 poputum
601 1444 702 1466 suurn.
740 1433 804 1465 Hic
828 1433 938 1464 eadem
962 1438 1019 1464 aut
1038 1433 1139 1464 maior

168 1476 273 1508 oritur
296 1477 485 1509 difficultas:
508 1477 583 1518 quia
606 1488 669 1508 non
688 1476 818 1508 videtur
842 1486 1018 1517 congruere
1035 1476 1138 1509 Mosis

167 1528 283 1551 sensus
311 1530 384 1551 cum
414 1520 576 1560 praesenti
600 1520 759 1552 instituto.
810 1518 944 1551 Videtur
973 1518 1138 1560 apostolus

168 1562 212 1593 ita
236 1562 335 1594 citare
357 1562 444 1595 hunc
466 1563 582 1602 locum,
606 1573 642 1594 ac
665 1563 692 1594 si
709 1562 856 1594 Iudicare
876 1568 1011 1603 poneret
1029 1563 1138 1594 Moses

168 1615 225 1645 pro
248 1605 373 1645 punire.
410 1607 510 1646 Atqui
534 1616 635 1646 quum
660 1606 871 1646 expositionis
891 1606 961 1637 vice
985 1606 1138 1637 continuo

167 1652 239 1688 post
262 1647 369 1686 addat,
394 1648 483 1689 Erga
506 1654 634 1680 sanctos
658 1658 733 1680 suos
756 1648 817 1680 erit
839 1648 1037 1680 misericors:
1062 1647 1137 1679 inde

167 1691 279 1731 liquet,
310 1691 391 1723 illud
422 1691 582 1723 iudicandi
613 1691 747 1723 verbum
775 1691 876 1732 accipi
900 1702 956 1731 pro
979 1691 1138 1732 guberna-

167 1739 271 1765 torem
306 1745 417 1775 agere:
456 1740 490 1766 ut
527 1736 677 1776 frequens
714 1739 763 1766 est
799 1734 931 1775 linguae
969 1734 1138 1766 hebraicae

168 1787 254 1808 usus.

168 1910 227 1937 cet.
273 1906 384 1946 Neque
414 1908 499 1939 enim
525 1907 706 1948 gubernare
729 1911 833 1947 potest
857 1906 948 1938 Deus
972 1906 1137 1938 ecclesiam
1164 1942 1165 1946 Ἰ

168 1959 261 1981 0110111
292 1950 368 1990 quin
392 1960 462 1981 eam
486 1954 613 1991 purget,
645 1959 682 1982 ac
705 1960 786 1990 quae
809 1949 874 1981 11110
897 1949 1028 1981 confusa
1051 1953 1136 1988 sunt,

169 1992 201 2023 in
224 1992 367 2024 ordinem
391 1993 551 2024 restituat.
597 1992 740 2024 Proinde
764 1993 842 2024 haec
865 1992 1055 2033 gubernatio
1078 1992 1139 2033 hy-

169 2035 300 2075 pocritis
323 2036 438 2066 merito
460 2035 673 2067 formidabilis
696 2046 766 2067 esse
789 2035 891 2074 debet,
915 2036 969 2075 qui
986 2042 1063 2066 tunc
1082 2035 1138 2066 da-

169 2078 235 2108 turi
265 2083 341 2109 sunt
364 2088 492 2118 poenas,
522 2078 605 2118 quod
634 2078 738 2111 locum
762 2077 822 2109 sibi
847 2079 931 2109 inter
953 2079 1021 2118 pios
1044 2088 1138 2109 usur-

169 2121 326 2160 paverint,
350 2125 381 2152 et
404 2131 494 2153 sacro
510 2121 571 2152 Dei
595 2122 725 2153 nomine
748 2121 868 2161 perfide
891 2121 1012 2152 fuerint
1030 2120 1137 2152 abusi:

170 2173 269 2203 quum
299 2164 366 2203 ipse
396 2164 628 2204 paterfamilias
660 2163 902 2196 constituendae
926 2164 1040 2195 domus
1062 2173 1138 2195 suae

170 2216 279 2238 curam
303 2207 464 2248 suscipiet.
502 2206 573 2238 Hoc
596 2217 692 2238 sensu
716 2207 832 2238 dicitur
849 2207 937 2238 Deus
960 2217 1138 2247 exsurgere

170 2249 208 2280 ad
240 2249 393 2290 populum
416 2259 510 2281 suum
540 2248 756 2288 iudicandum,
787 2260 883 2290 quum
908 2260 982 2281 vere
1005 2249 1076 2290 pios
1098 2249 1137 2280 ab

170 2291 347 2332 hypocritis
376 2292 539 2330 discernit,
569 2292 655 2323 Psal.
679 2292 729 2331 50,
755 2292 782 2324 1.
828 2291 870 2323 Et
893 2291 980 2324 Psal.
1006 2294 1081 2331 125,
1107 2294 1138 2331 3,

169 2335 223 2366 ubi
245 2335 281 2367 de
303 2335 546 2367 exterminandis
571 2334 737 2375 hypocritis
760 2335 895 2375 loquitur
912 2335 1071 2375 propheta,
1101 2345 1139 2367 ne

171 2378 308 2418 amplius
333 2379 469 2420 ytoriari
498 2378 642 2416 audeant,
672 2379 748 2417 quia
776 2377 856 2418 ipsis
878 2377 966 2409 Deus
988 2377 1136 2419 iudulyet,

171 2431 202 2452 se
223 2431 260 2453 ex
282 2421 404 2453 ecclesia
425 2431 504 2453 esse:
523 2430 630 2461 pacem
648 2420 763 2452 Israeli
785 2421 953 2462 denuntiat,
974 2423 1137 2461 postquam

171 2463 223 2496 hoc
244 2464 398 2496 iudicium
419 2464 597 2504 completum
618 2463 720 2503 fuerit.
767 2463 838 2495 Non
863 2474 939 2504 ergo
963 2464 1136 2504 intempes-

172 2506 238 2538 tive
269 2507 442 2547 apostolus.
474 2507 550 2538 dum
580 2506 732 2537 admonet
755 2506 861 2537 Deum
886 2506 1037 2538 ecclesiae
1059 2517 1138 2538 suae

172 2559 329 2589 praeesse,
353 2559 389 2582 ac
407 2550 489 2581 nihil
505 2551 651 2581 omittere
667 2549 750 2590 quod
768 2549 808 2580 ad
826 2549 1003 2590 legitimam
1020 2549 1136 2590 guber-

1057 183 1204 215 (JAPUT
1230 182 1273 215 X..

859 409 1046 449 patientiam
1080 418 1137 438 nos
1163 413 1165 449 ,⁸

170 453 302 491 hortari,
332 453 421 485 iubet
449 458 484 484 ut
515 453 584 485 Deo
616 453 719 485 locum
751 453 863 484 demus
892 450 931 481 ad
964 450 1135 481 vindictam
1163 457 1165 460 '

169 496 371 533 sumendam,
395 497 468 536 quia
492 497 552 527 hae
575 497 641 527 sint
664 496 732 526 eius
753 499 876 535 partes:
903 497 998 532 atque
1020 492 1049 522 id
1067 502 1136 532 pro·
1163 494 1165 538 j

170 539 224 570 bat
247 538 307 570 1100
332 539 432 570 Mosis
457 539 647 570 testimonio.
682 538 805 567 Verum
831 534 910 566 nihil
934 535 1041 566 obstat
1060 545 1136 574 quo-
1163 543 1165 555 ¹

302 1777 442 1810 Videtur
471 1782 578 1809 autem
608 1777 638 1809 id
661 1788 774 1819 parum
798 1778 902 1809 facere
923 1777 964 1809 ad
989 1788 1138 1818 praesen·
1164 1778 1166 1783 '

168 1822 233 1851 tem
264 1830 404 1852 causam.
448 1821 573 1853 Verum
602 1821 654 1861 qui
684 1822 792 1852 omnia
822 1826 907 1852 recte
936 1821 1136 1861 expenderit,
1163 1836 1166 1863 7

168 1862 255 1895 hunc
277 1873 401 1904 quoque
424 1863 530 1895 locum
554 1867 628 1905 apte
651 1868 682 1895 et
705 1863 871 1896 commode
890 1863 1004 1895 adduci
1023 1873 1136 1904 agnos·
1162 1871 1166 1899 jr

173 2592 335 2624 nationem
364 2593 466 2631 faciat,
496 2603 557 2633 quo
588 2592 721 2623 sollicite
752 2602 786 2623 se
816 2592 980 2624 continere
1012 2592 1137 2624 discant

173 2644 284 2666 01111100
307 2635 366 2667 0111)
389 2636 456 2667 01110
475 2635 618 2676 imperio,
650 2646 685 2667 ac
708 2635 916 2666 meminerint
940 2634 1136 2667 reddendam
1162 2645 1165 2659 ¹

2098 185 2156 215 138

1191 291 1260 312 0000
1283 290 1339 312 0110
1363 280 1457 311 iudici
1482 280 1648 311 rationem.
1696 280 1772 311 ludo
1797 279 1966 317 concludit,
1991 279 2157 311 horren—

1163 324 1282 356 }‹lum
1304 333 1391 354 0000
1416 322 1599 354 incidere
1629 323 1666 353 in
1691 333 1830 354 manus
1854 323 1929 354 Dei
1954 323 2157 354 viventis:

1191 367 1265 405 quia
1288 365 1434 397 mortalis
1459 366 1563 404 homo,
1588 368 1623 396 ut
1646 366 1688 395 011
1708 366 1946 403 infestissimus,
1970 375 2034 396 non
2055 371 2158 405 potest

1191 414 1297 439 tamen
1323 408 1409 439 ultra
1433 414 1567 439 mortem
1592 408 1731 439 saevire:
1757 414 1789 438 at
1808 409 1867 439 Dei
1891 408 2067 448 potentiam
2092 413 2158 438 tam

1191 452 1337 490 angustis
1367 451 1525 481 limitibus
1556 450 1646 482 finita
1673 460 1738 481 non
1767 457 1823 481 est.
1870 451 2042 482 Praeterea
2065 461 2159 490 saepe

1191 493 1351 524 cludimus
1371 493 1531 524 homines:
1551 493 1612 524 Dei
1629 493 1781 524 iudicium
1800 493 1941 533 effugere
1959 503 2022 524 non
2041 493 2158 525 licebit.

1192 535 1304 575 Itaque
1336 537 1479 576 quisquis
1512 536 1570 567 sibi
1595 543 1667 568 eum
1691 535 1762 566 Deo
1785 545 1855 567 esse
1880 537 2043 576 negotium
2068 546 2159 576 repu-

1164 589 1165 598 ¹
1191 578 1280 616 tabit,
1311 589 1383 609 eum
1406 579 1482 619 (nisi
1508 579 1599 610 valde
1622 579 1665 611 sit
1688 578 1850 619 stupidus)
1881 579 1964 609 serio
1998 578 2159 619 trepidare

1191 626 1223 650 et
1253 631 1467 659 expavescere
1497 631 1628 653 necesse
1659 625 1716 653 est.
1762 620 1832 652 Imo
1856 621 1925 651 fieri
1950 622 2058 660 nequit
2081 623 2158 661 quin

1191 662 1243 692 ille
1268 663 1328 693 Dei
1352 674 1466 695 sensus
1490 667 1593 695 totum
1618 664 1782 695 hominem
1806 663 1989 695 absorbeat:
2021 669 2054 694 111
2078 664 2158 694 1111111

1191 704 1316 735 dolores
1347 706 1397 736 vel
1427 707 1587 738 cruciatus
1610 717 1682 738 011111
1707 716 1745 737 eo
1769 706 1833 738 sint
1857 706 2052 737 conferendi.
2102 707 2160 737 De-

1191 747 1287 786 nique
1317 748 1440 787 quoties
1473 750 1562 780 nobis
1587 749 1714 780 delitias
1738 749 1815 781 facit
1842 758 1915 780 caro
1946 752 2073 788 nostra,
2108 750 2158 779 vel

1190 789 1283 821 nobis
1313 789 1377 820 ullo
1407 790 1500 822 modo
1529 793 1561 822 in
1592 792 1729 831 peccatis
1759 791 1959 823 blandimur:
1991 792 2069 822 haec
2094 792 2160 822 sola

1191 832 1366 863 admonitio
1396 833 1544 864 sufficere
1573 834 1612 865 ad
1641 845 1699 866 nos
1729 834 1916 867 excitandos
1939 834 2043 874 debet,
2075 835 2159 874 quod

1191 875 1344 906 horribile
1367 875 1408 906 sit
1432 875 1571 906 incidere
1602 877 1634 907 in
1658 887 1774 908 manus
1800 877 1858 908 Dei
1883 877 2039 908 viventis:
2070 878 2161 908 cuius

1191 918 1237 949 ira
1261 923 1308 948 tot
1332 928 1368 949 ac
1392 922 1456 948 tam
1488 917 1658 950 horrendis
1680 920 1714 950 in
1737 924 1903 951 aeternum
1928 920 2065 950 exitium
2088 929 2160 960 poe—

1191 961 1242 992 nis
1273 965 1399 991 armata
1428 965 1486 991 est.
1532 960 1671 992 Videtur
1701 967 1810 993 tamen
1842 973 1905 993 vox
1937 962 1993 993 illa
2024 961 2161 993 Davidis

1191 1014 1263 1035 cum
1294 1003 1355 1034 hac
1384 1004 1545 1034 sententia
1575 1013 1734 1044 pugnare,
1766 1005 1841 1035 dum
1873 1005 1987 1036 melius
2015 1015 2084 1037 esse
2108 1016 2163 1036 ex-

1191 1046 1309 1077 clamat
1349 1045 1490 1077 incidere
1530 1047 1563 1076 in
1604 1056 1720 1077 manus
1758 1046 1820 1077 Dei
1861 1057 1955 1087 quam
1993 1047 2162 1078 hominum

1191 1089 1233 1130 (2.
1255 1088 1343 1121 Sam.
1363 1088 1414 1128 24,
1439 1088 1501 1130 14).
1544 1088 1610 1120 Sed
1634 1088 1730 1120 huius
1753 1090 1949 1129 quaestionis
1974 1090 2076 1121 facilis
2101 1091 2163 1121 erit

1192 1132 1317 1169 solutio,
1347 1133 1373 1163 si
1397 1132 1575 1172 cogitemus
1602 1131 1759 1163 Davidem
1784 1132 1900 1163 fiducia
1922 1133 2164 1164 misericordiae

1192 1175 1252 1206 Dei
1277 1175 1405 1212 fretum,
1430 1174 1536 1214 potius
1559 1174 1678 1215 eligere
1701 1175 1808 1215 ipsum
1831 1175 1968 1206 iudicem
1985 1186 2082 1215 quam
2106 1175 2162 1207 110-

1192 1218 1304 1249 mines.
1351 1218 1495 1248 Tametsi
1526 1218 1612 1248 enim
1635 1216 1741 1248 Deum
1773 1217 1833 1248 sibi
1857 1218 1927 1248 iure
1950 1218 2067 1249 iratum
2093 1228 2162 1250 esse

1192 1266 1339 1298 noverat,
1375 1260 1534 1300 placatum
1570 1265 1678 1291 tamen
1710 1260 1749 1291 iri
1778 1259 1925 1291 confidit:
1961 1261 2035 1300 quia
2065 1261 2096 1291 in
2130 1272 2163 1292 se

1191 1309 1386 1343 prostratus,
1420 1303 1632 1334 nihilominus
1666 1302 1879 1344 promissione
1907 1303 2031 1343 gratiae
2062 1304 2162 1344 erige-

1192 1347 1297 1377 batur.
1344 1346 1432 1387 Ergo
1460 1356 1557 1386 quum
1589 1345 1787 1377 exorabilem
1817 1346 1876 1376 sibi
1901 1346 2006 1376 Deum
2031 1350 2162 1385 statuat,

1192 1400 1257 1420 non
1281 1390 1399 1420 mirum
1423 1393 1472 1420 est
1495 1389 1521 1419 si
1544 1389 1613 1420 eius
1636 1389 1717 1419 iram
1738 1389 1846 1419 minus
1863 1388 2049 1419 reformidet
2066 1398 2161 1428 quam

1191 1432 1372 1464 hominum.
1413 1431 1477 1463 Hic
1501 1436 1609 1462 autem
1633 1431 1796 1472 apostolus
1820 1432 1900 1462 iram
1926 1430 1987 1461 Dei
2012 1431 2163 1462 formida-

1191 1475 1287 1507 bilem
1319 1475 1465 1515 reprobis
1495 1485 1566 1506 esse
1589 1475 1789 1514 pronuntiat,
1814 1475 1867 1514 qui
1892 1484 1947 1514 spe
1971 1474 2163 1505 obtinendae

1192 1518 1306 1550 veniae
1330 1517 1486 1556 destituti,
1508 1517 1589 1548 nihil
1615 1522 1742 1557 praeter
1761 1522 1940 1548 extremam
1957 1517 2162 1548 severitatem

1192 1565 1392 1601 exspectant,
1425 1560 1500 1600 quia
1531 1561 1594 1590 iam
1626 1561 1750 1601 gratiae
1772 1559 1836 1591 Dei
1867 1559 1989 1590 aditum
2020 1560 2162 1600 praeclu-

1192 1605 1303 1635 serint.
1348 1603 1475 1635 Scimus
1499 1608 1606 1634 autem
1631 1602 1737 1634 Deum
1763 1602 1852 1634 varie
1871 1602 2008 1634 describi
2032 1613 2088 1642 pro
2113 1613 2162 1634 ra-

1192 1648 1277 1678 tione
1301 1646 1469 1677 hominum
1493 1646 1533 1677 ad
1557 1656 1635 1686 quos
1659 1656 1764 1677 sermo
1788 1645 1934 1677 habetur.
1972 1646 2080 1685 Atque
2104 1645 2162 1677 hoc

1191 1696 1239 1721 est
1262 1689 1345 1730 quod
1370 1689 1441 1720 vult
1462 1688 1568 1720 David
1588 1688 1675 1720 Psal.
1694 1688 1742 1727 18,
1765 1688 1816 1726 27,
1840 1687 1923 1719 Cum
1948 1689 2085 1729 benigno
2108 1688 2161 1720 be—

1192 1733 1310 1773 nignus
1335 1732 1407 1770 eris,
1430 1741 1501 1762 cum
1526 1741 1680 1772 perverso
1704 1741 1885 1771 perversus.

1277 1818 1326 1849 32.
1353 1817 1575 1849 Recordamim·
1596 1817 1719 1849 dierum
1734 1816 1940 1856 superiorum,
1962 1816 2073 1855 quibus
2090 1816 2163 1848 iltu-

1190 1862 1303 1893 minati
1353 1859 1484 1891 multum
1534 1862 1686 1892 certamen
1730 1859 1924 1890 sustinuistis
1966 1859 2161 1898 passionum,

1191 1905 1242 1936 33.
1266 1904 1388 1944 partim
1417 1903 1492 1934 dum
1516 1902 1624 1943 probis
1656 1906 1685 1934 et
1715 1901 1934 1942 afflictionibus
1964 1901 2073 1941 fuistis
2100 1904 2163 1935 ira-

1191 1948 1283 1986 ducti,
1303 1947 1424 1986 partim
1445 1946 1521 1977 dum
1543 1947 1620 1977 socii
1639 1945 1715 1986 facti
1737 1945 1811 1976 estis
1833 1953 1936 1975 eorum
1958 1945 2014 1984 qui
2036 1945 2082 1976 sic
2096 1954 2162 1976 con-

1190 1989 1403 2022 versabantur.
1437 1989 1489 2020 34.
1506 1987 1632 2020 Etenim
1653 1988 1786 2020 vinculis
1808 1987 1885 2018 meis
1907 1987 2060 2026 compassi
2078 1989 2162 2027 estis,

1191 2036 1218 2065 ct
1239 2033 1389 2073 rapinam
1409 2031 1554 2064 bonorum
1569 2034 1739 2063 vestrorum
1753 2030 1932 2069 suscepistis
1947 2039 2016 2061 cum
2030 2031 2160 2071 qaudio,

1191 2077 1317 2108 scientes
1345 2085 1399 2106 vos
1427 2074 1538 2106 habere
1562 2075 1716 2106 meliorem
1738 2072 1945 2104 substantiam
1966 2073 2000 2104 iu
2022 2073 2112 2105 coelis
2134 2076 2161 2105 et

1191 2121 1369 2151 manentem.
1408 2117 1459 2149 35.
1484 2117 1533 2149 Nc
1558 2117 1716 2149 abiiciatis
1737 2116 1837 2156 iyitur
1857 2115 2005 2155 fiduciam
2028 2119 2162 2148 vestram

1191 2172 1270 2202 quac
1291 2161 1564 2192 remunerationem
1586 2169 1731 2201 maguam
1757 2157 1853 2189 habet.

1277 2247 1327 2278 32.
1360 2246 1590 2278 Recordamini.
1637 2245 1680 2277 Ut
1710 2243 1856 2275 stimulos
1886 2244 1952 2274 illis
1983 2244 2094 2282 addat,
2130 2250 2161 2276 et

1192 2291 1391 2322 alacritatem
1422 2289 1541 2321 excitet
1568 2287 1608 2319 ad
1638 2287 1853 2328 pergendum:
1886 2291 2016 2318 revocat
2038 2286 2103 2318 illis
2126 2287 2160 2318 in

1192 2334 1379 2365 memoriam
1409 2342 1490 2372 quae
1520 2332 1609 2372 prius
1632 2330 1799 2362 ediderant
1821 2329 1950 2369 pietatis
1974 2329 2160 2369 specimina.

1192 2377 1300 2417 Turpe
1323 2375 1408 2407 euim
1433 2379 1483 2406 est
1502 2385 1602 2415 quum
1621 2374 1702 2405 bene
1716 2372 1869 2412 coeperis,
1893 2372 1925 2403 in
1943 2371 2047 2403 medio
2063 2383 2159 2404 cursu

1191 2419 1334 2460 fatigari:
1359 2418 1485 2458 turpius
1501 2427 1577 2448 vero
1594 2415 1804 2453 retrocedere,
1827 2424 1928 2455 quum
1944 2415 2007 2445 iam
2024 2424 2159 2456 magnos

1192 2462 1302 2494 feceris
1333 2471 1534 2501 progressus.
1586 2459 1677 2490 Haec
1711 2458 1839 2489 demum
1874 2457 1962 2489 utilis
1990 2461 2039 2489 est
2069 2464 2158 2489 ante-

1192 2508 1281 2537 actae
1306 2503 1437 2535 militiae
1459 2502 1647 2539 recordatio,
1676 2501 1703 2532 si
1726 2500 1864 2532 fideliter
1886 2510 1923 2531 ac
1945 2505 2076 2532 strenue
2099 2511 2158 2533 11οο

1192 2548 1250 2579 sub
1274 2547 1404 2579 Christo
1434 2545 1610 2586 gessimus:
1641 2553 1706 2575 11011
1736 2549 1773 2574 ut
1796 2547 2001 2583 praetextum
2025 2553 2157 2584 quaera-

1190 2601 1262 2622 mus
1285 2589 1444 2631 ignaviae,
1477 2588 1566 2628 quasi
1596 2586 1739 2618 defuncti
1763 2587 1827 2617 iam
1851 2595 2009 2618 essemus:
2041 2587 2097 2618 sed
2121 2592 2157 2617 ut

1191 2634 1229 2665 ad
1250 2643 1388 2671 cursum,
1412 2631 1464 2672 qui
1488 2631 1578 2662 nobis
1602 2632 1712 2670 restat,
1736 2629 1965 2670 perficiendum
1983 2629 2157 2661 reddamur
