<?xml version="1.0" encoding="UTF-8"?>
<!DOCTYPE html PUBLIC "-//W3C//DTD XHTML 1.0 Transitional//EN"
    "http://www.w3.org/TR/xhtml1/DTD/xhtml1-transitional.dtd">
<html xmlns="http://www.w3.org/1999/xhtml" xml:lang="en" lang="en">
 <head>
  <title>
</title>
<meta http-equiv="Content-Type" content="text/html;charset=utf-8" />
  <meta name='ocr-system' content='tesseract 3.04.00' />
  <meta name='ocr-capabilities' content='ocr_page ocr_carea ocr_par ocr_line ocrx_word'/>
</head>
<body>
  <div class='ocr_page' id='page_1' title='image "./ioanniscalviniop55calv_0217.png"; bbox 0 0 2513 3126; ppageno 0'>
   <div class='ocr_carea' id='block_1_1' title="bbox 902 758 1305 794">
    <p class='ocr_par' dir='ltr' id='par_1_1' title="bbox 902 758 1305 794">
     <span class='ocr_line' id='line_1_1' title="bbox 902 758 1305 794; baseline -0.007 0"><span class='ocrx_word' id='word_1_1' title='bbox 902 758 1305 794; x_wconf 73' lang='lat' dir='ltr'><strong>ARGUMEN&#39;PUM.</strong></span> 
     </span>
    </p>
   </div>
   <div class='ocr_carea' id='block_1_2' title="bbox 104 958 1083 2067">
    <p class='ocr_par' dir='ltr' id='par_1_2' title="bbox 104 958 1083 2067">
     <span class='ocr_line' id='line_1_2' title="bbox 191 958 1079 1001; baseline -0.002 -9"><span class='ocrx_word' id='word_1_2' title='bbox 191 959 288 992; x_wconf 83' lang='lat' dir='ltr'><strong>Hanc</strong></span> <span class='ocrx_word' id='word_1_3' title='bbox 304 958 474 1001; x_wconf 83' lang='lat' dir='ltr'><strong>epistolam</strong></span> <span class='ocrx_word' id='word_1_4' title='bbox 495 968 560 990; x_wconf 87' lang='lat' dir='ltr'><strong>non</strong></span> <span class='ocrx_word' id='word_1_5' title='bbox 583 959 653 990; x_wconf 90' lang='lat' dir='ltr'><strong>sine</strong></span> <span class='ocrx_word' id='word_1_6' title='bbox 674 959 851 990; x_wconf 82' lang='lat' dir='ltr'><strong>certamine</strong></span> <span class='ocrx_word' id='word_1_7' title='bbox 874 958 949 990; x_wconf 92' lang='lat' dir='ltr'><strong>olim</strong></span> <span class='ocrx_word' id='word_1_8' title='bbox 973 968 1079 999; x_wconf 89' lang='lat' dir='ltr'><strong>recep-</strong></span> 
     </span>
     <span class='ocr_line' id='line_1_3' title="bbox 107 1001 1080 1043; baseline -0.003 -8"><span class='ocrx_word' id='word_1_9' title='bbox 107 1010 172 1035; x_wconf 83' lang='lat' dir='ltr'><strong>tam</strong></span> <span class='ocrx_word' id='word_1_10' title='bbox 202 1012 222 1035; x_wconf 81' lang='lat' dir='ltr'><strong>a</strong></span> <span class='ocrx_word' id='word_1_11' title='bbox 253 1001 366 1034; x_wconf 88' lang='lat' dir='ltr'><strong>multis</strong></span> <span class='ocrx_word' id='word_1_12' title='bbox 396 1001 540 1034; x_wconf 89' lang='lat' dir='ltr'><strong>ecclesiis</strong></span> <span class='ocrx_word' id='word_1_13' title='bbox 562 1001 671 1039; x_wconf 87' lang='lat' dir='ltr'><strong>fuisse,</strong></span> <span class='ocrx_word' id='word_1_14' title='bbox 702 1011 743 1033; x_wconf 88' lang='lat' dir='ltr'><strong>ex</strong></span> <span class='ocrx_word' id='word_1_15' title='bbox 765 1001 959 1043; x_wconf 81' lang='lat' dir='ltr'><strong>Hieronymi</strong></span> <span class='ocrx_word' id='word_1_16' title='bbox 980 1001 1080 1033; x_wconf 86' lang='lat' dir='ltr'><strong>Euse-</strong></span> 
     </span>
     <span class='ocr_line' id='line_1_4' title="bbox 106 1043 1081 1086; baseline -0.003 -8"><span class='ocrx_word' id='word_1_17' title='bbox 106 1046 214 1086; x_wconf 87' lang='lat' dir='ltr'><strong>biique</strong></span> <span class='ocrx_word' id='word_1_18' title='bbox 254 1044 439 1077; x_wconf 88' lang='lat' dir='ltr'><strong>testimonio</strong></span> <span class='ocrx_word' id='word_1_19' title='bbox 472 1049 586 1076; x_wconf 86' lang='lat' dir='ltr'><strong>notum</strong></span> <span class='ocrx_word' id='word_1_20' title='bbox 619 1048 677 1076; x_wconf 84' lang='lat' dir='ltr'><strong>est.</strong></span> <span class='ocrx_word' id='word_1_21' title='bbox 733 1043 820 1076; x_wconf 81' lang='lat' dir='ltr'><strong>Sunt</strong></span> <span class='ocrx_word' id='word_1_22' title='bbox 854 1045 951 1076; x_wconf 87' lang='lat' dir='ltr'><strong>etiam</strong></span> <span class='ocrx_word' id='word_1_23' title='bbox 983 1043 1081 1075; x_wconf 92' lang='lat' dir='ltr'><strong>hodie</strong></span> 
     </span>
     <span class='ocr_line' id='line_1_5' title="bbox 106 1086 1080 1128; baseline -0.003 -8"><span class='ocrx_word' id='word_1_24' title='bbox 106 1086 258 1120; x_wconf 84' lang='lat' dir='ltr'><strong>nonnulli</strong></span> <span class='ocrx_word' id='word_1_25' title='bbox 287 1087 344 1128; x_wconf 91' lang='lat' dir='ltr'><strong>qui</strong></span> <span class='ocrx_word' id='word_1_26' title='bbox 371 1096 443 1119; x_wconf 90' lang='lat' dir='ltr'><strong>eam</strong></span> <span class='ocrx_word' id='word_1_27' title='bbox 474 1087 646 1119; x_wconf 79' lang='lat' dir='ltr'><strong>autoritate</strong></span> <span class='ocrx_word' id='word_1_28' title='bbox 674 1086 806 1128; x_wconf 82' lang='lat' dir='ltr'><strong>dignam</strong></span> <span class='ocrx_word' id='word_1_29' title='bbox 829 1097 893 1118; x_wconf 89' lang='lat' dir='ltr'><strong>non</strong></span> <span class='ocrx_word' id='word_1_30' title='bbox 916 1091 1080 1119; x_wconf 87' lang='lat' dir='ltr'><strong>censeant.</strong></span> 
     </span>
     <span class='ocr_line' id='line_1_6' title="bbox 104 1129 1080 1172; baseline -0.002 -10"><span class='ocrx_word' id='word_1_31' title='bbox 104 1130 180 1172; x_wconf 85' lang='lat' dir='ltr'><strong>Ego</strong></span> <span class='ocrx_word' id='word_1_32' title='bbox 213 1134 339 1168; x_wconf 88' lang='lat' dir='ltr'><strong>tamen,</strong></span> <span class='ocrx_word' id='word_1_33' title='bbox 373 1130 450 1170; x_wconf 90' lang='lat' dir='ltr'><strong>quia</strong></span> <span class='ocrx_word' id='word_1_34' title='bbox 484 1129 610 1161; x_wconf 89' lang='lat' dir='ltr'><strong>nullam</strong></span> <span class='ocrx_word' id='word_1_35' title='bbox 645 1129 714 1161; x_wconf 87' lang='lat' dir='ltr'><strong>eius</strong></span> <span class='ocrx_word' id='word_1_36' title='bbox 748 1129 968 1169; x_wconf 77' lang='lat' dir='ltr'><strong>repudiandae</strong></span> <span class='ocrx_word' id='word_1_37' title='bbox 1001 1129 1080 1160; x_wconf 87' lang='lat' dir='ltr'><strong>satis</strong></span> 
     </span>
     <span class='ocr_line' id='line_1_7' title="bbox 106 1172 1081 1211; baseline -0.002 -6"><span class='ocrx_word' id='word_1_38' title='bbox 106 1174 227 1205; x_wconf 86' lang='lat' dir='ltr'><strong>iustam</strong></span> <span class='ocrx_word' id='word_1_39' title='bbox 243 1183 373 1204; x_wconf 86' lang='lat' dir='ltr'><strong>oausam</strong></span> <span class='ocrx_word' id='word_1_40' title='bbox 389 1172 492 1211; x_wconf 88' lang='lat' dir='ltr'><strong>video,</strong></span> <span class='ocrx_word' id='word_1_41' title='bbox 514 1172 655 1204; x_wconf 83' lang='lat' dir='ltr'><strong>libenter</strong></span> <span class='ocrx_word' id='word_1_42' title='bbox 675 1182 746 1204; x_wconf 88' lang='lat' dir='ltr'><strong>eam</strong></span> <span class='ocrx_word' id='word_1_43' title='bbox 769 1173 839 1204; x_wconf 88' lang='lat' dir='ltr'><strong>sine</strong></span> <span class='ocrx_word' id='word_1_44' title='bbox 861 1172 1081 1204; x_wconf 85' lang='lat' dir='ltr'><strong>controversia</strong></span> 
     </span>
     <span class='ocr_line' id='line_1_8' title="bbox 107 1214 1079 1256; baseline -0.002 -8"><span class='ocrx_word' id='word_1_45' title='bbox 107 1215 295 1256; x_wconf 88' lang='lat' dir='ltr'><strong>amplector.</strong></span> <span class='ocrx_word' id='word_1_46' title='bbox 339 1214 424 1246; x_wconf 83' lang='lat' dir='ltr'><strong>Nam</strong></span> <span class='ocrx_word' id='word_1_47' title='bbox 448 1215 532 1256; x_wconf 91' lang='lat' dir='ltr'><strong>quod</strong></span> <span class='ocrx_word' id='word_1_48' title='bbox 555 1215 685 1246; x_wconf 88' lang='lat' dir='ltr'><strong>videtur</strong></span> <span class='ocrx_word' id='word_1_49' title='bbox 708 1217 813 1255; x_wconf 87' lang='lat' dir='ltr'><strong>capite</strong></span> <span class='ocrx_word' id='word_1_50' title='bbox 836 1214 985 1256; x_wconf 89' lang='lat' dir='ltr'><strong>secundo,</strong></span> <span class='ocrx_word' id='word_1_51' title='bbox 1008 1225 1079 1256; x_wconf 84' lang='lat' dir='ltr'><strong>gra-</strong></span> 
     </span>
     <span class='ocr_line' id='line_1_9' title="bbox 107 1257 1080 1296; baseline -0.002 -6"><span class='ocrx_word' id='word_1_52' title='bbox 107 1257 209 1290; x_wconf 89' lang='lat' dir='ltr'><strong>tuitae</strong></span> <span class='ocrx_word' id='word_1_53' title='bbox 230 1257 468 1290; x_wconf 88' lang='lat' dir='ltr'><strong>iustificationis</strong></span> <span class='ocrx_word' id='word_1_54' title='bbox 491 1257 638 1289; x_wconf 90' lang='lat' dir='ltr'><strong>doctrina</strong></span> <span class='ocrx_word' id='word_1_55' title='bbox 660 1257 807 1296; x_wconf 90' lang='lat' dir='ltr'><strong>convelli,</strong></span> <span class='ocrx_word' id='word_1_56' title='bbox 830 1257 923 1290; x_wconf 88' lang='lat' dir='ltr'><strong>facile</strong></span> <span class='ocrx_word' id='word_1_57' title='bbox 939 1257 1000 1289; x_wconf 92' lang='lat' dir='ltr'><strong>hoc</strong></span> <span class='ocrx_word' id='word_1_58' title='bbox 1021 1266 1080 1289; x_wconf 90' lang='lat' dir='ltr'><strong>suo</strong></span> 
     </span>
     <span class='ocr_line' id='line_1_10' title="bbox 105 1299 1081 1341; baseline -0.001 -9"><span class='ocrx_word' id='word_1_59' title='bbox 105 1301 177 1333; x_wconf 93' lang='lat' dir='ltr'><strong>loco</strong></span> <span class='ocrx_word' id='word_1_60' title='bbox 201 1301 372 1332; x_wconf 79' lang='lat' dir='ltr'><strong>diluemus.</strong></span> <span class='ocrx_word' id='word_1_61' title='bbox 406 1299 503 1340; x_wconf 77' lang='lat' dir='ltr'><strong>Quod</strong></span> <span class='ocrx_word' id='word_1_62' title='bbox 527 1305 634 1332; x_wconf 87' lang='lat' dir='ltr'><strong>autem</strong></span> <span class='ocrx_word' id='word_1_63' title='bbox 659 1301 788 1341; x_wconf 84' lang='lat' dir='ltr'><strong>parcior</strong></span> <span class='ocrx_word' id='word_1_64' title='bbox 810 1301 843 1331; x_wconf 91' lang='lat' dir='ltr'><strong>in</strong></span> <span class='ocrx_word' id='word_1_65' title='bbox 867 1299 1081 1341; x_wconf 84' lang='lat' dir='ltr'><strong>praedicanda</strong></span> 
     </span>
     <span class='ocr_line' id='line_1_11' title="bbox 106 1343 1080 1384; baseline -0.002 -8"><span class='ocrx_word' id='word_1_66' title='bbox 106 1343 231 1376; x_wconf 80' lang='lat' dir='ltr'><strong>Christi</strong></span> <span class='ocrx_word' id='word_1_67' title='bbox 264 1344 370 1384; x_wconf 84' lang='lat' dir='ltr'><strong>gratia</strong></span> <span class='ocrx_word' id='word_1_68' title='bbox 403 1343 544 1384; x_wconf 84' lang='lat' dir='ltr'><strong>videtur,</strong></span> <span class='ocrx_word' id='word_1_69' title='bbox 578 1353 676 1384; x_wconf 89' lang='lat' dir='ltr'><strong>quam</strong></span> <span class='ocrx_word' id='word_1_70' title='bbox 710 1343 858 1383; x_wconf 88' lang='lat' dir='ltr'><strong>apostolo</strong></span> <span class='ocrx_word' id='word_1_71' title='bbox 891 1343 1080 1375; x_wconf 83' lang='lat' dir='ltr'><strong>conveniat:</strong></span> 
     </span>
     <span class='ocr_line' id='line_1_12' title="bbox 106 1385 1080 1427; baseline 0 -9"><span class='ocrx_word' id='word_1_72' title='bbox 106 1391 194 1418; x_wconf 87' lang='lat' dir='ltr'><strong>certe</strong></span> <span class='ocrx_word' id='word_1_73' title='bbox 209 1396 274 1418; x_wconf 90' lang='lat' dir='ltr'><strong>non</strong></span> <span class='ocrx_word' id='word_1_74' title='bbox 291 1390 342 1418; x_wconf 88' lang='lat' dir='ltr'><strong>est</strong></span> <span class='ocrx_word' id='word_1_75' title='bbox 357 1385 398 1418; x_wconf 92' lang='lat' dir='ltr'><strong>ab</strong></span> <span class='ocrx_word' id='word_1_76' title='bbox 420 1386 574 1418; x_wconf 86' lang='lat' dir='ltr'><strong>omnibus</strong></span> <span class='ocrx_word' id='word_1_77' title='bbox 596 1386 793 1427; x_wconf 81' lang='lat' dir='ltr'><strong>exigendum</strong></span> <span class='ocrx_word' id='word_1_78' title='bbox 817 1390 853 1417; x_wconf 91' lang='lat' dir='ltr'><strong>ut</strong></span> <span class='ocrx_word' id='word_1_79' title='bbox 875 1386 960 1417; x_wconf 90' lang='lat' dir='ltr'><strong>idem</strong></span> <span class='ocrx_word' id='word_1_80' title='bbox 984 1395 1080 1426; x_wconf 88' lang='lat' dir='ltr'><strong>argu-</strong></span> 
     </span>
     <span class='ocr_line' id='line_1_13' title="bbox 106 1428 1081 1470; baseline -0.003 -8"><span class='ocrx_word' id='word_1_81' title='bbox 106 1431 254 1462; x_wconf 86' lang='lat' dir='ltr'><strong>mentum</strong></span> <span class='ocrx_word' id='word_1_82' title='bbox 284 1433 435 1461; x_wconf 89' lang='lat' dir='ltr'><strong>tractent.</strong></span> <span class='ocrx_word' id='word_1_83' title='bbox 480 1429 625 1461; x_wconf 89' lang='lat' dir='ltr'><strong>Multum</strong></span> <span class='ocrx_word' id='word_1_84' title='bbox 649 1439 668 1460; x_wconf 89' lang='lat' dir='ltr'><strong>a</strong></span> <span class='ocrx_word' id='word_1_85' title='bbox 690 1428 777 1470; x_wconf 85' lang='lat' dir='ltr'><strong>stylo</strong></span> <span class='ocrx_word' id='word_1_86' title='bbox 800 1428 938 1461; x_wconf 88' lang='lat' dir='ltr'><strong>Davidis</strong></span> <span class='ocrx_word' id='word_1_87' title='bbox 960 1428 1081 1460; x_wconf 88' lang='lat' dir='ltr'><strong>distant</strong></span> 
     </span>
     <span class='ocr_line' id='line_1_14' title="bbox 105 1470 1080 1512; baseline -0.001 -9"><span class='ocrx_word' id='word_1_88' title='bbox 105 1470 293 1503; x_wconf 80' lang='lat' dir='ltr'><strong>Solomonis</strong></span> <span class='ocrx_word' id='word_1_89' title='bbox 325 1472 454 1512; x_wconf 86' lang='lat' dir='ltr'><strong>scripta.</strong></span> <span class='ocrx_word' id='word_1_90' title='bbox 501 1471 584 1503; x_wconf 87' lang='lat' dir='ltr'><strong>Nam</strong></span> <span class='ocrx_word' id='word_1_91' title='bbox 614 1481 715 1512; x_wconf 91' lang='lat' dir='ltr'><strong>quum</strong></span> <span class='ocrx_word' id='word_1_92' title='bbox 746 1471 800 1503; x_wconf 87' lang='lat' dir='ltr'><strong>hic</strong></span> <span class='ocrx_word' id='word_1_93' title='bbox 830 1472 988 1512; x_wconf 77' lang='lat' dir='ltr'><strong>posterior</strong></span> <span class='ocrx_word' id='word_1_94' title='bbox 1019 1471 1080 1503; x_wconf 79' lang='lat' dir='ltr'><strong>for-</strong></span> 
     </span>
     <span class='ocr_line' id='line_1_15' title="bbox 105 1513 1081 1555; baseline 0.001 -10"><span class='ocrx_word' id='word_1_95' title='bbox 105 1514 226 1546; x_wconf 87' lang='lat' dir='ltr'><strong>mando</strong></span> <span class='ocrx_word' id='word_1_96' title='bbox 254 1519 390 1546; x_wconf 88' lang='lat' dir='ltr'><strong>externo</strong></span> <span class='ocrx_word' id='word_1_97' title='bbox 413 1514 547 1555; x_wconf 89' lang='lat' dir='ltr'><strong>homini,</strong></span> <span class='ocrx_word' id='word_1_98' title='bbox 576 1519 608 1546; x_wconf 87' lang='lat' dir='ltr'><strong>et</strong></span> <span class='ocrx_word' id='word_1_99' title='bbox 634 1513 803 1546; x_wconf 80' lang='lat' dir='ltr'><strong>tradendis</strong></span> <span class='ocrx_word' id='word_1_100' title='bbox 825 1514 973 1555; x_wconf 85' lang='lat' dir='ltr'><strong>politicae</strong></span> <span class='ocrx_word' id='word_1_101' title='bbox 995 1515 1081 1546; x_wconf 82' lang='lat' dir='ltr'><strong>vitae</strong></span> 
     </span>
     <span class='ocr_line' id='line_1_16' title="bbox 105 1556 1080 1598; baseline 0 -10"><span class='ocrx_word' id='word_1_102' title='bbox 105 1557 287 1597; x_wconf 79' lang='lat' dir='ltr'><strong>praeceptis</strong></span> <span class='ocrx_word' id='word_1_103' title='bbox 309 1557 415 1598; x_wconf 87' lang='lat' dir='ltr'><strong>magis</strong></span> <span class='ocrx_word' id='word_1_104' title='bbox 437 1557 478 1588; x_wconf 89' lang='lat' dir='ltr'><strong>sit</strong></span> <span class='ocrx_word' id='word_1_105' title='bbox 501 1557 664 1588; x_wconf 86' lang='lat' dir='ltr'><strong>intentus:</strong></span> <span class='ocrx_word' id='word_1_106' title='bbox 687 1557 780 1588; x_wconf 90' lang='lat' dir='ltr'><strong>illum</strong></span> <span class='ocrx_word' id='word_1_107' title='bbox 804 1556 932 1588; x_wconf 82' lang='lat' dir='ltr'><strong>assidue</strong></span> <span class='ocrx_word' id='word_1_108' title='bbox 954 1556 993 1589; x_wconf 91' lang='lat' dir='ltr'><strong>de</strong></span> <span class='ocrx_word' id='word_1_109' title='bbox 1016 1557 1080 1597; x_wconf 89' lang='lat' dir='ltr'><strong>spi—</strong></span> 
     </span>
     <span class='ocr_line' id='line_1_17' title="bbox 105 1599 1080 1640; baseline 0.001 -10"><span class='ocrx_word' id='word_1_110' title='bbox 105 1599 216 1630; x_wconf 81' lang='lat' dir='ltr'><strong>rituali</strong></span> <span class='ocrx_word' id='word_1_111' title='bbox 239 1602 310 1630; x_wconf 89' lang='lat' dir='ltr'><strong>tum</strong></span> <span class='ocrx_word' id='word_1_112' title='bbox 333 1599 396 1631; x_wconf 88' lang='lat' dir='ltr'><strong>Dei</strong></span> <span class='ocrx_word' id='word_1_113' title='bbox 418 1599 517 1638; x_wconf 86' lang='lat' dir='ltr'><strong>cultu,</strong></span> <span class='ocrx_word' id='word_1_114' title='bbox 550 1605 620 1631; x_wconf 89' lang='lat' dir='ltr'><strong>tum</strong></span> <span class='ocrx_word' id='word_1_115' title='bbox 643 1600 858 1632; x_wconf 86' lang='lat' dir='ltr'><strong>conscientiae</strong></span> <span class='ocrx_word' id='word_1_116' title='bbox 881 1609 968 1640; x_wconf 89' lang='lat' dir='ltr'><strong>pace,</strong></span> <span class='ocrx_word' id='word_1_117' title='bbox 1003 1600 1080 1631; x_wconf 90' lang='lat' dir='ltr'><strong>Dei-</strong></span> 
     </span>
     <span class='ocr_line' id='line_1_18' title="bbox 105 1641 1081 1683; baseline 0.001 -10"><span class='ocrx_word' id='word_1_118' title='bbox 105 1652 169 1682; x_wconf 90' lang='lat' dir='ltr'><strong>que</strong></span> <span class='ocrx_word' id='word_1_119' title='bbox 202 1641 444 1682; x_wconf 82' lang='lat' dir='ltr'><strong>misericordia,</strong></span> <span class='ocrx_word' id='word_1_120' title='bbox 482 1647 514 1673; x_wconf 90' lang='lat' dir='ltr'><strong>et</strong></span> <span class='ocrx_word' id='word_1_121' title='bbox 547 1642 690 1683; x_wconf 88' lang='lat' dir='ltr'><strong>gratuita</strong></span> <span class='ocrx_word' id='word_1_122' title='bbox 721 1642 835 1674; x_wconf 87' lang='lat' dir='ltr'><strong>salutis</strong></span> <span class='ocrx_word' id='word_1_123' title='bbox 869 1643 1081 1682; x_wconf 86' lang='lat' dir='ltr'><strong>promissione</strong></span> 
     </span>
     <span class='ocr_line' id='line_1_19' title="bbox 105 1684 1078 1725; baseline 0.001 -9"><span class='ocrx_word' id='word_1_124' title='bbox 105 1684 303 1725; x_wconf 83' lang='lat' dir='ltr'><strong>concionari,</strong></span> <span class='ocrx_word' id='word_1_125' title='bbox 326 1689 441 1716; x_wconf 88' lang='lat' dir='ltr'><strong>notum</strong></span> <span class='ocrx_word' id='word_1_126' title='bbox 464 1689 523 1717; x_wconf 91' lang='lat' dir='ltr'><strong>est.</strong></span> <span class='ocrx_word' id='word_1_127' title='bbox 568 1686 668 1725; x_wconf 88' lang='lat' dir='ltr'><strong>Atqui</strong></span> <span class='ocrx_word' id='word_1_128' title='bbox 691 1695 756 1717; x_wconf 91' lang='lat' dir='ltr'><strong>non</strong></span> <span class='ocrx_word' id='word_1_129' title='bbox 779 1684 856 1716; x_wconf 85' lang='lat' dir='ltr'><strong>facit</strong></span> <span class='ocrx_word' id='word_1_130' title='bbox 880 1685 960 1717; x_wconf 89' lang='lat' dir='ltr'><strong>haec</strong></span> <span class='ocrx_word' id='word_1_131' title='bbox 976 1685 1078 1717; x_wconf 87' lang='lat' dir='ltr'><strong>diver-</strong></span> 
     </span>
     <span class='ocr_line' id='line_1_20' title="bbox 105 1727 1080 1768; baseline 0.001 -9"><span class='ocrx_word' id='word_1_132' title='bbox 105 1727 186 1760; x_wconf 84' lang='lat' dir='ltr'><strong>sitas</strong></span> <span class='ocrx_word' id='word_1_133' title='bbox 225 1733 262 1758; x_wconf 86' lang='lat' dir='ltr'><strong>ut</strong></span> <span class='ocrx_word' id='word_1_134' title='bbox 302 1727 442 1759; x_wconf 89' lang='lat' dir='ltr'><strong>alterum</strong></span> <span class='ocrx_word' id='word_1_135' title='bbox 479 1727 662 1768; x_wconf 87' lang='lat' dir='ltr'><strong>probando,</strong></span> <span class='ocrx_word' id='word_1_136' title='bbox 702 1727 842 1759; x_wconf 88' lang='lat' dir='ltr'><strong>alterum</strong></span> <span class='ocrx_word' id='word_1_137' title='bbox 880 1728 1080 1760; x_wconf 84' lang='lat' dir='ltr'><strong>damnemus.</strong></span> 
     </span>
     <span class='ocr_line' id='line_1_21' title="bbox 107 1769 1081 1810; baseline 0.003 -10"><span class='ocrx_word' id='word_1_138' title='bbox 107 1769 199 1809; x_wconf 82' lang='lat' dir='ltr'><strong>Quin</strong></span> <span class='ocrx_word' id='word_1_139' title='bbox 222 1770 320 1801; x_wconf 87' lang='lat' dir='ltr'><strong>etiam</strong></span> <span class='ocrx_word' id='word_1_140' title='bbox 344 1770 431 1801; x_wconf 89' lang='lat' dir='ltr'><strong>inter</strong></span> <span class='ocrx_word' id='word_1_141' title='bbox 452 1770 540 1810; x_wconf 90' lang='lat' dir='ltr'><strong>ipsos</strong></span> <span class='ocrx_word' id='word_1_142' title='bbox 563 1770 780 1810; x_wconf 86' lang='lat' dir='ltr'><strong>evangelistas</strong></span> <span class='ocrx_word' id='word_1_143' title='bbox 802 1775 930 1802; x_wconf 87' lang='lat' dir='ltr'><strong>tantum</strong></span> <span class='ocrx_word' id='word_1_144' title='bbox 953 1775 1003 1802; x_wconf 89' lang='lat' dir='ltr'><strong>est</strong></span> <span class='ocrx_word' id='word_1_145' title='bbox 1018 1771 1081 1803; x_wconf 88' lang='lat' dir='ltr'><strong>dis-</strong></span> 
     </span>
     <span class='ocr_line' id='line_1_22' title="bbox 105 1812 1081 1854; baseline 0.001 -10"><span class='ocrx_word' id='word_1_146' title='bbox 105 1812 253 1844; x_wconf 89' lang='lat' dir='ltr'><strong>criminis</strong></span> <span class='ocrx_word' id='word_1_147' title='bbox 286 1812 321 1843; x_wconf 89' lang='lat' dir='ltr'><strong>in</strong></span> <span class='ocrx_word' id='word_1_148' title='bbox 354 1812 548 1844; x_wconf 88' lang='lat' dir='ltr'><strong>illustranda</strong></span> <span class='ocrx_word' id='word_1_149' title='bbox 579 1812 703 1844; x_wconf 84' lang='lat' dir='ltr'><strong>Christi</strong></span> <span class='ocrx_word' id='word_1_150' title='bbox 736 1813 868 1851; x_wconf 89' lang='lat' dir='ltr'><strong>virtute,</strong></span> <span class='ocrx_word' id='word_1_151' title='bbox 901 1818 939 1845; x_wconf 85' lang='lat' dir='ltr'><strong>ut</strong></span> <span class='ocrx_word' id='word_1_152' title='bbox 967 1814 1081 1854; x_wconf 90' lang='lat' dir='ltr'><strong>reliqui</strong></span> 
     </span>
     <span class='ocr_line' id='line_1_23' title="bbox 107 1854 1082 1896; baseline 0.002 -10"><span class='ocrx_word' id='word_1_153' title='bbox 107 1859 175 1886; x_wconf 89' lang='lat' dir='ltr'><strong>tres</strong></span> <span class='ocrx_word' id='word_1_154' title='bbox 195 1865 268 1886; x_wconf 90' lang='lat' dir='ltr'><strong>cum</strong></span> <span class='ocrx_word' id='word_1_155' title='bbox 291 1854 438 1886; x_wconf 84' lang='lat' dir='ltr'><strong>Iohanne</strong></span> <span class='ocrx_word' id='word_1_156' title='bbox 461 1856 648 1896; x_wconf 86' lang='lat' dir='ltr'><strong>comparati,</strong></span> <span class='ocrx_word' id='word_1_157' title='bbox 679 1856 734 1887; x_wconf 81' lang='lat' dir='ltr'><strong>vix</strong></span> <span class='ocrx_word' id='word_1_158' title='bbox 758 1856 916 1888; x_wconf 90' lang='lat' dir='ltr'><strong>scintillas</strong></span> <span class='ocrx_word' id='word_1_159' title='bbox 939 1856 1082 1888; x_wconf 87' lang='lat' dir='ltr'><strong>habeant</strong></span> 
     </span>
     <span class='ocr_line' id='line_1_24' title="bbox 107 1897 1080 1940; baseline 0.003 -12"><span class='ocrx_word' id='word_1_160' title='bbox 107 1897 196 1937; x_wconf 89' lang='lat' dir='ltr'><strong>pleni</strong></span> <span class='ocrx_word' id='word_1_161' title='bbox 226 1897 361 1938; x_wconf 84' lang='lat' dir='ltr'><strong>fulgoris</strong></span> <span class='ocrx_word' id='word_1_162' title='bbox 391 1898 445 1938; x_wconf 88' lang='lat' dir='ltr'><strong>qui</strong></span> <span class='ocrx_word' id='word_1_163' title='bbox 476 1899 508 1929; x_wconf 93' lang='lat' dir='ltr'><strong>in</strong></span> <span class='ocrx_word' id='word_1_164' title='bbox 539 1899 608 1938; x_wconf 92' lang='lat' dir='ltr'><strong>ipso</strong></span> <span class='ocrx_word' id='word_1_165' title='bbox 631 1904 697 1929; x_wconf 90' lang='lat' dir='ltr'><strong>tam</strong></span> <span class='ocrx_word' id='word_1_166' title='bbox 721 1899 914 1939; x_wconf 88' lang='lat' dir='ltr'><strong>conspicuus</strong></span> <span class='ocrx_word' id='word_1_167' title='bbox 937 1904 1080 1940; x_wconf 84' lang='lat' dir='ltr'><strong>apparet.</strong></span> 
     </span>
     <span class='ocr_line' id='line_1_25' title="bbox 108 1940 1083 1981; baseline 0.002 -10"><span class='ocrx_word' id='word_1_168' title='bbox 108 1940 153 1971; x_wconf 86' lang='lat' dir='ltr'><strong>Et</strong></span> <span class='ocrx_word' id='word_1_169' title='bbox 169 1945 276 1971; x_wconf 89' lang='lat' dir='ltr'><strong>tamen</strong></span> <span class='ocrx_word' id='word_1_170' title='bbox 291 1950 405 1972; x_wconf 88' lang='lat' dir='ltr'><strong>omnes</strong></span> <span class='ocrx_word' id='word_1_171' title='bbox 421 1951 579 1981; x_wconf 87' lang='lat' dir='ltr'><strong>peraeque</strong></span> <span class='ocrx_word' id='word_1_172' title='bbox 602 1941 838 1973; x_wconf 79' lang='lat' dir='ltr'><strong>exosculamur.</strong></span> <span class='ocrx_word' id='word_1_173' title='bbox 869 1941 979 1981; x_wconf 80' lang='lat' dir='ltr'><strong>Quare</strong></span> <span class='ocrx_word' id='word_1_174' title='bbox 1002 1942 1083 1973; x_wconf 89' lang='lat' dir='ltr'><strong>mihi</strong></span> 
     </span>
     <span class='ocr_line' id='line_1_26' title="bbox 109 1982 1083 2025; baseline 0.003 -12"><span class='ocrx_word' id='word_1_175' title='bbox 109 1982 149 2013; x_wconf 82' lang='lat' dir='ltr'><strong>ad</strong></span> <span class='ocrx_word' id='word_1_176' title='bbox 173 1982 341 2023; x_wconf 89' lang='lat' dir='ltr'><strong>epistolam</strong></span> <span class='ocrx_word' id='word_1_177' title='bbox 365 1983 450 2014; x_wconf 86' lang='lat' dir='ltr'><strong>hanc</strong></span> <span class='ocrx_word' id='word_1_178' title='bbox 472 1983 686 2024; x_wconf 85' lang='lat' dir='ltr'><strong>recipiendam</strong></span> <span class='ocrx_word' id='word_1_179' title='bbox 710 1984 788 2016; x_wconf 84' lang='lat' dir='ltr'><strong>satis</strong></span> <span class='ocrx_word' id='word_1_180' title='bbox 810 1988 868 2023; x_wconf 88' lang='lat' dir='ltr'><strong>est,</strong></span> <span class='ocrx_word' id='word_1_181' title='bbox 894 1985 978 2025; x_wconf 92' lang='lat' dir='ltr'><strong>quod</strong></span> <span class='ocrx_word' id='word_1_182' title='bbox 1002 1985 1083 2016; x_wconf 90' lang='lat' dir='ltr'><strong>nihil</strong></span> 
     </span>
     <span class='ocr_line' id='line_1_27' title="bbox 109 2025 1083 2067; baseline 0.002 -10"><span class='ocrx_word' id='word_1_183' title='bbox 109 2026 251 2057; x_wconf 85' lang='lat' dir='ltr'><strong>continet</strong></span> <span class='ocrx_word' id='word_1_184' title='bbox 274 2025 399 2057; x_wconf 85' lang='lat' dir='ltr'><strong>Christi</strong></span> <span class='ocrx_word' id='word_1_185' title='bbox 421 2026 566 2066; x_wconf 88' lang='lat' dir='ltr'><strong>apostolo</strong></span> <span class='ocrx_word' id='word_1_186' title='bbox 586 2026 772 2067; x_wconf 87' lang='lat' dir='ltr'><strong>indignum:</strong></span> <span class='ocrx_word' id='word_1_187' title='bbox 805 2027 975 2067; x_wconf 87' lang='lat' dir='ltr'><strong>multiplici</strong></span> <span class='ocrx_word' id='word_1_188' title='bbox 1006 2038 1083 2060; x_wconf 88' lang='lat' dir='ltr'><strong>vero</strong></span> 
     </span>
    </p>
   </div>
   <div class='ocr_carea' id='block_1_3' title="bbox 1133 957 2110 2068">
    <p class='ocr_par' dir='ltr' id='par_1_3' title="bbox 1133 957 2110 2068">
     <span class='ocr_line' id='line_1_28' title="bbox 1133 957 2108 999; baseline 0.004 -10"><span class='ocrx_word' id='word_1_189' title='bbox 1133 958 1315 990; x_wconf 83' lang='lat' dir='ltr'><strong>sententiae</strong></span> <span class='ocrx_word' id='word_1_190' title='bbox 1338 957 1377 989; x_wconf 88' lang='lat' dir='ltr'><strong>de</strong></span> <span class='ocrx_word' id='word_1_191' title='bbox 1400 958 1565 999; x_wconf 83' lang='lat' dir='ltr'><strong>patientia,</strong></span> <span class='ocrx_word' id='word_1_192' title='bbox 1589 959 1629 991; x_wconf 90' lang='lat' dir='ltr'><strong>de</strong></span> <span class='ocrx_word' id='word_1_193' title='bbox 1651 960 1853 992; x_wconf 83' lang='lat' dir='ltr'><strong>invocatione</strong></span> <span class='ocrx_word' id='word_1_194' title='bbox 1883 960 1955 999; x_wconf 89' lang='lat' dir='ltr'><strong>Dei,</strong></span> <span class='ocrx_word' id='word_1_195' title='bbox 1978 961 2017 993; x_wconf 89' lang='lat' dir='ltr'><strong>de</strong></span> <span class='ocrx_word' id='word_1_196' title='bbox 2039 970 2108 993; x_wconf 92' lang='lat' dir='ltr'><strong>coe-</strong></span> 
     </span>
     <span class='ocr_line' id='line_1_29' title="bbox 1134 1001 2105 1044; baseline 0.004 -12"><span class='ocrx_word' id='word_1_197' title='bbox 1134 1001 1224 1033; x_wconf 87' lang='lat' dir='ltr'><strong>lestis</strong></span> <span class='ocrx_word' id='word_1_198' title='bbox 1248 1001 1413 1033; x_wconf 87' lang='lat' dir='ltr'><strong>doctrinae</strong></span> <span class='ocrx_word' id='word_1_199' title='bbox 1433 1003 1632 1042; x_wconf 84' lang='lat' dir='ltr'><strong>praestantia</strong></span> <span class='ocrx_word' id='word_1_200' title='bbox 1655 1004 1687 1034; x_wconf 88' lang='lat' dir='ltr'><strong>et</strong></span> <span class='ocrx_word' id='word_1_201' title='bbox 1710 1002 1826 1044; x_wconf 81' lang='lat' dir='ltr'><strong>fructu,</strong></span> <span class='ocrx_word' id='word_1_202' title='bbox 1849 1002 1888 1034; x_wconf 88' lang='lat' dir='ltr'><strong>de</strong></span> <span class='ocrx_word' id='word_1_203' title='bbox 1910 1003 2105 1043; x_wconf 87' lang='lat' dir='ltr'><strong>humilitate,</strong></span> 
     </span>
     <span class='ocr_line' id='line_1_30' title="bbox 1135 1043 2107 1086; baseline 0.004 -11"><span class='ocrx_word' id='word_1_204' title='bbox 1135 1043 1174 1075; x_wconf 90' lang='lat' dir='ltr'><strong>de</strong></span> <span class='ocrx_word' id='word_1_205' title='bbox 1207 1044 1328 1076; x_wconf 87' lang='lat' dir='ltr'><strong>sanctis</strong></span> <span class='ocrx_word' id='word_1_206' title='bbox 1361 1044 1542 1082; x_wconf 84' lang='lat' dir='ltr'><strong>exercitiis,</strong></span> <span class='ocrx_word' id='word_1_207' title='bbox 1576 1044 1616 1076; x_wconf 90' lang='lat' dir='ltr'><strong>de</strong></span> <span class='ocrx_word' id='word_1_208' title='bbox 1651 1044 1785 1086; x_wconf 89' lang='lat' dir='ltr'><strong>linguae</strong></span> <span class='ocrx_word' id='word_1_209' title='bbox 1818 1045 2033 1085; x_wconf 83' lang='lat' dir='ltr'><strong>continentia,</strong></span> <span class='ocrx_word' id='word_1_210' title='bbox 2067 1046 2107 1079; x_wconf 91' lang='lat' dir='ltr'><strong>de</strong></span> 
     </span>
     <span class='ocr_line' id='line_1_31' title="bbox 1134 1086 2106 1130; baseline 0.003 -12"><span class='ocrx_word' id='word_1_211' title='bbox 1134 1086 1270 1119; x_wconf 89' lang='lat' dir='ltr'><strong>colenda</strong></span> <span class='ocrx_word' id='word_1_212' title='bbox 1291 1096 1380 1127; x_wconf 85' lang='lat' dir='ltr'><strong>pace,</strong></span> <span class='ocrx_word' id='word_1_213' title='bbox 1403 1087 1442 1118; x_wconf 92' lang='lat' dir='ltr'><strong>de</strong></span> <span class='ocrx_word' id='word_1_214' title='bbox 1465 1087 1678 1127; x_wconf 84' lang='lat' dir='ltr'><strong>reprimendis</strong></span> <span class='ocrx_word' id='word_1_215' title='bbox 1695 1088 1933 1128; x_wconf 84' lang='lat' dir='ltr'><strong>cupiditatibus,</strong></span> <span class='ocrx_word' id='word_1_216' title='bbox 1957 1088 1997 1120; x_wconf 91' lang='lat' dir='ltr'><strong>de</strong></span> <span class='ocrx_word' id='word_1_217' title='bbox 2014 1099 2106 1130; x_wconf 88' lang='lat' dir='ltr'><strong>prae-</strong></span> 
     </span>
     <span class='ocr_line' id='line_1_32' title="bbox 1134 1129 2106 1172; baseline 0.004 -12"><span class='ocrx_word' id='word_1_218' title='bbox 1134 1129 1236 1161; x_wconf 88' lang='lat' dir='ltr'><strong>sentis</strong></span> <span class='ocrx_word' id='word_1_219' title='bbox 1259 1129 1346 1161; x_wconf 87' lang='lat' dir='ltr'><strong>vitae</strong></span> <span class='ocrx_word' id='word_1_220' title='bbox 1367 1133 1572 1170; x_wconf 87' lang='lat' dir='ltr'><strong>contemptu:</strong></span> <span class='ocrx_word' id='word_1_221' title='bbox 1605 1132 1639 1161; x_wconf 89' lang='lat' dir='ltr'><strong>et</strong></span> <span class='ocrx_word' id='word_1_222' title='bbox 1665 1131 1796 1169; x_wconf 88' lang='lat' dir='ltr'><strong>similes,</strong></span> <span class='ocrx_word' id='word_1_223' title='bbox 1830 1141 1909 1171; x_wconf 91' lang='lat' dir='ltr'><strong>quas</strong></span> <span class='ocrx_word' id='word_1_224' title='bbox 1937 1132 2106 1172; x_wconf 81' lang='lat' dir='ltr'><strong>sigillatim</strong></span> 
     </span>
     <span class='ocr_line' id='line_1_33' title="bbox 1134 1171 2107 1206; baseline 0.003 -3"><span class='ocrx_word' id='word_1_225' title='bbox 1134 1172 1202 1204; x_wconf 91' lang='lat' dir='ltr'><strong>suis</strong></span> <span class='ocrx_word' id='word_1_226' title='bbox 1234 1171 1312 1203; x_wconf 86' lang='lat' dir='ltr'><strong>locis</strong></span> <span class='ocrx_word' id='word_1_227' title='bbox 1341 1173 1549 1204; x_wconf 85' lang='lat' dir='ltr'><strong>excutiemus.</strong></span> <span class='ocrx_word' id='word_1_228' title='bbox 1596 1172 1698 1205; x_wconf 87' lang='lat' dir='ltr'><strong>Porro</strong></span> <span class='ocrx_word' id='word_1_229' title='bbox 1724 1173 1764 1205; x_wconf 91' lang='lat' dir='ltr'><strong>de</strong></span> <span class='ocrx_word' id='word_1_230' title='bbox 1786 1179 1900 1205; x_wconf 85' lang='lat' dir='ltr'><strong>autore</strong></span> <span class='ocrx_word' id='word_1_231' title='bbox 1922 1174 2026 1206; x_wconf 88' lang='lat' dir='ltr'><strong>maior</strong></span> <span class='ocrx_word' id='word_1_232' title='bbox 2048 1174 2107 1206; x_wconf 90' lang='lat' dir='ltr'><strong>ali-</strong></span> 
     </span>
     <span class='ocr_line' id='line_1_34' title="bbox 1133 1214 2107 1257; baseline 0.003 -11"><span class='ocrx_word' id='word_1_233' title='bbox 1133 1219 1254 1255; x_wconf 89' lang='lat' dir='ltr'><strong>quanto</strong></span> <span class='ocrx_word' id='word_1_234' title='bbox 1288 1219 1338 1246; x_wconf 87' lang='lat' dir='ltr'><strong>est</strong></span> <span class='ocrx_word' id='word_1_235' title='bbox 1371 1214 1540 1246; x_wconf 85' lang='lat' dir='ltr'><strong>dubitandi</strong></span> <span class='ocrx_word' id='word_1_236' title='bbox 1574 1216 1664 1247; x_wconf 82' lang='lat' dir='ltr'><strong>ratio.</strong></span> <span class='ocrx_word' id='word_1_237' title='bbox 1715 1215 1850 1248; x_wconf 90' lang='lat' dir='ltr'><strong>Certum</strong></span> <span class='ocrx_word' id='word_1_238' title='bbox 1883 1216 2013 1257; x_wconf 89' lang='lat' dir='ltr'><strong>quidem</strong></span> <span class='ocrx_word' id='word_1_239' title='bbox 2048 1222 2107 1256; x_wconf 88' lang='lat' dir='ltr'><strong>est,</strong></span> 
     </span>
     <span class='ocr_line' id='line_1_35' title="bbox 1134 1257 2110 1301; baseline 0.003 -13"><span class='ocrx_word' id='word_1_240' title='bbox 1134 1268 1201 1289; x_wconf 90' lang='lat' dir='ltr'><strong>non</strong></span> <span class='ocrx_word' id='word_1_241' title='bbox 1224 1267 1294 1289; x_wconf 91' lang='lat' dir='ltr'><strong>esse</strong></span> <span class='ocrx_word' id='word_1_242' title='bbox 1309 1257 1466 1289; x_wconf 86' lang='lat' dir='ltr'><strong>Zebedaei</strong></span> <span class='ocrx_word' id='word_1_243' title='bbox 1491 1258 1604 1299; x_wconf 89' lang='lat' dir='ltr'><strong>filium,</strong></span> <span class='ocrx_word' id='word_1_244' title='bbox 1627 1269 1721 1298; x_wconf 89' lang='lat' dir='ltr'><strong>quem</strong></span> <span class='ocrx_word' id='word_1_245' title='bbox 1745 1258 1894 1291; x_wconf 88' lang='lat' dir='ltr'><strong>Herodes</strong></span> <span class='ocrx_word' id='word_1_246' title='bbox 1915 1259 2013 1300; x_wconf 88' lang='lat' dir='ltr'><strong>paulo</strong></span> <span class='ocrx_word' id='word_1_247' title='bbox 2035 1265 2110 1301; x_wconf 86' lang='lat' dir='ltr'><strong>post</strong></span> 
     </span>
     <span class='ocr_line' id='line_1_36' title="bbox 1134 1299 2109 1335; baseline 0.003 -4"><span class='ocrx_word' id='word_1_248' title='bbox 1134 1299 1268 1332; x_wconf 91' lang='lat' dir='ltr'><strong>Domini</strong></span> <span class='ocrx_word' id='word_1_249' title='bbox 1299 1301 1568 1335; x_wconf 87' lang='lat' dir='ltr'><strong>resurrectionem</strong></span> <span class='ocrx_word' id='word_1_250' title='bbox 1600 1301 1726 1333; x_wconf 89' lang='lat' dir='ltr'><strong>occidit.</strong></span> <span class='ocrx_word' id='word_1_251' title='bbox 1773 1301 1910 1333; x_wconf 88' lang='lat' dir='ltr'><strong>Veteres</strong></span> <span class='ocrx_word' id='word_1_252' title='bbox 1940 1302 2007 1334; x_wconf 91' lang='lat' dir='ltr'><strong>fere</strong></span> <span class='ocrx_word' id='word_1_253' title='bbox 2035 1312 2109 1335; x_wconf 87' lang='lat' dir='ltr'><strong>con-</strong></span> 
     </span>
     <span class='ocr_line' id='line_1_37' title="bbox 1133 1344 2108 1385; baseline 0.002 -11"><span class='ocrx_word' id='word_1_254' title='bbox 1133 1344 1288 1381; x_wconf 85' lang='lat' dir='ltr'><strong>sentiunt,</strong></span> <span class='ocrx_word' id='word_1_255' title='bbox 1312 1344 1412 1375; x_wconf 83' lang='lat' dir='ltr'><strong>fuisse</strong></span> <span class='ocrx_word' id='word_1_256' title='bbox 1435 1353 1533 1375; x_wconf 89' lang='lat' dir='ltr'><strong>unum</strong></span> <span class='ocrx_word' id='word_1_257' title='bbox 1558 1354 1599 1375; x_wconf 87' lang='lat' dir='ltr'><strong>ex</strong></span> <span class='ocrx_word' id='word_1_258' title='bbox 1623 1344 1798 1384; x_wconf 89' lang='lat' dir='ltr'><strong>discipulis,</strong></span> <span class='ocrx_word' id='word_1_259' title='bbox 1822 1345 2016 1385; x_wconf 88' lang='lat' dir='ltr'><strong>cognomine</strong></span> <span class='ocrx_word' id='word_1_260' title='bbox 2040 1344 2108 1377; x_wconf 92' lang='lat' dir='ltr'><strong>Ob-</strong></span> 
     </span>
     <span class='ocr_line' id='line_1_38' title="bbox 1133 1385 2109 1428; baseline 0.003 -12"><span class='ocrx_word' id='word_1_261' title='bbox 1133 1385 1220 1424; x_wconf 86' lang='lat' dir='ltr'><strong>liam,</strong></span> <span class='ocrx_word' id='word_1_262' title='bbox 1249 1391 1282 1417; x_wconf 86' lang='lat' dir='ltr'><strong>et</strong></span> <span class='ocrx_word' id='word_1_263' title='bbox 1303 1385 1428 1418; x_wconf 87' lang='lat' dir='ltr'><strong>Christi</strong></span> <span class='ocrx_word' id='word_1_264' title='bbox 1451 1387 1714 1428; x_wconf 86' lang='lat' dir='ltr'><strong>consanguinem,</strong></span> <span class='ocrx_word' id='word_1_265' title='bbox 1744 1387 1798 1427; x_wconf 91' lang='lat' dir='ltr'><strong>qui</strong></span> <span class='ocrx_word' id='word_1_266' title='bbox 1822 1387 1976 1419; x_wconf 90' lang='lat' dir='ltr'><strong>ecclesiae</strong></span> <span class='ocrx_word' id='word_1_267' title='bbox 2005 1387 2109 1419; x_wconf 90' lang='lat' dir='ltr'><strong>hiero-</strong></span> 
     </span>
     <span class='ocr_line' id='line_1_39' title="bbox 1133 1428 2108 1469; baseline 0 -8"><span class='ocrx_word' id='word_1_268' title='bbox 1133 1428 1349 1469; x_wconf 87' lang='lat' dir='ltr'><strong>solymitanae</strong></span> <span class='ocrx_word' id='word_1_269' title='bbox 1364 1429 1550 1469; x_wconf 84' lang='lat' dir='ltr'><strong>praefuerit.</strong></span> <span class='ocrx_word' id='word_1_270' title='bbox 1582 1429 1626 1460; x_wconf 89' lang='lat' dir='ltr'><strong>Et</strong></span> <span class='ocrx_word' id='word_1_271' title='bbox 1644 1430 1782 1461; x_wconf 88' lang='lat' dir='ltr'><strong>eundem</strong></span> <span class='ocrx_word' id='word_1_272' title='bbox 1806 1440 1874 1462; x_wconf 89' lang='lat' dir='ltr'><strong>esse</strong></span> <span class='ocrx_word' id='word_1_273' title='bbox 1897 1429 2108 1468; x_wconf 88' lang='lat' dir='ltr'><strong>arbitrantur,</strong></span> 
     </span>
     <span class='ocr_line' id='line_1_40' title="bbox 1133 1471 2109 1512; baseline 0.001 -9"><span class='ocrx_word' id='word_1_274' title='bbox 1133 1481 1230 1512; x_wconf 89' lang='lat' dir='ltr'><strong>quem</strong></span> <span class='ocrx_word' id='word_1_275' title='bbox 1252 1471 1376 1503; x_wconf 88' lang='lat' dir='ltr'><strong>Paulus</strong></span> <span class='ocrx_word' id='word_1_276' title='bbox 1404 1472 1438 1503; x_wconf 89' lang='lat' dir='ltr'><strong>in</strong></span> <span class='ocrx_word' id='word_1_277' title='bbox 1468 1472 1604 1512; x_wconf 89' lang='lat' dir='ltr'><strong>epistola</strong></span> <span class='ocrx_word' id='word_1_278' title='bbox 1631 1473 1671 1504; x_wconf 87' lang='lat' dir='ltr'><strong>ad</strong></span> <span class='ocrx_word' id='word_1_279' title='bbox 1695 1472 1842 1511; x_wconf 85' lang='lat' dir='ltr'><strong>Galatas,</strong></span> <span class='ocrx_word' id='word_1_280' title='bbox 1877 1472 1976 1504; x_wconf 90' lang='lat' dir='ltr'><strong>Petro</strong></span> <span class='ocrx_word' id='word_1_281' title='bbox 1999 1477 2033 1504; x_wconf 86' lang='lat' dir='ltr'><strong>et</strong></span> <span class='ocrx_word' id='word_1_282' title='bbox 2056 1473 2109 1505; x_wconf 92' lang='lat' dir='ltr'><strong>Io-</strong></span> 
     </span>
     <span class='ocr_line' id='line_1_41' title="bbox 1133 1514 2108 1556; baseline 0.002 -11"><span class='ocrx_word' id='word_1_283' title='bbox 1133 1514 1235 1546; x_wconf 89' lang='lat' dir='ltr'><strong>hanni</strong></span> <span class='ocrx_word' id='word_1_284' title='bbox 1265 1519 1468 1554; x_wconf 83' lang='lat' dir='ltr'><strong>annumerat,</strong></span> <span class='ocrx_word' id='word_1_285' title='bbox 1502 1525 1582 1555; x_wconf 92' lang='lat' dir='ltr'><strong>quos</strong></span> <span class='ocrx_word' id='word_1_286' title='bbox 1611 1515 1687 1547; x_wconf 85' lang='lat' dir='ltr'><strong>dicit</strong></span> <span class='ocrx_word' id='word_1_287' title='bbox 1710 1526 1768 1556; x_wconf 88' lang='lat' dir='ltr'><strong>pro</strong></span> <span class='ocrx_word' id='word_1_288' title='bbox 1791 1515 1950 1547; x_wconf 89' lang='lat' dir='ltr'><strong>columnis</strong></span> <span class='ocrx_word' id='word_1_289' title='bbox 1971 1515 2108 1548; x_wconf 86' lang='lat' dir='ltr'><strong>habitos.</strong></span> 
     </span>
     <span class='ocr_line' id='line_1_42' title="bbox 1133 1557 2109 1597; baseline 0.002 -9"><span class='ocrx_word' id='word_1_290' title='bbox 1133 1557 1233 1597; x_wconf 89' lang='lat' dir='ltr'><strong>Atqui</strong></span> <span class='ocrx_word' id='word_1_291' title='bbox 1262 1557 1346 1588; x_wconf 88' lang='lat' dir='ltr'><strong>inter</strong></span> <span class='ocrx_word' id='word_1_292' title='bbox 1374 1562 1439 1589; x_wconf 88' lang='lat' dir='ltr'><strong>tres</strong></span> <span class='ocrx_word' id='word_1_293' title='bbox 1468 1557 1634 1589; x_wconf 88' lang='lat' dir='ltr'><strong>columnas</strong></span> <span class='ocrx_word' id='word_1_294' title='bbox 1664 1559 1828 1589; x_wconf 88' lang='lat' dir='ltr'><strong>numerari</strong></span> <span class='ocrx_word' id='word_1_295' title='bbox 1856 1568 1959 1590; x_wconf 90' lang='lat' dir='ltr'><strong>unum</strong></span> <span class='ocrx_word' id='word_1_296' title='bbox 1983 1568 2024 1590; x_wconf 88' lang='lat' dir='ltr'><strong>ex</strong></span> <span class='ocrx_word' id='word_1_297' title='bbox 2047 1559 2109 1590; x_wconf 89' lang='lat' dir='ltr'><strong>dis-</strong></span> 
     </span>
     <span class='ocr_line' id='line_1_43' title="bbox 1133 1599 2109 1641; baseline 0.001 -10"><span class='ocrx_word' id='word_1_298' title='bbox 1133 1599 1259 1640; x_wconf 86' lang='lat' dir='ltr'><strong>cipulis,</strong></span> <span class='ocrx_word' id='word_1_299' title='bbox 1289 1604 1322 1631; x_wconf 90' lang='lat' dir='ltr'><strong>et</strong></span> <span class='ocrx_word' id='word_1_300' title='bbox 1343 1610 1443 1640; x_wconf 89' lang='lat' dir='ltr'><strong>supra</strong></span> <span class='ocrx_word' id='word_1_301' title='bbox 1465 1600 1575 1632; x_wconf 88' lang='lat' dir='ltr'><strong>decem</strong></span> <span class='ocrx_word' id='word_1_302' title='bbox 1598 1601 1763 1641; x_wconf 85' lang='lat' dir='ltr'><strong>apostolus</strong></span> <span class='ocrx_word' id='word_1_303' title='bbox 1785 1601 1903 1638; x_wconf 86' lang='lat' dir='ltr'><strong>efferri,</strong></span> <span class='ocrx_word' id='word_1_304' title='bbox 1938 1601 2019 1633; x_wconf 90' lang='lat' dir='ltr'><strong>mihi</strong></span> <span class='ocrx_word' id='word_1_305' title='bbox 2043 1611 2109 1633; x_wconf 88' lang='lat' dir='ltr'><strong>non</strong></span> 
     </span>
     <span class='ocr_line' id='line_1_44' title="bbox 1133 1642 2108 1684; baseline 0.002 -10"><span class='ocrx_word' id='word_1_306' title='bbox 1133 1647 1183 1675; x_wconf 89' lang='lat' dir='ltr'><strong>est</strong></span> <span class='ocrx_word' id='word_1_307' title='bbox 1214 1642 1388 1683; x_wconf 87' lang='lat' dir='ltr'><strong>probabile.</strong></span> <span class='ocrx_word' id='word_1_308' title='bbox 1432 1643 1546 1675; x_wconf 91' lang='lat' dir='ltr'><strong>Potius</strong></span> <span class='ocrx_word' id='word_1_309' title='bbox 1574 1644 1682 1684; x_wconf 88' lang='lat' dir='ltr'><strong>itaque</strong></span> <span class='ocrx_word' id='word_1_310' title='bbox 1712 1644 1745 1675; x_wconf 90' lang='lat' dir='ltr'><strong>in</strong></span> <span class='ocrx_word' id='word_1_311' title='bbox 1775 1643 1859 1675; x_wconf 88' lang='lat' dir='ltr'><strong>hanc</strong></span> <span class='ocrx_word' id='word_1_312' title='bbox 1887 1644 2108 1676; x_wconf 85' lang='lat' dir='ltr'><strong>coniecturam</strong></span> 
     </span>
     <span class='ocr_line' id='line_1_45' title="bbox 1133 1685 2108 1727; baseline 0.001 -10"><span class='ocrx_word' id='word_1_313' title='bbox 1133 1685 1263 1723; x_wconf 85' lang='lat' dir='ltr'><strong>inclino,</strong></span> <span class='ocrx_word' id='word_1_314' title='bbox 1287 1685 1378 1717; x_wconf 91' lang='lat' dir='ltr'><strong>illum</strong></span> <span class='ocrx_word' id='word_1_315' title='bbox 1402 1697 1419 1717; x_wconf 93' lang='lat' dir='ltr'><strong>e</strong></span> <span class='ocrx_word' id='word_1_316' title='bbox 1441 1695 1504 1726; x_wconf 91' lang='lat' dir='ltr'><strong>quo</strong></span> <span class='ocrx_word' id='word_1_317' title='bbox 1528 1686 1671 1726; x_wconf 89' lang='lat' dir='ltr'><strong>loquitur</strong></span> <span class='ocrx_word' id='word_1_318' title='bbox 1695 1686 1830 1725; x_wconf 89' lang='lat' dir='ltr'><strong>Paulus,</strong></span> <span class='ocrx_word' id='word_1_319' title='bbox 1852 1686 1951 1718; x_wconf 85' lang='lat' dir='ltr'><strong>fuisse</strong></span> <span class='ocrx_word' id='word_1_320' title='bbox 1967 1686 2108 1727; x_wconf 89' lang='lat' dir='ltr'><strong>Alphaei</strong></span> 
     </span>
     <span class='ocr_line' id='line_1_46' title="bbox 1133 1727 2108 1770; baseline 0.001 -10"><span class='ocrx_word' id='word_1_321' title='bbox 1133 1728 1248 1760; x_wconf 89' lang='lat' dir='ltr'><strong>filium.</strong></span> <span class='ocrx_word' id='word_1_322' title='bbox 1293 1727 1499 1769; x_wconf 76' lang='lat' dir='ltr'><strong>Quamquam</strong></span> <span class='ocrx_word' id='word_1_323' title='bbox 1522 1739 1586 1760; x_wconf 89' lang='grc'><strong>11011</strong></span> <span class='ocrx_word' id='word_1_324' title='bbox 1611 1739 1692 1770; x_wconf 89' lang='lat' dir='ltr'><strong>nego</strong></span> <span class='ocrx_word' id='word_1_325' title='bbox 1715 1729 1811 1760; x_wconf 89' lang='lat' dir='ltr'><strong>alium</strong></span> <span class='ocrx_word' id='word_1_326' title='bbox 1835 1729 1935 1761; x_wconf 85' lang='lat' dir='ltr'><strong>fuisse</strong></span> <span class='ocrx_word' id='word_1_327' title='bbox 1954 1729 2108 1761; x_wconf 87' lang='lat' dir='ltr'><strong>ecclesiae</strong></span> 
     </span>
     <span class='ocr_line' id='line_1_47' title="bbox 1134 1771 2108 1812; baseline 0.002 -10"><span class='ocrx_word' id='word_1_328' title='bbox 1134 1771 1440 1812; x_wconf 85' lang='lat' dir='ltr'><strong>hierosolymitanae</strong></span> <span class='ocrx_word' id='word_1_329' title='bbox 1471 1772 1687 1811; x_wconf 81' lang='lat' dir='ltr'><strong>praefectum:</strong></span> <span class='ocrx_word' id='word_1_330' title='bbox 1718 1777 1749 1803; x_wconf 89' lang='lat' dir='ltr'><strong>et</strong></span> <span class='ocrx_word' id='word_1_331' title='bbox 1781 1771 1910 1812; x_wconf 90' lang='lat' dir='ltr'><strong>quidem</strong></span> <span class='ocrx_word' id='word_1_332' title='bbox 1941 1782 1981 1804; x_wconf 87' lang='lat' dir='ltr'><strong>ex</strong></span> <span class='ocrx_word' id='word_1_333' title='bbox 2011 1772 2108 1804; x_wconf 87' lang='lat' dir='ltr'><strong>disci-</strong></span> 
     </span>
     <span class='ocr_line' id='line_1_48' title="bbox 1134 1813 2108 1855; baseline 0.001 -10"><span class='ocrx_word' id='word_1_334' title='bbox 1134 1814 1285 1855; x_wconf 89' lang='lat' dir='ltr'><strong>pulorum</strong></span> <span class='ocrx_word' id='word_1_335' title='bbox 1325 1814 1469 1854; x_wconf 90' lang='lat' dir='ltr'><strong>collegio.</strong></span> <span class='ocrx_word' id='word_1_336' title='bbox 1528 1813 1613 1846; x_wconf 85' lang='lat' dir='ltr'><strong>Nam</strong></span> <span class='ocrx_word' id='word_1_337' title='bbox 1654 1814 1819 1855; x_wconf 83' lang='lat' dir='ltr'><strong>apostolus</strong></span> <span class='ocrx_word' id='word_1_338' title='bbox 1860 1825 1924 1846; x_wconf 90' lang='lat' dir='ltr'><strong>non</strong></span> <span class='ocrx_word' id='word_1_339' title='bbox 1961 1815 2108 1855; x_wconf 89' lang='lat' dir='ltr'><strong>oportuit</strong></span> 
     </span>
     <span class='ocr_line' id='line_1_49' title="bbox 1133 1856 2108 1897; baseline 0.001 -9"><span class='ocrx_word' id='word_1_340' title='bbox 1133 1862 1221 1889; x_wconf 87' lang='lat' dir='ltr'><strong>certo</strong></span> <span class='ocrx_word' id='word_1_341' title='bbox 1252 1857 1320 1888; x_wconf 92' lang='lat' dir='ltr'><strong>loco</strong></span> <span class='ocrx_word' id='word_1_342' title='bbox 1349 1856 1486 1897; x_wconf 86' lang='lat' dir='ltr'><strong>alligari.</strong></span> <span class='ocrx_word' id='word_1_343' title='bbox 1538 1856 1620 1889; x_wconf 89' lang='lat' dir='ltr'><strong>Uter</strong></span> <span class='ocrx_word' id='word_1_344' title='bbox 1649 1863 1755 1888; x_wconf 87' lang='lat' dir='ltr'><strong>autem</strong></span> <span class='ocrx_word' id='word_1_345' title='bbox 1786 1868 1827 1888; x_wconf 82' lang='lat' dir='ltr'><strong>ex</strong></span> <span class='ocrx_word' id='word_1_346' title='bbox 1858 1857 1981 1889; x_wconf 90' lang='lat' dir='ltr'><strong>duobus</strong></span> <span class='ocrx_word' id='word_1_347' title='bbox 2011 1857 2108 1889; x_wconf 88' lang='lat' dir='ltr'><strong>huius</strong></span> 
     </span>
     <span class='ocr_line' id='line_1_50' title="bbox 1134 1899 2108 1941; baseline 0 -10"><span class='ocrx_word' id='word_1_348' title='bbox 1134 1900 1289 1940; x_wconf 89' lang='lat' dir='ltr'><strong>epistolae</strong></span> <span class='ocrx_word' id='word_1_349' title='bbox 1300 1900 1439 1940; x_wconf 85' lang='lat' dir='ltr'><strong>scriptor</strong></span> <span class='ocrx_word' id='word_1_350' title='bbox 1451 1899 1557 1941; x_wconf 85' lang='lat' dir='ltr'><strong>fuerit,</strong></span> <span class='ocrx_word' id='word_1_351' title='bbox 1569 1910 1712 1932; x_wconf 87' lang='lat' dir='ltr'><strong>asserere</strong></span> <span class='ocrx_word' id='word_1_352' title='bbox 1725 1910 1829 1931; x_wconf 90' lang='lat' dir='ltr'><strong>meum</strong></span> <span class='ocrx_word' id='word_1_353' title='bbox 1844 1904 1976 1932; x_wconf 87' lang='lat' dir='ltr'><strong>nonest.</strong></span> <span class='ocrx_word' id='word_1_354' title='bbox 1993 1900 2108 1932; x_wconf 85' lang='lat' dir='ltr'><strong>Fuisse</strong></span> 
     </span>
     <span class='ocr_line' id='line_1_51' title="bbox 1134 1942 2108 1983; baseline 0 -9"><span class='ocrx_word' id='word_1_355' title='bbox 1134 1948 1222 1975; x_wconf 90' lang='lat' dir='ltr'><strong>certe</strong></span> <span class='ocrx_word' id='word_1_356' title='bbox 1245 1942 1375 1974; x_wconf 87' lang='lat' dir='ltr'><strong>Obliam</strong></span> <span class='ocrx_word' id='word_1_357' title='bbox 1405 1942 1498 1973; x_wconf 86' lang='lat' dir='ltr'><strong>illum</strong></span> <span class='ocrx_word' id='word_1_358' title='bbox 1526 1943 1687 1974; x_wconf 85' lang='lat' dir='ltr'><strong>maximae</strong></span> <span class='ocrx_word' id='word_1_359' title='bbox 1716 1943 1801 1983; x_wconf 87' lang='lat' dir='ltr'><strong>apud</strong></span> <span class='ocrx_word' id='word_1_360' title='bbox 1824 1942 1964 1975; x_wconf 87' lang='lat' dir='ltr'><strong>Iudaeos</strong></span> <span class='ocrx_word' id='word_1_361' title='bbox 1986 1944 2108 1974; x_wconf 90' lang='lat' dir='ltr'><strong>autori-</strong></span> 
     </span>
     <span class='ocr_line' id='line_1_52' title="bbox 1135 1985 2108 2026; baseline 0.001 -10"><span class='ocrx_word' id='word_1_362' title='bbox 1135 1985 1222 2026; x_wconf 86' lang='lat' dir='ltr'><strong>tatis,</strong></span> <span class='ocrx_word' id='word_1_363' title='bbox 1246 1985 1298 2018; x_wconf 87' lang='lat' dir='ltr'><strong>vel</strong></span> <span class='ocrx_word' id='word_1_364' title='bbox 1314 1985 1388 2016; x_wconf 86' lang='lat' dir='ltr'><strong>inde</strong></span> <span class='ocrx_word' id='word_1_365' title='bbox 1404 1989 1503 2025; x_wconf 88' lang='lat' dir='ltr'><strong>patet,</strong></span> <span class='ocrx_word' id='word_1_366' title='bbox 1526 1986 1610 2025; x_wconf 91' lang='lat' dir='ltr'><strong>quod</strong></span> <span class='ocrx_word' id='word_1_367' title='bbox 1634 1995 1733 2026; x_wconf 90' lang='lat' dir='ltr'><strong>quum</strong></span> <span class='ocrx_word' id='word_1_368' title='bbox 1758 1985 1897 2017; x_wconf 87' lang='lat' dir='ltr'><strong>factione</strong></span> <span class='ocrx_word' id='word_1_369' title='bbox 1919 1986 2009 2026; x_wconf 91' lang='lat' dir='ltr'><strong>impii</strong></span> <span class='ocrx_word' id='word_1_370' title='bbox 2031 1995 2108 2026; x_wconf 89' lang='lat' dir='ltr'><strong>pon-</strong></span> 
     </span>
     <span class='ocr_line' id='line_1_53' title="bbox 1134 2028 2106 2068; baseline 0 -9"><span class='ocrx_word' id='word_1_371' title='bbox 1134 2028 1230 2060; x_wconf 91' lang='lat' dir='ltr'><strong>tificis</strong></span> <span class='ocrx_word' id='word_1_372' title='bbox 1260 2028 1432 2060; x_wconf 89' lang='lat' dir='ltr'><strong>crudeliter</strong></span> <span class='ocrx_word' id='word_1_373' title='bbox 1461 2032 1595 2060; x_wconf 87' lang='lat' dir='ltr'><strong>necatus</strong></span> <span class='ocrx_word' id='word_1_374' title='bbox 1624 2033 1720 2060; x_wconf 87' lang='lat' dir='ltr'><strong>esset:</strong></span> <span class='ocrx_word' id='word_1_375' title='bbox 1752 2028 1909 2068; x_wconf 86' lang='lat' dir='ltr'><strong>Iosephus</strong></span> <span class='ocrx_word' id='word_1_376' title='bbox 1937 2029 2027 2060; x_wconf 90' lang='lat' dir='ltr'><strong>urbis</strong></span> <span class='ocrx_word' id='word_1_377' title='bbox 2050 2038 2106 2059; x_wconf 85' lang='lat' dir='ltr'><strong>ex-</strong></span> 
     </span>
    </p>
   </div>
   <div class='ocr_carea' id='block_1_4' title="bbox 108 2067 2105 2112">
    <p class='ocr_par' dir='ltr' id='par_1_4' title="bbox 108 2067 2105 2112">
     <span class='ocr_line' id='line_1_54' title="bbox 108 2067 2105 2112; baseline 0.003 -14"><span class='ocrx_word' id='word_1_378' title='bbox 108 2067 257 2099; x_wconf 87' lang='lat' dir='ltr'><strong>doctrina</strong></span> <span class='ocrx_word' id='word_1_379' title='bbox 286 2072 396 2106; x_wconf 79' lang='lat' dir='ltr'><strong>scatet,</strong></span> <span class='ocrx_word' id='word_1_380' title='bbox 427 2069 518 2101; x_wconf 90' lang='lat' dir='ltr'><strong>cuius</strong></span> <span class='ocrx_word' id='word_1_381' title='bbox 545 2069 668 2100; x_wconf 91' lang='lat' dir='ltr'><strong>utilitas</strong></span> <span class='ocrx_word' id='word_1_382' title='bbox 691 2069 731 2101; x_wconf 87' lang='lat' dir='ltr'><strong>ad</strong></span> <span class='ocrx_word' id='word_1_383' title='bbox 754 2080 864 2102; x_wconf 89' lang='lat' dir='ltr'><strong>omnes</strong></span> <span class='ocrx_word' id='word_1_384' title='bbox 887 2070 1082 2102; x_wconf 85' lang='lat' dir='ltr'><strong>christianae</strong></span> <span class='ocrx_word' id='word_1_385' title='bbox 1134 2071 1254 2103; x_wconf 91' lang='lat' dir='ltr'><strong>cidium</strong></span> <span class='ocrx_word' id='word_1_386' title='bbox 1289 2071 1395 2111; x_wconf 86' lang='lat' dir='ltr'><strong>aliqua</strong></span> <span class='ocrx_word' id='word_1_387' title='bbox 1428 2081 1468 2102; x_wconf 82' lang='lat' dir='ltr'><strong>ex</strong></span> <span class='ocrx_word' id='word_1_388' title='bbox 1502 2076 1595 2112; x_wconf 86' lang='lat' dir='ltr'><strong>parte</strong></span> <span class='ocrx_word' id='word_1_389' title='bbox 1624 2072 1692 2103; x_wconf 87' lang='lat' dir='ltr'><strong>eius</strong></span> <span class='ocrx_word' id='word_1_390' title='bbox 1722 2071 1819 2103; x_wconf 85' lang='lat' dir='ltr'><strong>morti</strong></span> <span class='ocrx_word' id='word_1_391' title='bbox 1849 2071 2012 2112; x_wconf 82' lang='lat' dir='ltr'><strong>imputare</strong></span> <span class='ocrx_word' id='word_1_392' title='bbox 2039 2081 2105 2102; x_wconf 90' lang='lat' dir='ltr'><strong>non</strong></span> 
     </span>
    </p>
   </div>
   <div class='ocr_carea' id='block_1_5' title="bbox 107 2110 1083 2154">
    <p class='ocr_par' dir='ltr' id='par_1_5' title="bbox 107 2110 1083 2154">
     <span class='ocr_line' id='line_1_55' title="bbox 107 2110 1083 2154; baseline 0.004 -13"><span class='ocrx_word' id='word_1_393' title='bbox 107 2111 196 2142; x_wconf 79' lang='lat' dir='ltr'><strong>vitae</strong></span> <span class='ocrx_word' id='word_1_394' title='bbox 229 2116 338 2151; x_wconf 80' lang='lat' dir='ltr'><strong>partes</strong></span> <span class='ocrx_word' id='word_1_395' title='bbox 371 2110 435 2142; x_wconf 83' lang='lat' dir='ltr'><strong>late</strong></span> <span class='ocrx_word' id='word_1_396' title='bbox 468 2117 565 2152; x_wconf 88' lang='lat' dir='ltr'><strong>patet.</strong></span> <span class='ocrx_word' id='word_1_397' title='bbox 618 2111 706 2144; x_wconf 83' lang='lat' dir='ltr'><strong>Sunt</strong></span> <span class='ocrx_word' id='word_1_398' title='bbox 740 2112 826 2144; x_wconf 92' lang='lat' dir='ltr'><strong>enim</strong></span> <span class='ocrx_word' id='word_1_399' title='bbox 857 2112 910 2145; x_wconf 91' lang='lat' dir='ltr'><strong>hic</strong></span> <span class='ocrx_word' id='word_1_400' title='bbox 941 2114 1083 2154; x_wconf 85' lang='lat' dir='ltr'><strong>insignes</strong></span> 
     </span>
    </p>
   </div>
   <div class='ocr_carea' id='block_1_6' title="bbox 1136 2113 1270 2146">
    <p class='ocr_par' dir='ltr' id='par_1_6' title="bbox 1136 2113 1270 2146">
     <span class='ocr_line' id='line_1_56' title="bbox 1136 2113 1270 2146; baseline 0.007 -1"><span class='ocrx_word' id='word_1_401' title='bbox 1136 2113 1270 2146; x_wconf 88' lang='lat' dir='ltr'><strong>dubitat.</strong></span> 
     </span>
    </p>
   </div>
  </div>
 </body>
</html>
