2513 3126
116 184 180 216 305

117 282 208 314 illum
240 282 324 321 colit,
355 282 480 314 etiamsi
512 282 542 312 in
573 282 683 314 multis
707 282 882 322 delinquat,
914 284 1085 322 gematque

116 326 175 358 sub
204 325 310 357 carnis
338 335 445 364 onere,
477 326 509 356 in
534 325 604 356 luce
627 325 792 356 ambulare
815 330 978 356 censetur:
1010 323 1085 363 quia

116 370 239 401 rectam
272 368 356 400 viam
392 372 489 399 tenet.
544 367 621 399 Sola
656 368 756 408 igitur
789 371 838 398 est
871 365 1085 398 conscientiae

116 411 298 452 integritas,
321 421 401 451 quae
425 410 528 442 lucen]
554 421 571 441 a
595 410 736 441 tenebris
758 408 920 440 discernit.
953 449 959 455 ῃ

202 454 244 486 Et
266 453 397 495 sanquis
413 453 488 485 Iesu
506 453 631 485 Christi.
667 452 844 491 Postquam
868 450 974 482 docuit
990 449 1084 490 quale

116 498 159 529 sit
193 503 320 529 nostrae
354 506 426 528 cum
459 496 528 527 Deo
562 494 695 526 unitatis
730 492 907 529 vinculum.
943 493 1083 524 fructum

115 549 240 581 quoque
274 539 348 570 inde
382 543 567 570 manantem
601 536 817 567 demonstrat:
853 545 967 575 nempe
1000 534 1083 576 quod

116 589 193 614 tunc
210 582 352 623 gratuito
368 581 459 612 nobis
475 580 686 611 remittuntur
702 583 842 618 peccata.
870 577 960 610 Haec
977 583 1083 609 autem

115 630 164 657 est
194 625 249 656 illa
278 623 454 660 beatitudo,
485 632 581 662 quam
613 621 721 652 David
753 620 875 661 psalmo
908 621 1083 652 tricesimo·

115 667 256 700 secundo
286 666 451 698 describit:
481 669 516 696 ut
539 664 678 696 sciamus
702 674 759 695 nos
783 674 852 695 esse
875 664 1084 703 miserrimos,

116 710 216 742 donec
245 709 361 749 spiritu
384 707 448 738 Dei
479 707 615 748 regeniti
646 717 727 747 puro
758 706 853 738 corde
882 706 929 737 illi
962 707 1082 739 servia-

115 764 196 785 mus.
251 751 338 791 Quid
377 750 462 781 enim
498 749 646 782 miserius
685 749 816 780 homine
850 750 929 790 fingi
968 753 1083 790 potest,

109 805 208 836 quem
225 793 316 825 Deus
338 792 411 824 odio
435 796 468 824 et
491 792 722 824 abominationi
747 792 854 830 habet,
877 793 969 824 cuius
985 792 1082 832 capiti

113 838 208 870 simul
241 847 315 868 cum
350 835 397 866 ira
426 835 490 867 Dei
522 835 678 867 incumbit
709 846 794 866 mors
824 834 980 866 aeterna?
1026 835 1082 866 In-

112 880 212 920 signis
233 883 281 911 est
304 877 356 910 hic
378 878 477 915 locus,
504 888 546 909 ex
569 888 633 918 quo
655 878 797 918 primum
821 878 982 917 discimus,
1006 882 1083 910 tunc

111 922 152 955 ad
175 932 233 954 nos
253 921 382 962 proprie
405 921 567 961 pertinere
590 921 806 962 expiationem
830 920 955 953 Christi
979 925 1083 952 morte

111 970 246 1006 partam,
269 974 369 1005 quum
394 964 551 996 iustitiam
576 968 663 996 recto
679 963 785 996 cordis
803 964 919 995 affectu
936 963 1081 995 colimus.

109 1007 223 1048 Neque
246 1007 333 1038 enim
356 1007 542 1048 redemptor
565 1011 614 1039 est
630 1006 792 1047 Christus,
817 1007 877 1038 nisi
901 1007 940 1038 iis
964 1006 1019 1047 qui
1042 1006 1082 1038 ab

109 1050 278 1091 iniquitate
300 1050 459 1086 conversi,
483 1060 600 1081 novam
622 1050 723 1082 vitam
746 1050 932 1081 instituunt.
972 1049 1082 1088 Quare

109 1093 138 1126 si
170 1093 277 1125 Deum
313 1094 461 1134 cupimus
492 1092 611 1124 habere
643 1093 836 1133 propitium,
875 1101 909 1123 ut
943 1092 1082 1132 peccatis

109 1136 265 1178 ignoscat,
286 1145 350 1167 non
367 1135 522 1167 debemus
537 1136 599 1176 ipsi
616 1136 708 1167 nobis
724 1135 898 1176 ignoscere.
932 1134 1083 1175 Denique

110 1190 130 1210 a
152 1179 350 1220 poenitentia
373 1189 436 1210 non
461 1184 569 1218 potest
589 1178 684 1210 avelli
704 1184 908 1219 peccatorum
925 1177 1081 1216 remissio,

110 1232 170 1255 nec
192 1232 255 1262 pax
278 1231 351 1253 cum
377 1222 445 1253 Deo
467 1226 575 1262 potest
598 1232 667 1254 esse
692 1221 908 1261 conscientiis,
939 1220 993 1252 ubi
1017 1230 1081 1252 non

109 1269 225 1306 regnat
248 1264 310 1297 Dei
341 1265 448 1297 timor.
494 1265 598 1296 Docet-
627 1264 768 1296 secundo
796 1264 848 1296 hic
878 1264 976 1303 locus,
1008 1274 1080 1304 gra-

110 1308 225 1340 tuitam
251 1313 456 1348 peccatorum
474 1308 603 1339 veniam
628 1317 693 1339 non
717 1307 817 1339 semel
841 1311 966 1338 tantum
989 1305 1081 1338 nobis

108 1350 193 1388 dari,
227 1349 284 1382 sed
316 1349 377 1383 hoc
408 1351 600 1382 beneficium
632 1355 787 1391 perpetuo
816 1350 850 1381 in
874 1349 1008 1382 ecclesia
1030 1359 1080 1380 re-

108 1393 222 1430 sidere,
251 1400 283 1424 et
307 1393 451 1434 quotidie
474 1392 582 1425 offerri
606 1393 765 1425 fidelibus.
810 1392 894 1424 Nam
917 1391 1080 1433 apostolus

108 1436 162 1469 hic
193 1436 369 1476 alloquitur
399 1436 527 1468 fideles:
558 1441 594 1468 ut
616 1441 701 1469 certe
725 1446 820 1468 nemo
843 1445 986 1476 unquam
1010 1434 1078 1472 fuit,

110 1490 169 1512 nec
193 1480 322 1511 futurus
346 1481 395 1511 est
418 1480 472 1520 qui
496 1479 597 1520 possit
619 1479 712 1511 aliter
734 1478 860 1520 placere
877 1478 956 1517 Deo,
981 1488 1079 1520 quum

106 1532 221 1554 omnes
254 1522 320 1553 sint
353 1526 461 1554 reatus
495 1522 639 1555 obstricti
671 1521 756 1563 apud
787 1522 904 1554 Deum.
958 1521 1079 1562 Quale-

107 1575 234 1605 cunque
268 1565 355 1596 enim
390 1566 423 1596 in
455 1566 547 1597 nobis
581 1566 621 1597 sit
655 1569 741 1597 recte
775 1564 891 1606 agendi
926 1565 1078 1603 studium,

107 1618 236 1648 semper
251 1608 461 1640 claudicando
478 1607 517 1640 ad
537 1607 646 1640 Deum
662 1608 835 1640 tendimus.
869 1608 972 1640 Porro
988 1607 1078 1649 quid-

107 1651 185 1691 quid
202 1650 372 1683 dimidium
390 1656 447 1689 est,
471 1650 599 1683 laudem
615 1651 700 1692 apud
718 1651 825 1682 Deum
842 1661 907 1682 non
923 1656 1077 1683 meretur.

107 1694 238 1726 Interea
270 1694 363 1726 novis
391 1694 527 1727 subinde
557 1694 704 1734 peccatis,
735 1699 893 1734 quantum
922 1695 955 1725 in
985 1694 1077 1726 nobis

106 1741 166 1775 est,
197 1736 383 1769 abdicamus
415 1748 473 1769 nos
503 1748 521 1769 a
543 1737 606 1769 Dei
629 1736 749 1778 gratia:
785 1737 830 1768 ita
853 1737 890 1768 fit
912 1741 948 1769 ut
972 1738 1076 1778 quoti-

107 1779 204 1812 diana
238 1785 440 1820 peccatorum
476 1780 663 1812 remissione
694 1790 775 1820 opus
806 1779 946 1812 habeant
974 1780 1077 1812 sancti

106 1833 228 1861 omnes,
259 1823 333 1863 quia
363 1823 442 1855 haec
471 1823 538 1855 sola
565 1823 598 1854 in
621 1822 685 1854 Dei
716 1823 837 1854 familia
865 1834 924 1855 nos
947 1823 1076 1855 retinet.

106 1865 217 1904 Quum
248 1865 326 1897 dicit
356 1866 401 1898 ab
432 1867 538 1897 omni
568 1869 748 1907 peccato,
780 1866 942 1907 significat
965 1866 1077 1898 multis

106 1907 290 1941 nominibus
313 1919 420 1941 coram
438 1909 507 1941 Deo
531 1919 588 1940 nos
611 1919 681 1940 esse
706 1919 794 1941 reos:
819 1913 856 1940 ut
877 1914 963 1941 certe
982 1919 1077 1941 nemo

105 1956 154 1983 est
184 1951 239 1991 qui
269 1962 334 1983 non
365 1952 511 1993 pluribus
534 1952 622 1983 vitiis
652 1951 793 1984 laboret:
825 1957 986 1984 caeterum
1015 1953 1076 1993 piis

106 2005 142 2027 ac
177 1994 285 2026 Deum
319 1995 507 2027 timentibus
537 1994 627 2026 nulla
661 2000 790 2035 peccata
824 1995 951 2027 obstare
985 1995 1077 2027 docet

105 2038 279 2077 quominus
295 2036 366 2069 Deo
389 2037 545 2078 placeant.
580 2037 714 2070 Modum
737 2038 833 2069 etiam
853 2038 1076 2078 impetrandae

105 2080 227 2118 veniae,
260 2084 293 2112 et
322 2081 523 2121 purgationis
553 2091 681 2112 causam
711 2080 929 2113 demonstrat:
959 2092 1076 2122 nempe

104 2123 180 2162 quia
204 2128 334 2164 peccata
358 2127 467 2155 nostra
486 2123 636 2155 Christus
659 2124 818 2164 sanguine
842 2134 900 2155 suo
918 2124 1075 2165 expiavit.

104 2164 171 2198 Sed
195 2166 265 2206 pios
288 2176 400 2197 omnes
423 2166 553 2198 indubie
576 2166 673 2198 huius
696 2167 899 2208 purgationis
915 2167 984 2199 fore
1001 2178 1075 2208 par·

104 2208 218 2249 ticipes
252 2208 402 2240 affirmat.
454 2208 545 2241 Haec
576 2214 642 2241 tota
676 2220 750 2249 pars
781 2209 947 2242 doctrinae
976 2210 1076 2251 impie

103 2256 256 2293 corrupta
290 2251 350 2283 fuit
380 2262 399 2282 a
429 2251 597 2291 sophistis:
631 2252 807 2293 gratuitam
842 2253 929 2284 enim
966 2263 1075 2293 pecca-

104 2301 210 2326 torum
236 2295 364 2326 veniam
394 2294 486 2326 nobis
516 2298 643 2326 tantum
672 2296 705 2326 in
735 2295 893 2336 baptismo
925 2296 994 2327 dari
1018 2297 1076 2328 fin-

104 2342 194 2377 gunt.
229 2337 300 2369 Illic
322 2337 427 2368 solum
443 2336 567 2368 Christi
582 2338 774 2378 sanguinem
793 2338 898 2370 valere
916 2339 1073 2370 fatentur:

104 2379 161 2411 sed
184 2390 202 2411 a
225 2379 384 2420 baptismo
409 2390 471 2411 non
496 2379 590 2411 aliter
614 2391 671 2412 nos
695 2381 765 2412 Deo
787 2381 988 2414 reconciliari
1013 2386 1075 2413 tra-

105 2422 186 2454 dunt
220 2433 316 2464 quam
348 2433 405 2463 per
434 2423 676 2454 satisfactiones.
720 2424 926 2465 Relinquunt
959 2429 991 2456 et
1021 2425 1074 2457 hic

103 2465 233 2505 quidem
255 2466 409 2506 sanguini
426 2465 550 2497 Christi
574 2470 696 2506 partem
720 2467 878 2508 aliquam:
902 2467 957 2499 sed
974 2478 1072 2509 quum

103 2508 253 2547 operibus
285 2509 334 2539 vel
369 2519 409 2540 ex
439 2508 573 2539 minima
606 2514 697 2548 parte
729 2509 858 2542 laudem
892 2511 1072 2552 assignant,

103 2561 222 2582 munus
245 2550 397 2591 expiandi
424 2556 554 2591 peccata
573 2550 744 2592 Deumque
767 2553 916 2594 placandi
940 2564 1072 2594 prorsus

103 2599 267 2634 evertunt,
290 2593 374 2634 quod
398 2593 450 2625 hic
473 2594 550 2626 dicit
574 2593 745 2626 Iohannes.
786 2596 960 2637 Nunquam
984 2597 1071 2628 enim

104 2636 183 2668 haec
205 2636 290 2668 inter
312 2647 346 2668 se
369 2638 574 2674 convenient,
600 2636 751 2669 mundari
775 2649 833 2671 nos
852 2639 976 2671 Christi
999 2650 1071 2672 san-

172 2695 282 2723 Galvini
299 2704 391 2730 opera.
425 2695 478 2723 Vol.
499 2696 560 2723 LV.

1011 185 1160 218 CAPUT
1184 185 1208 216 I.

2050 189 2114 219 306

1139 282 1246 321 guine,
1271 286 1301 313 et
1324 291 1420 321 opera
1445 292 1513 314 csse
1538 281 1735 314 ablutiones:
1760 283 1834 324 quia
1857 283 2021 315 Iohannes
2045 295 2111 315 non

1140 323 1307 355 dimidium
1332 324 1393 361 hic,
1425 325 1480 356 sed
1509 329 1611 356 totum
1637 325 1758 357 Christi
1782 327 1932 367 sanguini
1957 327 2111 367 assignat.

1139 365 1229 398 Haec
1252 367 1352 407 igitur
1375 377 1502 399 summa
1525 371 1582 406 est,
1606 372 1640 399 ut
1664 373 1751 399 certo
1775 374 1921 400 statuant
1945 369 2054 401 fideles
2077 380 2111 401 se

1139 414 1286 449 acceptos
1320 419 1388 440 esse
1424 410 1508 449 Deo,
1542 410 1616 451 quia
1650 411 1805 442 sacrificio
1840 413 1952 444 mortis
1984 412 2110 444 Christi

1139 450 1202 482 illis
1232 451 1377 491 placatus
1407 457 1466 484 est.
1522 452 1724 485 Sacrificium
1757 465 1842 491 vero,
1875 455 2110 496 purgationem,

1138 494 1364 535 expiationem,
1384 500 1415 526 ct
1430 495 1684 528 satisfactionem
1702 496 1761 527 sub
1778 507 1811 527 se
1827 498 1986 529 continet:
2011 508 2111 539 quare

1139 534 1254 566 horum
1291 538 1435 569 omnium
1472 539 1519 570 vis
1554 543 1586 570 et
1618 539 1752 571 effectus
1785 539 1819 570 in
1853 540 1955 571 solum
1985 541 2111 572 Christi

1138 578 1329 618 sanguinem
1353 582 1514 620 competit.
1561 582 1634 621 Quo
1658 581 1818 613 refellitur
1840 583 2034 624 sacrilegum
2056 594 2110 624 pa-

1138 621 1297 661 pistarum
1327 628 1544 654 commentum
1576 624 1614 655 de
1641 624 1863 666 indulgentiis.
1911 625 1994 656 Nam
2019 628 2110 666 quasi

1138 674 1202 694 non
1240 664 1378 695 sufficiat
1412 665 1536 697 Christi
1574 668 1724 708 sanguis,
1762 672 1944 709 martyrum
1983 679 2111 708 quoque

1137 706 1330 746 sanguinem
1355 711 1387 737 et
1407 708 1518 739 merita
1535 709 1566 740 in
1584 710 1762 742 subsidium
1779 710 1948 742 advocant.
1985 711 2111 750 Quam-

1138 759 1234 789 quam
1259 749 1338 780 haec
1354 749 1554 790 blasphemia
1571 752 1655 792 apud
1675 763 1728 784 eos
1747 753 1875 794 longius
1892 758 1989 794 patet.
2025 753 2111 785 Nam

1137 802 1235 832 quum
1265 802 1339 823 suas
1370 791 1484 831 claves,
1513 794 1629 834 quibus
1653 796 1874 827 remissionem
1906 800 2110 836 peccatorum

1136 835 1295 866 inclusam
1327 839 1450 874 tenent,
1481 837 1597 876 partim
1627 848 1666 868 ex
1691 843 1870 880 martyrum
1895 839 2054 880 sanguine
2078 844 2110 871 et

1137 878 1272 917 meritis,
1296 878 1411 918 partim
1436 889 1476 909 ex
1494 881 1784 921 supererogationis
1805 881 1966 922 operibu8‚
1990 882 2110 923 quibus

1136 931 1170 952 se
1200 921 1334 961 quisque
1363 926 1511 960 peccator
1540 921 1679 963 redimit,
1710 925 1864 956 conflatas
1893 935 1962 956 esse
1985 925 2109 957 dicant:

1137 963 1227 995 nulla
1260 964 1324 994 illis
1360 968 1468 995 manet
1502 970 1705 1004 peccatorum
1744 968 1889 999 remissio
1924 977 2009 1008 quae
2042 978 2109 999 non

1137 1006 1288 1048 sanguini
1320 1006 1446 1038 Christi
1480 1006 1621 1048 deroget.
1674 1008 1757 1039 Nam
1793 1010 1818 1040 si
1852 1010 1957 1042 locum
1993 1010 2110 1042 habeat

1136 1059 1247 1081 eorum
1280 1049 1437 1090 doctrina,
1468 1060 1532 1081 non
1563 1051 1714 1091 purgabit
1738 1062 1795 1082 nos
1818 1052 1941 1084 Christi
1965 1054 2108 1094 sanguis,

1137 1092 1192 1124 sed
1216 1098 1370 1133 tanquam
1395 1092 1625 1124 adminiculum
1651 1093 1786 1134 partiale
1809 1100 1988 1127 concurret.
2035 1096 2108 1128 Hoc

1136 1136 1233 1167 etiam
1268 1135 1363 1166 modo
1398 1135 1582 1176 pendebunt
1615 1137 1844 1174 conscientiae,
1878 1148 1956 1178 quas
1988 1139 2041 1171 hic
2075 1139 2108 1170 in

1136 1178 1238 1210 solida
1261 1178 1377 1210 fiducia
1399 1179 1575 1210 consistere
1599 1179 1764 1220 apostolus
1786 1179 1881 1212 iubet.

1222 1264 1250 1296 8.
1276 1263 1314 1296 Si
1335 1264 1510 1296 dixerimus
1527 1265 1609 1304 quod
1626 1267 1785 1305 peccatum
1800 1276 1860 1297 non
1875 1266 2029 1305 habemus,
2052 1277 2108 1299 nos

1135 1308 1220 1348 ipsos
1249 1307 1430 1348 decipimus,
1460 1309 1488 1338 et
1515 1308 1631 1339 veritas
1661 1318 1719 1339 non
1746 1311 1790 1340 est
1813 1309 1846 1340 in
1877 1309 1973 1341 nobis.
2018 1310 2047 1342 9.
2072 1310 2108 1341 Si

1134 1351 1310 1391 confitemur
1327 1352 1452 1390 peccata
1474 1353 1589 1390 nostra,
1610 1351 1714 1390 fidelis
1735 1354 1820 1383 estet
1836 1352 1947 1391 iustus,
1972 1355 2005 1383 ut
2019 1353 2109 1385 nobis

1129 1396 1256 1433 peccata
1289 1394 1439 1431 remittat,
1473 1395 1500 1425 et
1526 1396 1639 1435 puryet
1671 1404 1727 1426 nos
1760 1394 1799 1426 ab
1829 1395 1913 1426 omni
1940 1395 2105 1427 iniustitia.

1136 1436 1185 1468 10.
1219 1436 1256 1468 Si
1285 1436 1461 1468 dimerimus
1490 1437 1571 1477 quod
1599 1446 1662 1468 uon
1690 1438 1902 1478 peccavimus,
1935 1439 2108 1471 mendacem

1131 1479 1268 1519 facimus
1290 1489 1369 1518 eum,
1393 1482 1420 1511 et
1441 1489 1541 1511 sermo
1564 1480 1632 1511 eius
1653 1490 1713 1513 nou
1735 1482 1778 1512 est
1799 1481 1834 1512 in
1856 1481 1954 1513 nobis.

1220 1565 1249 1597 8.
1283 1564 1320 1596 Si
1341 1565 1524 1598 dixerimus.
1559 1565 1626 1597 Iam
1649 1576 1668 1597 a
1690 1566 1880 1598 necessitate
1903 1567 2107 1599 commendat

1132 1609 1272 1649 gratiam
1295 1608 1395 1640 illam.
1441 1608 1527 1648 Quia
1552 1609 1639 1640 enim
1663 1619 1681 1640 a
1704 1613 1836 1650 peccato
1860 1619 1955 1641 nemo
1979 1615 2027 1641 est
2050 1611 2106 1641 im-

1132 1651 1249 1691 munis,
1273 1662 1333 1683 nos
1357 1661 1469 1683 omnes
1492 1652 1635 1692 perditos
1657 1662 1728 1684 esse
1751 1663 1788 1684 ac
1807 1652 1992 1693 desperatos
2009 1653 2107 1694 signi-

1130 1694 1216 1735 ficat,
1240 1694 1303 1726 nisi
1326 1694 1488 1726 Dominus
1515 1694 1605 1727 uobis
1627 1699 1796 1727 succurrat
1819 1695 1932 1727 veniae
1954 1695 2107 1729 remedio.

1130 1737 1222 1769 Haec
1245 1737 1327 1769 ratio
1349 1739 1399 1768 est
1418 1748 1476 1769 cur
1495 1741 1662 1779 tantopere
1686 1742 1813 1779 urgeat,
1848 1737 2012 1770 neminem
2036 1749 2107 1770 esse

1130 1780 1317 1820 innoxium,
1352 1790 1415 1821 quo
1450 1780 1567 1812 melius
1601 1780 1704 1812 sciant
1734 1791 1859 1818 omnes,
1892 1780 2037 1822 indigere
2072 1792 2106 1813 se

1131 1823 1359 1862 misericordia,
1376 1833 1457 1863 quae
1481 1824 1567 1864 ipsos
1590 1823 1631 1855 ab
1654 1824 1767 1856 exsilio
1791 1823 1917 1855 liberet:
1941 1827 2037 1864 atque
2061 1825 2107 1856 ita

1131 1866 1235 1907 magis
1266 1865 1306 1897 ad
1335 1865 1547 1898 obtinendum
1570 1866 1631 1899 hoc
1655 1871 1719 1898 tam
1744 1867 1958 1898 necessarium
1983 1866 2105 1898 bonum

1130 1909 1318 1941 incitentur.
1362 1908 1503 1941 Nomine
1527 1910 1688 1950 peccati
1712 1920 1777 1941 non
1797 1914 1924 1941 tantum
1947 1919 2049 1950 prava
2073 1913 2105 1941 et

1131 1953 1249 1983 vitiosa
1276 1952 1443 1984 inclinatio
1467 1951 1519 1984 hic
1547 1956 1698 1983 notatur:
1728 1952 1783 1984 sed
1807 1951 1902 1993 culpa
1924 1962 2005 1993 quae
2029 1963 2105 1984 vere

1131 2005 1190 2027 nos
1221 1995 1317 2026 efficit
1348 2004 1420 2026 reos
1450 2004 1559 2026 coram
1581 1995 1661 2027 Deo.
1708 1995 1809 2026 Porro
1840 2005 1939 2036 quum
1963 1996 2003 2026 sit
2034 1996 2105 2026 uni-

1130 2038 1266 2069 versalis
1282 2037 1455 2076 sententia,
1475 2039 1633 2079 sequitur,
1658 2038 1820 2070 neminem
1839 2042 2026 2070 sanctorum
2048 2040 2104 2080 qui

1129 2086 1214 2120 sunt,
1234 2081 1374 2119 fuerunt,
1398 2080 1448 2112 vel
1468 2081 1567 2113 futuri
1585 2085 1670 2119 sunt,
1693 2081 1792 2113 eximi
1816 2080 1855 2112 ab
1875 2081 1935 2112 hoc
1958 2091 2102 2114 numero.

1130 2124 1240 2163 Quare
1263 2124 1407 2164 apposite
1431 2124 1635 2165 Augustinus
1664 2124 1724 2156 hoc
1747 2124 1933 2155 testimonio
1957 2124 2105 2165 Pelagia-

1130 2177 1246 2198 norum
1277 2166 1429 2198 cavillum
1454 2167 1588 2199 refellit:
1624 2167 1802 2208 prudenter
1825 2167 1922 2198 etiam
1946 2167 2103 2207 expendit

1130 2220 1194 2241 non
1217 2209 1303 2250 exigi
1328 2213 1436 2241 reatus
1457 2211 1677 2242 confusionem
1698 2209 1894 2241 humilitatis
1916 2219 2022 2247 causa,
2045 2209 2101 2242 sed

1130 2264 1170 2284 ne
1194 2251 1379 2284 mentiendo
1403 2262 1460 2284 nos
1483 2253 1642 2285 fallamus.
1689 2252 1798 2292 Quum
1817 2252 1916 2290 addit,
1941 2252 2102 2284 veritas

1129 2306 1208 2327 non
1232 2298 1294 2327 est
1317 2295 1357 2325 in
1382 2295 1517 2334 nobis,
1549 2306 1607 2327 suo
1630 2305 1718 2326 more
1740 2295 1882 2335 priorem
1906 2295 2100 2327 sententiam

1128 2337 1274 2370 iterando
1302 2338 1482 2370 confirmat.
1535 2338 1741 2378 Quamquam
1774 2349 1839 2370 non
1875 2343 1923 2369 est
1960 2338 2100 2379 simplex

1127 2381 1254 2413 iteratio
1274 2381 1325 2423 (ut
1343 2380 1447 2422 alibi),
1470 2380 1526 2414 sed
1545 2392 1600 2414 eos
1619 2381 1686 2412 falli
1707 2380 1794 2418 dicit,
1818 2381 1892 2421 quia
1913 2381 1946 2412 in
1966 2380 2100 2413 menda·

1127 2424 1176 2456 cio
1199 2424 1387 2465 glorientur.

1212 2467 1240 2499 9.
1278 2467 1314 2499 Si
1347 2466 1534 2507 confitemur.
1596 2466 1716 2499 Iterum
1754 2466 1902 2498 fidelibus
1940 2467 2100 2507 promittit

1128 2510 1301 2552 propitium
1322 2509 1385 2541 illis
1398 2509 1504 2541 Deum
1518 2510 1597 2551 fore,
1617 2509 1708 2541 modo
1727 2520 1762 2541 se
1782 2514 1966 2550 peccatores
1982 2519 2098 2550 agnos-

1125 2558 1210 2586 cant.
1256 2552 1369 2594 Magni
1386 2552 1472 2584 enim
1493 2553 1636 2594 interest,
1659 2556 1696 2583 ut
1718 2558 1807 2584 certo
1824 2552 1967 2592 persuasi
1987 2552 2099 2590 simus,

1125 2600 1307 2637 promptam
1320 2601 1530 2636 paratamque
1542 2595 1635 2627 nobis
1654 2606 1723 2627 esse
1735 2605 1810 2627 cum
1822 2595 1893 2627 Deo
1910 2595 2097 2627 reconcilia-

1125 2640 1256 2678 tionem,
1287 2639 1340 2670 ubi
1372 2639 1588 2680 peccavimus:
1623 2638 1744 2679 alioqui
1775 2648 1904 2679 semper
1934 2639 2099 2670 infernum

1861 2698 1894 2723 20
