<?xml version="1.0" encoding="UTF-8"?>
<!DOCTYPE html PUBLIC "-//W3C//DTD XHTML 1.0 Transitional//EN"
    "http://www.w3.org/TR/xhtml1/DTD/xhtml1-transitional.dtd">
<html xmlns="http://www.w3.org/1999/xhtml" xml:lang="en" lang="en">
 <head>
  <title>
</title>
<meta http-equiv="Content-Type" content="text/html;charset=utf-8" />
  <meta name='ocr-system' content='tesseract 3.04.00' />
  <meta name='ocr-capabilities' content='ocr_page ocr_carea ocr_par ocr_line ocrx_word'/>
</head>
<body>
  <div class='ocr_page' id='page_1' title='image "./ioanniscalviniop55calv_0165.png"; bbox 0 0 2513 3126; ppageno 0'>
   <div class='ocr_carea' id='block_1_1' title="bbox 92 196 154 227">
    <p class='ocr_par' dir='ltr' id='par_1_1' title="bbox 92 196 154 227">
     <span class='ocr_line' id='line_1_1' title="bbox 92 196 154 227; baseline 0 0"><span class='ocrx_word' id='word_1_1' title='bbox 92 196 154 227; x_wconf 83' lang='lat'>285</span> 
     </span>
    </p>
   </div>
   <div class='ocr_carea' id='block_1_2' title="bbox 94 287 1068 373">
    <p class='ocr_par' dir='ltr' id='par_1_2' title="bbox 94 287 1068 373">
     <span class='ocr_line' id='line_1_2' title="bbox 97 287 1068 330; baseline -0.006 -7"><span class='ocrx_word' id='word_1_2' title='bbox 97 291 198 323; x_wconf 86' lang='lat' dir='ltr'>latum</span> <span class='ocrx_word' id='word_1_3' title='bbox 234 291 292 322; x_wconf 85' lang='lat' dir='ltr'><strong>sibi</strong></span> <span class='ocrx_word' id='word_1_4' title='bbox 323 301 392 323; x_wconf 89' lang='lat' dir='ltr'>esse</span> <span class='ocrx_word' id='word_1_5' title='bbox 424 290 595 330; x_wconf 89' lang='lat' dir='ltr'>imperium</span> <span class='ocrx_word' id='word_1_6' title='bbox 628 291 659 320; x_wconf 86' lang='lat' dir='ltr'>in</span> <span class='ocrx_word' id='word_1_7' title='bbox 690 289 847 330; x_wconf 83' lang='lat' dir='ltr'>collegas:</span> <span class='ocrx_word' id='word_1_8' title='bbox 882 287 938 320; x_wconf 86' lang='lat' dir='ltr'>sed</span> <span class='ocrx_word' id='word_1_9' title='bbox 962 288 1068 328; x_wconf 88' lang='lat' dir='ltr'>potius</span> 
     </span>
     <span class='ocr_line' id='line_1_3' title="bbox 94 332 918 373; baseline -0.005 -8"><span class='ocrx_word' id='word_1_10' title='bbox 94 334 244 366; x_wconf 82' lang='lat' dir='ltr'>societate</span> <span class='ocrx_word' id='word_1_11' title='bbox 267 334 364 365; x_wconf 83' lang='lat' dir='ltr'>officii</span> <span class='ocrx_word' id='word_1_12' title='bbox 388 343 422 365; x_wconf 90' lang='lat' dir='ltr'>se</span> <span class='ocrx_word' id='word_1_13' title='bbox 445 333 578 373; x_wconf 89' lang='lat' dir='ltr'>reliquis</span> <span class='ocrx_word' id='word_1_14' title='bbox 601 343 670 364; x_wconf 89' lang='lat' dir='ltr'>esse</span> <span class='ocrx_word' id='word_1_15' title='bbox 693 332 918 364; x_wconf 85' lang='lat' dir='ltr'>coniunctum.</span> 
     </span>
    </p>
   </div>
   <div class='ocr_carea' id='block_1_3' title="bbox 93 385 1069 1282">
    <p class='ocr_par' dir='ltr' id='par_1_3' title="bbox 93 385 1069 1282">
     <span class='ocr_line' id='line_1_4' title="bbox 182 385 1060 430; baseline -0.008 -8"><span class='ocrx_word' id='word_1_16' title='bbox 182 390 283 422; x_wconf 84' lang='lat' dir='ltr'>Testis</span> <span class='ocrx_word' id='word_1_17' title='bbox 306 390 503 430; x_wconf 76' lang='lat' dir='ltr'><em>passionum.</em></span> <span class='ocrx_word' id='word_1_18' title='bbox 549 388 662 419; x_wconf 86' lang='lat' dir='ltr'>Potest</span> <span class='ocrx_word' id='word_1_19' title='bbox 693 387 752 419; x_wconf 86' lang='lat' dir='ltr'>hoc</span> <span class='ocrx_word' id='word_1_20' title='bbox 775 387 814 417; x_wconf 91' lang='lat' dir='ltr'>de</span> <span class='ocrx_word' id='word_1_21' title='bbox 838 385 983 417; x_wconf 84' lang='lat' dir='ltr'>doctrina</span> <span class='ocrx_word' id='word_1_22' title='bbox 1006 394 1060 415; x_wconf 79' lang='lat' dir='ltr'>ex-</span> 
     </span>
     <span class='ocr_line' id='line_1_5' title="bbox 94 430 1065 475; baseline -0.008 -11"><span class='ocrx_word' id='word_1_23' title='bbox 94 433 186 473; x_wconf 86' lang='lat' dir='ltr'>poni,</span> <span class='ocrx_word' id='word_1_24' title='bbox 224 432 308 464; x_wconf 86' lang='lat' dir='ltr'>malo</span> <span class='ocrx_word' id='word_1_25' title='bbox 347 437 454 463; x_wconf 86' lang='lat' dir='ltr'>tamen</span> <span class='ocrx_word' id='word_1_26' title='bbox 489 431 528 463; x_wconf 86' lang='lat' dir='ltr'>ad</span> <span class='ocrx_word' id='word_1_27' title='bbox 560 431 660 463; x_wconf 89' lang='lat' dir='ltr'>vitam</span> <span class='ocrx_word' id='word_1_28' title='bbox 695 430 834 461; x_wconf 85' lang='lat' dir='ltr'>referre:</span> <span class='ocrx_word' id='word_1_29' title='bbox 873 437 1065 475; x_wconf 82' lang='lat' dir='ltr'>quamquam</span> 
     </span>
     <span class='ocr_line' id='line_1_6' title="bbox 95 469 1066 515; baseline -0.006 -9"><span class='ocrx_word' id='word_1_30' title='bbox 95 481 268 515; x_wconf 90' lang='lat' dir='ltr'>utrumque</span> <span class='ocrx_word' id='word_1_31' title='bbox 287 475 450 515; x_wconf 81' lang='lat' dir='ltr'>probabile</span> <span class='ocrx_word' id='word_1_32' title='bbox 466 480 524 512; x_wconf 88' lang='lat' dir='ltr'>est,</span> <span class='ocrx_word' id='word_1_33' title='bbox 547 473 603 505; x_wconf 89' lang='lat' dir='ltr'>sed</span> <span class='ocrx_word' id='word_1_34' title='bbox 620 471 778 513; x_wconf 78' lang='lat' dir='ltr'>posterius</span> <span class='ocrx_word' id='word_1_35' title='bbox 797 470 857 502; x_wconf 91' lang='lat' dir='ltr'>hoc</span> <span class='ocrx_word' id='word_1_36' title='bbox 873 469 944 500; x_wconf 92' lang='lat' dir='ltr'>ideo</span> <span class='ocrx_word' id='word_1_37' title='bbox 961 479 1066 509; x_wconf 85' lang='lat' dir='ltr'>magis</span> 
     </span>
     <span class='ocr_line' id='line_1_7' title="bbox 95 511 1066 559; baseline -0.008 -10"><span class='ocrx_word' id='word_1_38' title='bbox 95 518 281 559; x_wconf 84' lang='lat' dir='ltr'>amplector,</span> <span class='ocrx_word' id='word_1_39' title='bbox 305 518 379 558; x_wconf 85' lang='lat' dir='ltr'>quia</span> <span class='ocrx_word' id='word_1_40' title='bbox 401 517 516 548; x_wconf 91' lang='lat' dir='ltr'>melius</span> <span class='ocrx_word' id='word_1_41' title='bbox 539 516 623 546; x_wconf 89' lang='lat' dir='ltr'>inter</span> <span class='ocrx_word' id='word_1_42' title='bbox 646 524 680 545; x_wconf 89' lang='lat' dir='ltr'>se</span> <span class='ocrx_word' id='word_1_43' title='bbox 704 513 880 544; x_wconf 76' lang='lat' dir='ltr'>cohaerent</span> <span class='ocrx_word' id='word_1_44' title='bbox 903 512 982 543; x_wconf 88' lang='lat' dir='ltr'>haec</span> <span class='ocrx_word' id='word_1_45' title='bbox 1002 511 1066 542; x_wconf 92' lang='lat' dir='ltr'>duo</span> 
     </span>
     <span class='ocr_line' id='line_1_8' title="bbox 94 556 1065 600; baseline -0.008 -8"><span class='ocrx_word' id='word_1_46' title='bbox 94 561 250 597; x_wconf 86' lang='lat' dir='ltr'>membra,</span> <span class='ocrx_word' id='word_1_47' title='bbox 285 560 367 600; x_wconf 90' lang='lat' dir='ltr'>quod</span> <span class='ocrx_word' id='word_1_48' title='bbox 392 559 517 591; x_wconf 78' lang='lat' dir='ltr'>Christi</span> <span class='ocrx_word' id='word_1_49' title='bbox 550 558 714 598; x_wconf 71' lang='lat' dir='ltr'>passiones</span> <span class='ocrx_word' id='word_1_50' title='bbox 744 556 777 586; x_wconf 90' lang='lat' dir='ltr'>in</span> <span class='ocrx_word' id='word_1_51' title='bbox 805 565 902 586; x_wconf 89' lang='lat' dir='ltr'>carne</span> <span class='ocrx_word' id='word_1_52' title='bbox 933 565 993 585; x_wconf 89' lang='lat' dir='ltr'>sua</span> <span class='ocrx_word' id='word_1_53' title='bbox 1017 564 1065 584; x_wconf 89' lang='lat' dir='ltr'>re-</span> 
     </span>
     <span class='ocr_line' id='line_1_9' title="bbox 94 597 1067 644; baseline -0.008 -9"><span class='ocrx_word' id='word_1_54' title='bbox 94 607 280 644; x_wconf 86' lang='lat' dir='ltr'>praesentet</span> <span class='ocrx_word' id='word_1_55' title='bbox 303 603 431 639; x_wconf 90' lang='lat' dir='ltr'>Petrus,</span> <span class='ocrx_word' id='word_1_56' title='bbox 458 607 490 632; x_wconf 85' lang='lat' dir='ltr'>et</span> <span class='ocrx_word' id='word_1_57' title='bbox 513 601 640 631; x_wconf 87' lang='lat' dir='ltr'>futurus</span> <span class='ocrx_word' id='word_1_58' title='bbox 663 598 706 629; x_wconf 89' lang='lat' dir='ltr'>sit</span> <span class='ocrx_word' id='word_1_59' title='bbox 729 598 825 628; x_wconf 87' lang='lat' dir='ltr'>etiam</span> <span class='ocrx_word' id='word_1_60' title='bbox 850 597 971 638; x_wconf 83' lang='lat' dir='ltr'>gloriae</span> <span class='ocrx_word' id='word_1_61' title='bbox 994 607 1067 628; x_wconf 92' lang='lat' dir='ltr'>eon-</span> 
     </span>
     <span class='ocr_line' id='line_1_10' title="bbox 95 639 1067 678; baseline -0.007 -1"><span class='ocrx_word' id='word_1_62' title='bbox 95 656 175 678; x_wconf 68' lang='lat' dir='ltr'>sorS.</span> <span class='ocrx_word' id='word_1_63' title='bbox 221 645 382 677; x_wconf 89' lang='lat' dir='ltr'>Convenit</span> <span class='ocrx_word' id='word_1_64' title='bbox 405 644 490 675; x_wconf 92' lang='lat' dir='ltr'>enim</span> <span class='ocrx_word' id='word_1_65' title='bbox 516 643 594 673; x_wconf 88' lang='lat' dir='ltr'>haec</span> <span class='ocrx_word' id='word_1_66' title='bbox 617 641 780 672; x_wconf 86' lang='lat' dir='ltr'>sententia</span> <span class='ocrx_word' id='word_1_67' title='bbox 803 650 876 672; x_wconf 89' lang='lat' dir='ltr'>eum</span> <span class='ocrx_word' id='word_1_68' title='bbox 898 640 953 671; x_wconf 87' lang='lat' dir='ltr'>illa</span> <span class='ocrx_word' id='word_1_69' title='bbox 974 639 1067 670; x_wconf 85' lang='lat' dir='ltr'>Pauli</span> 
     </span>
     <span class='ocr_line' id='line_1_11' title="bbox 94 683 1066 730; baseline -0.008 -9"><span class='ocrx_word' id='word_1_70' title='bbox 94 688 138 730; x_wconf 81' lang='lat'>(2.</span> <span class='ocrx_word' id='word_1_71' title='bbox 155 689 259 720; x_wconf 79' lang='lat' dir='ltr'>Timo.</span> <span class='ocrx_word' id='word_1_72' title='bbox 278 688 308 726; x_wconf 81' lang='lat'>2,</span> <span class='ocrx_word' id='word_1_73' title='bbox 331 687 393 727; x_wconf 85' lang='lat'>12),</span> <span class='ocrx_word' id='word_1_74' title='bbox 417 686 454 717; x_wconf 80' lang='lat' dir='ltr'>Si</span> <span class='ocrx_word' id='word_1_75' title='bbox 476 685 703 724; x_wconf 81' lang='lat' dir='ltr'>compatimur,</span> <span class='ocrx_word' id='word_1_76' title='bbox 734 684 831 714; x_wconf 85' lang='lat' dir='ltr'>etiam</span> <span class='ocrx_word' id='word_1_77' title='bbox 855 683 1066 723; x_wconf 87' lang='lat' dir='ltr'>conregnabi-</span> 
     </span>
     <span class='ocr_line' id='line_1_12' title="bbox 96 725 1066 763; baseline -0.007 0"><span class='ocrx_word' id='word_1_78' title='bbox 96 742 177 763; x_wconf 88' lang='lat' dir='ltr'>mus.</span> <span class='ocrx_word' id='word_1_79' title='bbox 222 729 348 761; x_wconf 84' lang='lat' dir='ltr'>Deinde</span> <span class='ocrx_word' id='word_1_80' title='bbox 378 729 437 759; x_wconf 89' lang='lat' dir='ltr'>hoc</span> <span class='ocrx_word' id='word_1_81' title='bbox 466 727 506 758; x_wconf 87' lang='lat' dir='ltr'>ad</span> <span class='ocrx_word' id='word_1_82' title='bbox 537 726 715 758; x_wconf 81' lang='lat' dir='ltr'>faciendam</span> <span class='ocrx_word' id='word_1_83' title='bbox 746 726 854 757; x_wconf 88' lang='lat' dir='ltr'>verbis</span> <span class='ocrx_word' id='word_1_84' title='bbox 880 725 977 757; x_wconf 90' lang='lat' dir='ltr'>fidem</span> <span class='ocrx_word' id='word_1_85' title='bbox 1001 735 1066 756; x_wconf 89' lang='lat' dir='ltr'>non</span> 
     </span>
     <span class='ocr_line' id='line_1_13' title="bbox 95 769 1067 814; baseline -0.006 -9"><span class='ocrx_word' id='word_1_86' title='bbox 95 784 209 814; x_wconf 81' lang='lat' dir='ltr'>parum</span> <span class='ocrx_word' id='word_1_87' title='bbox 227 772 321 811; x_wconf 86' lang='lat' dir='ltr'>valet,</span> <span class='ocrx_word' id='word_1_88' title='bbox 344 771 426 811; x_wconf 90' lang='lat' dir='ltr'>quod</span> <span class='ocrx_word' id='word_1_89' title='bbox 451 780 508 809; x_wconf 91' lang='lat' dir='ltr'>per</span> <span class='ocrx_word' id='word_1_90' title='bbox 530 770 634 801; x_wconf 89' lang='lat' dir='ltr'>crucis</span> <span class='ocrx_word' id='word_1_91' title='bbox 658 769 864 800; x_wconf 79' lang='lat' dir='ltr'>tolerantiam</span> <span class='ocrx_word' id='word_1_92' title='bbox 882 769 966 806; x_wconf 86' lang='lat' dir='ltr'>fidei,</span> <span class='ocrx_word' id='word_1_93' title='bbox 990 778 1067 800; x_wconf 87' lang='lat' dir='ltr'>suae</span> 
     </span>
     <span class='ocr_line' id='line_1_14' title="bbox 96 812 1067 856; baseline -0.005 -9"><span class='ocrx_word' id='word_1_94' title='bbox 96 816 355 856; x_wconf 80' lang='lat' dir='ltr'>experimentum</span> <span class='ocrx_word' id='word_1_95' title='bbox 379 813 477 844; x_wconf 86' lang='lat' dir='ltr'>dedit.</span> <span class='ocrx_word' id='word_1_96' title='bbox 522 812 605 844; x_wconf 86' lang='lat' dir='ltr'>Nam</span> <span class='ocrx_word' id='word_1_97' title='bbox 631 812 705 843; x_wconf 88' lang='lat' dir='ltr'>hine</span> <span class='ocrx_word' id='word_1_98' title='bbox 728 818 857 843; x_wconf 88' lang='lat' dir='ltr'>constat</span> <span class='ocrx_word' id='word_1_99' title='bbox 888 812 971 843; x_wconf 87' lang='lat' dir='ltr'>serio</span> <span class='ocrx_word' id='word_1_100' title='bbox 993 821 1067 842; x_wconf 89' lang='lat' dir='ltr'>eum</span> 
     </span>
     <span class='ocr_line' id='line_1_15' title="bbox 96 854 1068 898; baseline -0.006 -8"><span class='ocrx_word' id='word_1_101' title='bbox 96 859 192 898; x_wconf 90' lang='lat' dir='ltr'>loqui.</span> <span class='ocrx_word' id='word_1_102' title='bbox 238 856 282 888; x_wconf 90' lang='lat' dir='ltr'>Et</span> <span class='ocrx_word' id='word_1_103' title='bbox 305 855 469 887; x_wconf 83' lang='lat' dir='ltr'>Dominus</span> <span class='ocrx_word' id='word_1_104' title='bbox 499 865 598 895; x_wconf 89' lang='lat' dir='ltr'>quum</span> <span class='ocrx_word' id='word_1_105' title='bbox 629 865 704 886; x_wconf 86' lang='lat' dir='ltr'>suos</span> <span class='ocrx_word' id='word_1_106' title='bbox 732 854 792 886; x_wconf 90' lang='lat' dir='ltr'>hoc</span> <span class='ocrx_word' id='word_1_107' title='bbox 821 854 914 885; x_wconf 93' lang='lat' dir='ltr'>modo</span> <span class='ocrx_word' id='word_1_108' title='bbox 944 854 1068 894; x_wconf 87' lang='lat' dir='ltr'>probat,</span> 
     </span>
     <span class='ocr_line' id='line_1_16' title="bbox 96 897 1067 941; baseline -0.004 -10"><span class='ocrx_word' id='word_1_109' title='bbox 96 901 187 941; x_wconf 87' lang='lat' dir='ltr'>quasi</span> <span class='ocrx_word' id='word_1_110' title='bbox 220 900 369 939; x_wconf 79' lang='lat' dir='ltr'>obsignat</span> <span class='ocrx_word' id='word_1_111' title='bbox 398 908 511 930; x_wconf 90' lang='lat' dir='ltr'>eorum</span> <span class='ocrx_word' id='word_1_112' title='bbox 543 898 772 937; x_wconf 87' lang='lat' dir='ltr'>ministerium,</span> <span class='ocrx_word' id='word_1_113' title='bbox 806 903 843 928; x_wconf 88' lang='lat' dir='ltr'>ut</span> <span class='ocrx_word' id='word_1_114' title='bbox 867 898 940 937; x_wconf 91' lang='lat' dir='ltr'>plus</span> <span class='ocrx_word' id='word_1_115' title='bbox 964 897 1067 937; x_wconf 87' lang='lat' dir='ltr'>digni-</span> 
     </span>
     <span class='ocr_line' id='line_1_17' title="bbox 96 940 1068 980; baseline -0.005 -5"><span class='ocrx_word' id='word_1_116' title='bbox 96 944 171 975; x_wconf 85' lang='lat' dir='ltr'>tatis</span> <span class='ocrx_word' id='word_1_117' title='bbox 201 946 234 974; x_wconf 91' lang='lat' dir='ltr'>et</span> <span class='ocrx_word' id='word_1_118' title='bbox 264 942 464 973; x_wconf 88' lang='lat' dir='ltr'>reverentiae</span> <span class='ocrx_word' id='word_1_119' title='bbox 492 940 610 972; x_wconf 87' lang='lat' dir='ltr'>habeat</span> <span class='ocrx_word' id='word_1_120' title='bbox 633 940 718 980; x_wconf 84' lang='lat' dir='ltr'>apud</span> <span class='ocrx_word' id='word_1_121' title='bbox 743 940 899 971; x_wconf 90' lang='lat' dir='ltr'>homines.</span> <span class='ocrx_word' id='word_1_122' title='bbox 945 940 1019 971; x_wconf 87' lang='lat' dir='ltr'>Huc</span> <span class='ocrx_word' id='word_1_123' title='bbox 1041 940 1068 970; x_wconf 88' lang='lat' dir='ltr'>si</span> 
     </span>
     <span class='ocr_line' id='line_1_18' title="bbox 96 983 1068 1026; baseline -0.003 -10"><span class='ocrx_word' id='word_1_124' title='bbox 96 985 225 1026; x_wconf 87' lang='lat' dir='ltr'>quidem</span> <span class='ocrx_word' id='word_1_125' title='bbox 260 990 387 1025; x_wconf 87' lang='lat' dir='ltr'>spectat</span> <span class='ocrx_word' id='word_1_126' title='bbox 417 984 508 1016; x_wconf 89' lang='lat' dir='ltr'>Petri</span> <span class='ocrx_word' id='word_1_127' title='bbox 537 983 717 1021; x_wconf 89' lang='lat' dir='ltr'>consilium,</span> <span class='ocrx_word' id='word_1_128' title='bbox 752 989 787 1014; x_wconf 90' lang='lat' dir='ltr'>ut</span> <span class='ocrx_word' id='word_1_129' title='bbox 820 984 970 1014; x_wconf 80' lang='lat' dir='ltr'>audiatur</span> <span class='ocrx_word' id='word_1_130' title='bbox 1000 985 1068 1013; x_wconf 87' lang='lat' dir='ltr'>tan·</span> 
     </span>
     <span class='ocr_line' id='line_1_19' title="bbox 95 1026 1068 1068; baseline -0.003 -9"><span class='ocrx_word' id='word_1_131' title='bbox 95 1038 190 1068; x_wconf 89' lang='lat' dir='ltr'>quam</span> <span class='ocrx_word' id='word_1_132' title='bbox 215 1027 299 1059; x_wconf 91' lang='lat' dir='ltr'>fidus</span> <span class='ocrx_word' id='word_1_133' title='bbox 316 1027 440 1059; x_wconf 80' lang='lat' dir='ltr'>Christi</span> <span class='ocrx_word' id='word_1_134' title='bbox 464 1027 631 1058; x_wconf 75' lang='lat' dir='ltr'>minister:</span> <span class='ocrx_word' id='word_1_135' title='bbox 655 1027 745 1058; x_wconf 89' lang='lat' dir='ltr'>cuius</span> <span class='ocrx_word' id='word_1_136' title='bbox 769 1027 814 1058; x_wconf 90' lang='lat' dir='ltr'>rei</span> <span class='ocrx_word' id='word_1_137' title='bbox 838 1026 1068 1057; x_wconf 87' lang='lat' dir='ltr'>documentum</span> 
     </span>
     <span class='ocr_line' id='line_1_20' title="bbox 93 1069 1069 1112; baseline -0.003 -10"><span class='ocrx_word' id='word_1_138' title='bbox 93 1071 248 1112; x_wconf 87' lang='lat' dir='ltr'>proponit</span> <span class='ocrx_word' id='word_1_139' title='bbox 277 1071 310 1101; x_wconf 90' lang='lat' dir='ltr'>in</span> <span class='ocrx_word' id='word_1_140' title='bbox 341 1069 646 1110; x_wconf 75' lang='lat' dir='ltr'>persequutionibus</span> <span class='ocrx_word' id='word_1_141' title='bbox 675 1080 754 1109; x_wconf 88' lang='lat' dir='ltr'>quas</span> <span class='ocrx_word' id='word_1_142' title='bbox 783 1079 896 1109; x_wconf 81' lang='lat' dir='ltr'>passus</span> <span class='ocrx_word' id='word_1_143' title='bbox 923 1074 1002 1105; x_wconf 79' lang='lat' dir='ltr'>erat,</span> <span class='ocrx_word' id='word_1_144' title='bbox 1037 1073 1069 1099; x_wconf 88' lang='lat' dir='ltr'>et</span> 
     </span>
     <span class='ocr_line' id='line_1_21' title="bbox 93 1111 1068 1153; baseline -0.003 -8"><span class='ocrx_word' id='word_1_145' title='bbox 93 1115 126 1145; x_wconf 90' lang='lat' dir='ltr'>in</span> <span class='ocrx_word' id='word_1_146' title='bbox 159 1124 215 1153; x_wconf 90' lang='lat' dir='ltr'>spe</span> <span class='ocrx_word' id='word_1_147' title='bbox 247 1113 374 1145; x_wconf 87' lang='lat' dir='ltr'>futurae</span> <span class='ocrx_word' id='word_1_148' title='bbox 407 1114 502 1144; x_wconf 84' lang='lat' dir='ltr'>vitae.</span> <span class='ocrx_word' id='word_1_149' title='bbox 555 1111 806 1144; x_wconf 82' lang='lat' dir='ltr'>Observandum</span> <span class='ocrx_word' id='word_1_150' title='bbox 841 1117 949 1143; x_wconf 91' lang='lat' dir='ltr'>autem</span> <span class='ocrx_word' id='word_1_151' title='bbox 983 1111 1068 1151; x_wconf 90' lang='lat' dir='ltr'>quod</span> 
     </span>
     <span class='ocr_line' id='line_1_22' title="bbox 93 1154 1067 1196; baseline -0.003 -9"><span class='ocrx_word' id='word_1_152' title='bbox 93 1156 212 1188; x_wconf 90' lang='lat' dir='ltr'>Petrus</span> <span class='ocrx_word' id='word_1_153' title='bbox 247 1155 408 1196; x_wconf 89' lang='lat' dir='ltr'>intrepide</span> <span class='ocrx_word' id='word_1_154' title='bbox 444 1167 478 1187; x_wconf 90' lang='lat' dir='ltr'>se</span> <span class='ocrx_word' id='word_1_155' title='bbox 519 1161 700 1187; x_wconf 86' lang='lat' dir='ltr'>consortem</span> <span class='ocrx_word' id='word_1_156' title='bbox 736 1155 858 1195; x_wconf 85' lang='lat' dir='ltr'>gloriae</span> <span class='ocrx_word' id='word_1_157' title='bbox 896 1154 1067 1194; x_wconf 84' lang='lat' dir='ltr'>praedicat,</span> 
     </span>
     <span class='ocr_line' id='line_1_23' title="bbox 94 1197 1068 1239; baseline -0.003 -9"><span class='ocrx_word' id='word_1_158' title='bbox 94 1209 176 1239; x_wconf 88' lang='lat' dir='ltr'>quae</span> <span class='ocrx_word' id='word_1_159' title='bbox 211 1199 357 1230; x_wconf 89' lang='lat' dir='ltr'>nondum</span> <span class='ocrx_word' id='word_1_160' title='bbox 391 1198 537 1230; x_wconf 83' lang='lat' dir='ltr'>revelata</span> <span class='ocrx_word' id='word_1_161' title='bbox 566 1203 624 1229; x_wconf 87' lang='lat' dir='ltr'>est.</span> <span class='ocrx_word' id='word_1_162' title='bbox 678 1198 769 1229; x_wconf 86' lang='lat' dir='ltr'>Haec</span> <span class='ocrx_word' id='word_1_163' title='bbox 799 1198 884 1229; x_wconf 88' lang='lat' dir='ltr'>enim</span> <span class='ocrx_word' id='word_1_164' title='bbox 915 1205 963 1229; x_wconf 83' lang='lat' dir='ltr'>est</span> <span class='ocrx_word' id='word_1_165' title='bbox 993 1197 1068 1228; x_wconf 86' lang='lat' dir='ltr'>fidei</span> 
     </span>
     <span class='ocr_line' id='line_1_24' title="bbox 94 1240 851 1282; baseline -0.003 -9"><span class='ocrx_word' id='word_1_166' title='bbox 94 1248 220 1280; x_wconf 87' lang='lat' dir='ltr'>natura,</span> <span class='ocrx_word' id='word_1_167' title='bbox 243 1242 448 1282; x_wconf 82' lang='lat' dir='ltr'>acquiescere</span> <span class='ocrx_word' id='word_1_168' title='bbox 471 1242 504 1272; x_wconf 92' lang='lat' dir='ltr'>in</span> <span class='ocrx_word' id='word_1_169' title='bbox 530 1241 622 1272; x_wconf 90' lang='lat' dir='ltr'>bonis</span> <span class='ocrx_word' id='word_1_170' title='bbox 646 1240 851 1272; x_wconf 82' lang='lat' dir='ltr'>absconditis.</span> 
     </span>
    </p>
   </div>
   <div class='ocr_carea' id='block_1_4' title="bbox 93 1295 1072 2228">
    <p class='ocr_par' dir='ltr' id='par_1_4' title="bbox 93 1295 1072 2228">
     <span class='ocr_line' id='line_1_25' title="bbox 179 1295 1069 1337; baseline -0.003 -8"><span class='ocrx_word' id='word_1_171' title='bbox 179 1298 209 1329; x_wconf 86' lang='lat'>2.</span> <span class='ocrx_word' id='word_1_172' title='bbox 242 1297 375 1335; x_wconf 77' lang='lat' dir='ltr'>Pascite,</span> <span class='ocrx_word' id='word_1_173' title='bbox 409 1300 559 1337; x_wconf 77' lang='lat' dir='ltr'>quantum</span> <span class='ocrx_word' id='word_1_174' title='bbox 589 1297 624 1328; x_wconf 76' lang='lat' dir='ltr'>in</span> <span class='ocrx_word' id='word_1_175' title='bbox 650 1297 735 1328; x_wconf 84' lang='lat' dir='ltr'>vobis</span> <span class='ocrx_word' id='word_1_176' title='bbox 762 1299 814 1327; x_wconf 82' lang='lat' dir='ltr'>est.</span> <span class='ocrx_word' id='word_1_177' title='bbox 867 1296 955 1326; x_wconf 90' lang='lat' dir='ltr'>Hinc</span> <span class='ocrx_word' id='word_1_178' title='bbox 981 1295 1069 1327; x_wconf 91' lang='lat' dir='ltr'>colli—</span> 
     </span>
     <span class='ocr_line' id='line_1_26' title="bbox 94 1339 1069 1381; baseline -0.002 -10"><span class='ocrx_word' id='word_1_179' title='bbox 94 1341 203 1381; x_wconf 89' lang='lat' dir='ltr'>gimus</span> <span class='ocrx_word' id='word_1_180' title='bbox 232 1340 308 1381; x_wconf 89' lang='lat' dir='ltr'>quid</span> <span class='ocrx_word' id='word_1_181' title='bbox 339 1339 446 1372; x_wconf 83' lang='lat' dir='ltr'>valeat</span> <span class='ocrx_word' id='word_1_182' title='bbox 475 1350 591 1371; x_wconf 89' lang='lat' dir='ltr'>nomen</span> <span class='ocrx_word' id='word_1_183' title='bbox 615 1340 811 1379; x_wconf 80' lang='lat' dir='ltr'>presbyteri:</span> <span class='ocrx_word' id='word_1_184' title='bbox 846 1349 962 1379; x_wconf 88' lang='lat' dir='ltr'>nempe</span> <span class='ocrx_word' id='word_1_185' title='bbox 985 1339 1069 1378; x_wconf 90' lang='lat' dir='ltr'>quod</span> 
     </span>
     <span class='ocr_line' id='line_1_27' title="bbox 93 1382 1069 1424; baseline -0.002 -10"><span class='ocrx_word' id='word_1_186' title='bbox 93 1385 127 1414; x_wconf 92' lang='lat' dir='ltr'>in</span> <span class='ocrx_word' id='word_1_187' title='bbox 159 1394 193 1414; x_wconf 90' lang='lat' dir='ltr'>se</span> <span class='ocrx_word' id='word_1_188' title='bbox 223 1384 387 1415; x_wconf 90' lang='lat' dir='ltr'>contineat</span> <span class='ocrx_word' id='word_1_189' title='bbox 418 1382 572 1424; x_wconf 87' lang='lat' dir='ltr'>pascendi</span> <span class='ocrx_word' id='word_1_190' title='bbox 603 1393 730 1413; x_wconf 88' lang='lat' dir='ltr'>munus.</span> <span class='ocrx_word' id='word_1_191' title='bbox 776 1382 891 1422; x_wconf 85' lang='lat' dir='ltr'>Longe</span> <span class='ocrx_word' id='word_1_192' title='bbox 912 1383 946 1412; x_wconf 89' lang='lat' dir='ltr'>in</span> <span class='ocrx_word' id='word_1_193' title='bbox 970 1382 1069 1412; x_wconf 90' lang='lat' dir='ltr'>alium</span> 
     </span>
     <span class='ocr_line' id='line_1_28' title="bbox 94 1425 1070 1467; baseline -0.002 -10"><span class='ocrx_word' id='word_1_194' title='bbox 94 1426 191 1458; x_wconf 89' lang='lat' dir='ltr'>finem</span> <span class='ocrx_word' id='word_1_195' title='bbox 222 1436 300 1457; x_wconf 90' lang='lat' dir='ltr'>suos</span> <span class='ocrx_word' id='word_1_196' title='bbox 329 1426 536 1467; x_wconf 86' lang='lat' dir='ltr'>presbyteros</span> <span class='ocrx_word' id='word_1_197' title='bbox 559 1432 647 1457; x_wconf 83' lang='lat' dir='ltr'>creat</span> <span class='ocrx_word' id='word_1_198' title='bbox 669 1435 762 1465; x_wconf 88' lang='lat' dir='ltr'>papa,</span> <span class='ocrx_word' id='word_1_199' title='bbox 791 1430 826 1456; x_wconf 86' lang='lat' dir='ltr'>ut</span> <span class='ocrx_word' id='word_1_200' title='bbox 849 1425 968 1456; x_wconf 91' lang='lat' dir='ltr'>scilicet</span> <span class='ocrx_word' id='word_1_201' title='bbox 992 1435 1070 1464; x_wconf 90' lang='lat' dir='ltr'>quo·</span> 
     </span>
     <span class='ocr_line' id='line_1_29' title="bbox 95 1467 1070 1501; baseline -0.002 -1"><span class='ocrx_word' id='word_1_202' title='bbox 95 1469 173 1500; x_wconf 91' lang='lat' dir='ltr'>tidie</span> <span class='ocrx_word' id='word_1_203' title='bbox 190 1468 359 1501; x_wconf 83' lang='lat' dir='ltr'>Christum</span> <span class='ocrx_word' id='word_1_204' title='bbox 377 1468 562 1500; x_wconf 88' lang='lat' dir='ltr'>immolent:</span> <span class='ocrx_word' id='word_1_205' title='bbox 587 1469 619 1499; x_wconf 92' lang='lat' dir='ltr'>in</span> <span class='ocrx_word' id='word_1_206' title='bbox 636 1478 739 1499; x_wconf 90' lang='lat' dir='ltr'>eorem</span> <span class='ocrx_word' id='word_1_207' title='bbox 756 1467 958 1499; x_wconf 88' lang='lat' dir='ltr'>ordinatione</span> <span class='ocrx_word' id='word_1_208' title='bbox 978 1467 1070 1499; x_wconf 89' lang='lat' dir='ltr'>nulla</span> 
     </span>
     <span class='ocr_line' id='line_1_30' title="bbox 94 1511 1070 1551; baseline -0.001 -9"><span class='ocrx_word' id='word_1_209' title='bbox 94 1512 248 1551; x_wconf 88' lang='lat' dir='ltr'>pascendi</span> <span class='ocrx_word' id='word_1_210' title='bbox 292 1513 423 1543; x_wconf 85' lang='lat' dir='ltr'>mentio.</span> <span class='ocrx_word' id='word_1_211' title='bbox 483 1511 625 1542; x_wconf 87' lang='lat' dir='ltr'>Proinde</span> <span class='ocrx_word' id='word_1_212' title='bbox 662 1511 908 1542; x_wconf 86' lang='lat' dir='ltr'>meminerimus</span> <span class='ocrx_word' id='word_1_213' title='bbox 946 1511 1070 1542; x_wconf 84' lang='lat' dir='ltr'>Christi</span> 
     </span>
     <span class='ocr_line' id='line_1_31' title="bbox 94 1553 1070 1594; baseline -0.001 -9"><span class='ocrx_word' id='word_1_214' title='bbox 94 1554 242 1586; x_wconf 88' lang='lat' dir='ltr'>ordinem</span> <span class='ocrx_word' id='word_1_215' title='bbox 276 1565 295 1585; x_wconf 86' lang='lat' dir='ltr'>a</span> <span class='ocrx_word' id='word_1_216' title='bbox 328 1564 430 1594; x_wconf 85' lang='lat' dir='ltr'>papae</span> <span class='ocrx_word' id='word_1_217' title='bbox 463 1554 651 1585; x_wconf 85' lang='lat' dir='ltr'>confusione</span> <span class='ocrx_word' id='word_1_218' title='bbox 681 1553 879 1590; x_wconf 90' lang='lat' dir='ltr'>discernere,</span> <span class='ocrx_word' id='word_1_219' title='bbox 914 1560 1070 1593; x_wconf 86' lang='lat' dir='ltr'>tanquam</span> 
     </span>
     <span class='ocr_line' id='line_1_32' title="bbox 94 1596 1071 1636; baseline -0.001 -8"><span class='ocrx_word' id='word_1_220' title='bbox 94 1597 200 1628; x_wconf 89' lang='lat' dir='ltr'>lucem</span> <span class='ocrx_word' id='word_1_221' title='bbox 231 1606 249 1627; x_wconf 87' lang='lat' dir='ltr'>a</span> <span class='ocrx_word' id='word_1_222' title='bbox 280 1597 432 1628; x_wconf 89' lang='lat' dir='ltr'>tenebris.</span> <span class='ocrx_word' id='word_1_223' title='bbox 477 1597 631 1628; x_wconf 76' lang='lat' dir='ltr'>Tenenda</span> <span class='ocrx_word' id='word_1_224' title='bbox 660 1603 709 1628; x_wconf 90' lang='lat' dir='ltr'>est</span> <span class='ocrx_word' id='word_1_225' title='bbox 730 1605 857 1636; x_wconf 91' lang='lat' dir='ltr'>quoque</span> <span class='ocrx_word' id='word_1_226' title='bbox 880 1596 972 1628; x_wconf 86' lang='lat' dir='ltr'>verbi</span> <span class='ocrx_word' id='word_1_227' title='bbox 997 1596 1071 1627; x_wconf 88' lang='lat' dir='ltr'>defi-</span> 
     </span>
     <span class='ocr_line' id='line_1_33' title="bbox 96 1639 1072 1681; baseline -0.001 -10"><span class='ocrx_word' id='word_1_228' title='bbox 96 1641 192 1671; x_wconf 84' lang='lat' dir='ltr'>nitio:</span> <span class='ocrx_word' id='word_1_229' title='bbox 217 1641 292 1680; x_wconf 85' lang='lat' dir='ltr'>quia</span> <span class='ocrx_word' id='word_1_230' title='bbox 314 1640 401 1680; x_wconf 85' lang='lat' dir='ltr'>pasci</span> <span class='ocrx_word' id='word_1_231' title='bbox 423 1651 504 1681; x_wconf 84' lang='lat' dir='ltr'>grex</span> <span class='ocrx_word' id='word_1_232' title='bbox 527 1639 650 1671; x_wconf 87' lang='lat' dir='ltr'>Christi</span> <span class='ocrx_word' id='word_1_233' title='bbox 673 1650 737 1670; x_wconf 92' lang='lat' dir='ltr'>non</span> <span class='ocrx_word' id='word_1_234' title='bbox 762 1645 877 1680; x_wconf 89' lang='lat' dir='ltr'>potest,</span> <span class='ocrx_word' id='word_1_235' title='bbox 905 1639 966 1671; x_wconf 89' lang='lat' dir='ltr'>nisi</span> <span class='ocrx_word' id='word_1_236' title='bbox 991 1649 1072 1679; x_wconf 89' lang='lat' dir='ltr'>pura</span> 
     </span>
     <span class='ocr_line' id='line_1_34' title="bbox 95 1682 1072 1723; baseline -0.002 -9"><span class='ocrx_word' id='word_1_237' title='bbox 95 1683 254 1721; x_wconf 86' lang='lat' dir='ltr'>doctrina,</span> <span class='ocrx_word' id='word_1_238' title='bbox 285 1693 366 1723; x_wconf 85' lang='lat' dir='ltr'>quae</span> <span class='ocrx_word' id='word_1_239' title='bbox 395 1684 462 1714; x_wconf 88' lang='lat' dir='ltr'>sola</span> <span class='ocrx_word' id='word_1_240' title='bbox 491 1682 658 1722; x_wconf 74' lang='lat' dir='ltr'>spirituale</span> <span class='ocrx_word' id='word_1_241' title='bbox 680 1688 728 1713; x_wconf 91' lang='lat' dir='ltr'>est</span> <span class='ocrx_word' id='word_1_242' title='bbox 752 1682 915 1722; x_wconf 86' lang='lat' dir='ltr'>pabulum.</span> <span class='ocrx_word' id='word_1_243' title='bbox 962 1682 1072 1721; x_wconf 79' lang='lat' dir='ltr'>Quare</span> 
     </span>
     <span class='ocr_line' id='line_1_35' title="bbox 95 1725 1072 1766; baseline 0 -10"><span class='ocrx_word' id='word_1_244' title='bbox 95 1731 239 1766; x_wconf 87' lang='lat' dir='ltr'>pastores</span> <span class='ocrx_word' id='word_1_245' title='bbox 269 1736 334 1756; x_wconf 90' lang='lat' dir='ltr'>non</span> <span class='ocrx_word' id='word_1_246' title='bbox 365 1731 442 1757; x_wconf 87' lang='lat' dir='ltr'>sunt</span> <span class='ocrx_word' id='word_1_247' title='bbox 472 1726 525 1757; x_wconf 88' lang='lat' dir='ltr'>vel</span> <span class='ocrx_word' id='word_1_248' title='bbox 555 1732 664 1756; x_wconf 90' lang='lat' dir='ltr'>mutae</span> <span class='ocrx_word' id='word_1_249' title='bbox 694 1726 814 1766; x_wconf 85' lang='lat' dir='ltr'>larvae,</span> <span class='ocrx_word' id='word_1_250' title='bbox 849 1725 901 1756; x_wconf 89' lang='lat' dir='ltr'>vel</span> <span class='ocrx_word' id='word_1_251' title='bbox 930 1726 984 1766; x_wconf 88' lang='lat' dir='ltr'>qui</span> <span class='ocrx_word' id='word_1_252' title='bbox 1012 1735 1072 1756; x_wconf 88' lang='lat' dir='ltr'>sua</span> 
     </span>
     <span class='ocr_line' id='line_1_36' title="bbox 96 1767 1072 1809; baseline -0.001 -10"><span class='ocrx_word' id='word_1_253' title='bbox 96 1769 264 1809; x_wconf 87' lang='lat' dir='ltr'>figmenta,</span> <span class='ocrx_word' id='word_1_254' title='bbox 294 1770 384 1808; x_wconf 89' lang='lat' dir='ltr'>quasi</span> <span class='ocrx_word' id='word_1_255' title='bbox 408 1767 574 1800; x_wconf 84' lang='lat' dir='ltr'>mortifera</span> <span class='ocrx_word' id='word_1_256' title='bbox 597 1778 731 1806; x_wconf 85' lang='lat' dir='ltr'>venena,</span> <span class='ocrx_word' id='word_1_257' title='bbox 755 1768 796 1799; x_wconf 88' lang='lat' dir='ltr'>ad</span> <span class='ocrx_word' id='word_1_258' title='bbox 819 1768 981 1800; x_wconf 84' lang='lat' dir='ltr'>necandas</span> <span class='ocrx_word' id='word_1_259' title='bbox 1005 1769 1072 1799; x_wconf 87' lang='lat' dir='ltr'>ani-</span> 
     </span>
     <span class='ocr_line' id='line_1_37' title="bbox 96 1811 1071 1852; baseline 0.002 -11"><span class='ocrx_word' id='word_1_260' title='bbox 96 1821 163 1842; x_wconf 86' lang='lat' dir='ltr'>mas</span> <span class='ocrx_word' id='word_1_261' title='bbox 201 1817 370 1852; x_wconf 86' lang='lat' dir='ltr'>spargunt.</span> <span class='ocrx_word' id='word_1_262' title='bbox 429 1811 595 1843; x_wconf 85' lang='lat' dir='ltr'>Particula</span> <span class='ocrx_word' id='word_1_263' title='bbox 634 1816 837 1851; x_wconf 87' lang='lat' dir='ltr'>quantum</span> <span class='ocrx_word' id='word_1_264' title='bbox 879 1812 918 1842; x_wconf 89' lang='lat' dir='ltr'>in</span> <span class='ocrx_word' id='word_1_265' title='bbox 956 1811 1071 1843; x_wconf 87' lang='lat' dir='ltr'>vobis</span> 
     </span>
     <span class='ocr_line' id='line_1_38' title="bbox 96 1853 1071 1893; baseline 0.001 -9"><span class='ocrx_word' id='word_1_266' title='bbox 96 1859 173 1891; x_wconf 87' lang='lat' dir='ltr'>est,</span> <span class='ocrx_word' id='word_1_267' title='bbox 201 1854 391 1885; x_wconf 85' lang='lat' dir='ltr'>tantundem</span> <span class='ocrx_word' id='word_1_268' title='bbox 419 1855 503 1885; x_wconf 87' lang='lat' dir='ltr'>valet</span> <span class='ocrx_word' id='word_1_269' title='bbox 525 1865 562 1886; x_wconf 81' lang='lat' dir='ltr'>ac</span> <span class='ocrx_word' id='word_1_270' title='bbox 585 1855 610 1886; x_wconf 89' lang='lat' dir='ltr'>si</span> <span class='ocrx_word' id='word_1_271' title='bbox 635 1854 780 1893; x_wconf 80' lang='lat' dir='ltr'>dixisset,</span> <span class='ocrx_word' id='word_1_272' title='bbox 813 1854 888 1885; x_wconf 88' lang='lat' dir='ltr'>Huc</span> <span class='ocrx_word' id='word_1_273' title='bbox 911 1853 1071 1885; x_wconf 84' lang='lat' dir='ltr'>intendite</span> 
     </span>
     <span class='ocr_line' id='line_1_39' title="bbox 99 1897 1072 1937; baseline 0 -10"><span class='ocrx_word' id='word_1_274' title='bbox 99 1906 211 1928; x_wconf 88' lang='lat' dir='ltr'>omnes</span> <span class='ocrx_word' id='word_1_275' title='bbox 243 1907 367 1933; x_wconf 83' lang='lat' dir='ltr'>nervos,</span> <span class='ocrx_word' id='word_1_276' title='bbox 402 1902 433 1928; x_wconf 90' lang='lat' dir='ltr'>et</span> <span class='ocrx_word' id='word_1_277' title='bbox 457 1897 613 1937; x_wconf 87' lang='lat' dir='ltr'>quidquid</span> <span class='ocrx_word' id='word_1_278' title='bbox 637 1897 796 1928; x_wconf 80' lang='lat' dir='ltr'>facultatis</span> <span class='ocrx_word' id='word_1_279' title='bbox 821 1898 913 1929; x_wconf 89' lang='lat' dir='ltr'>vobis</span> <span class='ocrx_word' id='word_1_280' title='bbox 935 1898 1072 1928; x_wconf 92' lang='lat' dir='ltr'>contulit</span> 
     </span>
     <span class='ocr_line' id='line_1_40' title="bbox 97 1939 1070 1980; baseline 0.001 -10"><span class='ocrx_word' id='word_1_281' title='bbox 97 1939 197 1976; x_wconf 83' lang='lat' dir='ltr'>Deus,</span> <span class='ocrx_word' id='word_1_282' title='bbox 232 1940 417 1980; x_wconf 85' lang='lat' dir='ltr'>impendite.</span> <span class='ocrx_word' id='word_1_283' title='bbox 464 1939 570 1971; x_wconf 89' lang='lat' dir='ltr'>Vetus</span> <span class='ocrx_word' id='word_1_284' title='bbox 592 1942 752 1980; x_wconf 86' lang='lat' dir='ltr'>interpres</span> <span class='ocrx_word' id='word_1_285' title='bbox 775 1940 973 1971; x_wconf 86' lang='lat' dir='ltr'>reddiderat:</span> <span class='ocrx_word' id='word_1_286' title='bbox 1006 1939 1070 1979; x_wconf 78' lang='lat' dir='ltr'>Qui</span> 
     </span>
     <span class='ocr_line' id='line_1_41' title="bbox 98 1982 1070 2023; baseline 0.002 -11"><span class='ocrx_word' id='word_1_287' title='bbox 98 1982 129 2012; x_wconf 91' lang='lat' dir='ltr'>in</span> <span class='ocrx_word' id='word_1_288' title='bbox 148 1982 239 2013; x_wconf 90' lang='lat' dir='ltr'>vobis</span> <span class='ocrx_word' id='word_1_289' title='bbox 255 1985 318 2014; x_wconf 87' lang='lat' dir='ltr'>est:</span> <span class='ocrx_word' id='word_1_290' title='bbox 342 1987 439 2023; x_wconf 81' lang='lat' dir='ltr'>atque</span> <span class='ocrx_word' id='word_1_291' title='bbox 456 1983 508 2014; x_wconf 89' lang='lat' dir='ltr'>hio</span> <span class='ocrx_word' id='word_1_292' title='bbox 527 1989 632 2023; x_wconf 87' lang='lat' dir='ltr'>potest</span> <span class='ocrx_word' id='word_1_293' title='bbox 653 1993 723 2014; x_wconf 89' lang='lat' dir='ltr'>esse</span> <span class='ocrx_word' id='word_1_294' title='bbox 746 1983 920 2014; x_wconf 86' lang='lat' dir='ltr'>verborum</span> <span class='ocrx_word' id='word_1_295' title='bbox 943 1993 1070 2014; x_wconf 86' lang='lat' dir='ltr'>sensus:</span> 
     </span>
     <span class='ocr_line' id='line_1_42' title="bbox 97 2026 1070 2066; baseline 0.002 -11"><span class='ocrx_word' id='word_1_296' title='bbox 97 2026 205 2056; x_wconf 88' lang='lat' dir='ltr'>verior</span> <span class='ocrx_word' id='word_1_297' title='bbox 239 2031 347 2056; x_wconf 88' lang='lat' dir='ltr'>tamen</span> <span class='ocrx_word' id='word_1_298' title='bbox 383 2031 433 2057; x_wconf 87' lang='lat' dir='ltr'>est</span> <span class='ocrx_word' id='word_1_299' title='bbox 463 2027 592 2058; x_wconf 88' lang='lat' dir='ltr'>Erasmi</span> <span class='ocrx_word' id='word_1_300' title='bbox 623 2027 861 2066; x_wconf 83' lang='lat' dir='ltr'>interpretatio,</span> <span class='ocrx_word' id='word_1_301' title='bbox 895 2037 990 2065; x_wconf 91' lang='lat' dir='ltr'>quam</span> <span class='ocrx_word' id='word_1_302' title='bbox 1022 2036 1070 2057; x_wconf 89' lang='lat' dir='ltr'>se—</span> 
     </span>
     <span class='ocr_line' id='line_1_43' title="bbox 96 2068 1072 2109; baseline 0.001 -11"><span class='ocrx_word' id='word_1_303' title='bbox 96 2073 217 2107; x_wconf 87' lang='lat' dir='ltr'>quutus</span> <span class='ocrx_word' id='word_1_304' title='bbox 239 2077 324 2099; x_wconf 90' lang='lat' dir='ltr'>sum:</span> <span class='ocrx_word' id='word_1_305' title='bbox 359 2073 390 2099; x_wconf 93' lang='lat' dir='ltr'>et</span> <span class='ocrx_word' id='word_1_306' title='bbox 413 2068 440 2099; x_wconf 91' lang='lat' dir='ltr'>si</span> <span class='ocrx_word' id='word_1_307' title='bbox 463 2069 598 2100; x_wconf 86' lang='lat' dir='ltr'>alteram</span> <span class='ocrx_word' id='word_1_308' title='bbox 622 2069 711 2099; x_wconf 90' lang='lat' dir='ltr'>illam</span> <span class='ocrx_word' id='word_1_309' title='bbox 737 2078 801 2100; x_wconf 92' lang='lat' dir='ltr'>non</span> <span class='ocrx_word' id='word_1_310' title='bbox 826 2068 945 2106; x_wconf 80' lang='lat' dir='ltr'>refello,</span> <span class='ocrx_word' id='word_1_311' title='bbox 970 2079 1072 2109; x_wconf 90' lang='lat' dir='ltr'>neque</span> 
     </span>
     <span class='ocr_line' id='line_1_44' title="bbox 97 2110 1072 2151; baseline 0 -10"><span class='ocrx_word' id='word_1_312' title='bbox 97 2110 254 2150; x_wconf 89' lang='lat' dir='ltr'>improbo.</span> <span class='ocrx_word' id='word_1_313' title='bbox 305 2110 478 2151; x_wconf 85' lang='lat' dir='ltr'>Gregem</span> <span class='ocrx_word' id='word_1_314' title='bbox 512 2112 595 2149; x_wconf 89' lang='lat' dir='ltr'>Dei,</span> <span class='ocrx_word' id='word_1_315' title='bbox 629 2123 670 2143; x_wconf 91' lang='lat' dir='ltr'>an</span> <span class='ocrx_word' id='word_1_316' title='bbox 704 2112 842 2150; x_wconf 91' lang='lat' dir='ltr'>Domini,</span> <span class='ocrx_word' id='word_1_317' title='bbox 877 2122 917 2142; x_wconf 89' lang='lat' dir='ltr'>an</span> <span class='ocrx_word' id='word_1_318' title='bbox 949 2112 1072 2143; x_wconf 82' lang='lat' dir='ltr'>Christi</span> 
     </span>
     <span class='ocr_line' id='line_1_45' title="bbox 98 2153 1071 2195; baseline 0.002 -12"><span class='ocrx_word' id='word_1_319' title='bbox 98 2153 196 2193; x_wconf 87' lang='lat' dir='ltr'>legas,</span> <span class='ocrx_word' id='word_1_320' title='bbox 232 2164 346 2193; x_wconf 82' lang='lat' dir='ltr'>parum</span> <span class='ocrx_word' id='word_1_321' title='bbox 378 2154 486 2185; x_wconf 86' lang='lat' dir='ltr'>refert.</span> <span class='ocrx_word' id='word_1_322' title='bbox 536 2155 618 2186; x_wconf 89' lang='lat' dir='ltr'>Nam</span> <span class='ocrx_word' id='word_1_323' title='bbox 650 2155 729 2186; x_wconf 86' lang='lat' dir='ltr'>haec</span> <span class='ocrx_word' id='word_1_324' title='bbox 760 2155 823 2185; x_wconf 90' lang='lat' dir='ltr'>tria</span> <span class='ocrx_word' id='word_1_325' title='bbox 855 2155 1010 2195; x_wconf 89' lang='lat' dir='ltr'>leguntur</span> <span class='ocrx_word' id='word_1_326' title='bbox 1038 2156 1071 2186; x_wconf 92' lang='lat' dir='ltr'>in</span> 
     </span>
     <span class='ocr_line' id='line_1_46' title="bbox 99 2195 429 2228; baseline 0.006 -2"><span class='ocrx_word' id='word_1_327' title='bbox 99 2196 236 2227; x_wconf 89' lang='lat' dir='ltr'>diversis</span> <span class='ocrx_word' id='word_1_328' title='bbox 258 2195 429 2228; x_wconf 81' lang='lat' dir='ltr'>codicibus.</span> 
     </span>
    </p>
   </div>
   <div class='ocr_carea' id='block_1_5' title="bbox 99 2251 1099 2342">
    <p class='ocr_par' dir='ltr' id='par_1_5' title="bbox 99 2251 1099 2342">
     <span class='ocr_line' id='line_1_47' title="bbox 184 2251 1099 2297; baseline 0.001 -10"><span class='ocrx_word' id='word_1_329' title='bbox 184 2255 377 2297; x_wconf 48' lang='lat' dir='ltr'>&amp;iis-copam</span> <span class='ocrx_word' id='word_1_330' title='bbox 390 2256 562 2297; x_wconf 74' lang='lat' dir='ltr'>funyentes.</span> <span class='ocrx_word' id='word_1_331' title='bbox 600 2257 758 2289; x_wconf 88' lang='lat' dir='ltr'>Erasmus</span> <span class='ocrx_word' id='word_1_332' title='bbox 776 2257 931 2289; x_wconf 87' lang='lat' dir='ltr'>reddidit:</span> <span class='ocrx_word' id='word_1_333' title='bbox 949 2257 1070 2289; x_wconf 86' lang='lat' dir='ltr'>Curam</span> <span class='ocrx_word' id='word_1_334' title='bbox 1098 2251 1099 2256; x_wconf 40' lang='lat'>¹</span> 
     </span>
     <span class='ocr_line' id='line_1_48' title="bbox 99 2299 1099 2342; baseline 0.002 -12"><span class='ocrx_word' id='word_1_335' title='bbox 99 2299 187 2331; x_wconf 88' lang='lat' dir='ltr'>illius</span> <span class='ocrx_word' id='word_1_336' title='bbox 219 2305 369 2340; x_wconf 83' lang='lat' dir='ltr'>agentes:</span> <span class='ocrx_word' id='word_1_337' title='bbox 404 2301 460 2331; x_wconf 86' lang='lat' dir='ltr'>sed</span> <span class='ocrx_word' id='word_1_338' title='bbox 490 2310 587 2339; x_wconf 91' lang='lat' dir='ltr'>quum</span> <span class='ocrx_word' id='word_1_339' title='bbox 611 2301 653 2331; x_wconf 88' lang='lat' dir='ltr'>sit</span> <span class='ocrx_word' id='word_1_340' title='bbox 675 2310 789 2342; x_wconf 83' lang='lat' dir='ltr'>graece</span> <span class='ocrx_word' id='word_1_341' title='bbox 811 2300 1070 2338; x_wconf 80' lang='grc' dir='ltr'>ἐπισκοποῦντες,</span> <span class='ocrx_word' id='word_1_342' title='bbox 1097 2322 1099 2328; x_wconf 31' lang='grc' dir='ltr'><strong>γ</strong></span> 
     </span>
    </p>
   </div>
   <div class='ocr_carea' id='block_1_6' title="bbox 99 2342 1071 2685">
    <p class='ocr_par' dir='ltr' id='par_1_6' title="bbox 99 2342 1071 2685">
     <span class='ocr_line' id='line_1_49' title="bbox 99 2342 1071 2384; baseline 0.003 -12"><span class='ocrx_word' id='word_1_343' title='bbox 99 2352 163 2373; x_wconf 89' lang='lat' dir='ltr'>non</span> <span class='ocrx_word' id='word_1_344' title='bbox 194 2342 305 2374; x_wconf 89' lang='lat' dir='ltr'>dubito</span> <span class='ocrx_word' id='word_1_345' title='bbox 334 2343 412 2382; x_wconf 90' lang='lat' dir='ltr'>quin</span> <span class='ocrx_word' id='word_1_346' title='bbox 437 2342 554 2374; x_wconf 89' lang='lat' dir='ltr'>Petrus</span> <span class='ocrx_word' id='word_1_347' title='bbox 577 2342 681 2382; x_wconf 89' lang='lat' dir='ltr'>ipsum</span> <span class='ocrx_word' id='word_1_348' title='bbox 705 2344 907 2384; x_wconf 80' lang='lat' dir='ltr'>episcopatus</span> <span class='ocrx_word' id='word_1_349' title='bbox 930 2344 1071 2375; x_wconf 84' lang='lat' dir='ltr'>officium</span> 
     </span>
     <span class='ocr_line' id='line_1_50' title="bbox 100 2385 1071 2427; baseline 0.003 -12"><span class='ocrx_word' id='word_1_350' title='bbox 100 2390 132 2415; x_wconf 90' lang='lat' dir='ltr'>et</span> <span class='ocrx_word' id='word_1_351' title='bbox 155 2395 271 2416; x_wconf 90' lang='lat' dir='ltr'>nomen</span> <span class='ocrx_word' id='word_1_352' title='bbox 296 2386 477 2425; x_wconf 82' lang='lat' dir='ltr'>exprimere</span> <span class='ocrx_word' id='word_1_353' title='bbox 507 2385 655 2417; x_wconf 86' lang='lat' dir='ltr'>voluerit.</span> <span class='ocrx_word' id='word_1_354' title='bbox 700 2386 819 2427; x_wconf 89' lang='lat' dir='ltr'>Colligi</span> <span class='ocrx_word' id='word_1_355' title='bbox 843 2387 942 2418; x_wconf 84' lang='lat' dir='ltr'>etiam</span> <span class='ocrx_word' id='word_1_356' title='bbox 966 2391 1071 2427; x_wconf 89' lang='lat' dir='ltr'>potest</span> 
     </span>
     <span class='ocr_line' id='line_1_51' title="bbox 100 2427 1070 2471; baseline 0.003 -13"><span class='ocrx_word' id='word_1_357' title='bbox 100 2437 140 2458; x_wconf 89' lang='lat' dir='ltr'>ex</span> <span class='ocrx_word' id='word_1_358' title='bbox 171 2427 242 2459; x_wconf 88' lang='lat' dir='ltr'>aliis</span> <span class='ocrx_word' id='word_1_359' title='bbox 272 2429 453 2468; x_wconf 87' lang='lat' dir='ltr'>scripturae</span> <span class='ocrx_word' id='word_1_360' title='bbox 477 2428 564 2466; x_wconf 87' lang='lat' dir='ltr'>locis,</span> <span class='ocrx_word' id='word_1_361' title='bbox 599 2427 677 2460; x_wconf 87' lang='lat' dir='ltr'>haec</span> <span class='ocrx_word' id='word_1_362' title='bbox 700 2429 761 2460; x_wconf 93' lang='lat' dir='ltr'>duo</span> <span class='ocrx_word' id='word_1_363' title='bbox 784 2440 853 2461; x_wconf 87' lang='lat' dir='ltr'>esse</span> <span class='ocrx_word' id='word_1_364' title='bbox 877 2440 1070 2471; x_wconf 86' lang='lat' dir='ltr'>synonyma,</span> 
     </span>
     <span class='ocr_line' id='line_1_52' title="bbox 100 2470 1071 2513; baseline 0.004 -13"><span class='ocrx_word' id='word_1_365' title='bbox 100 2470 284 2510; x_wconf 88' lang='lat' dir='ltr'>episcopum</span> <span class='ocrx_word' id='word_1_366' title='bbox 304 2476 336 2501; x_wconf 89' lang='lat' dir='ltr'>et</span> <span class='ocrx_word' id='word_1_367' title='bbox 361 2471 595 2512; x_wconf 86' lang='lat' dir='ltr'>presbyterum.</span> <span class='ocrx_word' id='word_1_368' title='bbox 626 2471 789 2513; x_wconf 85' lang='lat' dir='ltr'>Praecipit</span> <span class='ocrx_word' id='word_1_369' title='bbox 812 2482 889 2513; x_wconf 86' lang='lat' dir='ltr'>ergo</span> <span class='ocrx_word' id='word_1_370' title='bbox 913 2472 1071 2512; x_wconf 85' lang='lat' dir='ltr'>quomodo</span> 
     </span>
     <span class='ocr_line' id='line_1_53' title="bbox 101 2513 1070 2556; baseline 0.004 -13"><span class='ocrx_word' id='word_1_371' title='bbox 101 2523 219 2544; x_wconf 88' lang='lat' dir='ltr'>munus</span> <span class='ocrx_word' id='word_1_372' title='bbox 249 2513 409 2553; x_wconf 81' lang='lat' dir='ltr'>pastorale</span> <span class='ocrx_word' id='word_1_373' title='bbox 434 2518 520 2545; x_wconf 89' lang='lat' dir='ltr'>recte</span> <span class='ocrx_word' id='word_1_374' title='bbox 544 2520 724 2545; x_wconf 80' lang='lat' dir='ltr'>exerceant.</span> <span class='ocrx_word' id='word_1_375' title='bbox 769 2515 975 2556; x_wconf 77' lang='lat' dir='ltr'>Quamquam</span> <span class='ocrx_word' id='word_1_376' title='bbox 999 2525 1070 2546; x_wconf 86' lang='lat' dir='ltr'>ver-</span> 
     </span>
     <span class='ocr_line' id='line_1_54' title="bbox 102 2555 1071 2599; baseline 0.004 -13"><span class='ocrx_word' id='word_1_377' title='bbox 102 2555 176 2586; x_wconf 92' lang='lat' dir='ltr'>bum</span> <span class='ocrx_word' id='word_1_378' title='bbox 206 2555 388 2587; x_wconf 81' lang='grc' dir='ltr'>ἐπισκοπεῖν</span> <span class='ocrx_word' id='word_1_379' title='bbox 423 2556 502 2587; x_wconf 88' lang='lat' dir='ltr'>alias</span> <span class='ocrx_word' id='word_1_380' title='bbox 532 2556 728 2597; x_wconf 86' lang='lat' dir='ltr'>generaliter</span> <span class='ocrx_word' id='word_1_381' title='bbox 750 2559 910 2599; x_wconf 84' lang='lat' dir='ltr'>significat</span> <span class='ocrx_word' id='word_1_382' title='bbox 933 2568 1071 2598; x_wconf 83' lang='lat' dir='ltr'>praesse,</span> 
     </span>
     <span class='ocr_line' id='line_1_55' title="bbox 101 2598 1071 2639; baseline 0.002 -10"><span class='ocrx_word' id='word_1_383' title='bbox 101 2598 152 2629; x_wconf 90' lang='lat' dir='ltr'>vel</span> <span class='ocrx_word' id='word_1_384' title='bbox 176 2599 407 2639; x_wconf 82' lang='lat' dir='ltr'>inspectionem</span> <span class='ocrx_word' id='word_1_385' title='bbox 432 2599 562 2630; x_wconf 88' lang='lat' dir='ltr'>habere.</span> <span class='ocrx_word' id='word_1_386' title='bbox 606 2598 670 2631; x_wconf 88' lang='lat' dir='ltr'>Ubi</span> <span class='ocrx_word' id='word_1_387' title='bbox 693 2601 792 2639; x_wconf 89' lang='lat' dir='ltr'>posui,</span> <span class='ocrx_word' id='word_1_388' title='bbox 822 2612 898 2632; x_wconf 90' lang='lat' dir='ltr'>non</span> <span class='ocrx_word' id='word_1_389' title='bbox 920 2606 1071 2633; x_wconf 87' lang='lat' dir='ltr'>coacte:</span> 
     </span>
     <span class='ocr_line' id='line_1_56' title="bbox 99 2642 1071 2685; baseline 0.004 -13"><span class='ocrx_word' id='word_1_390' title='bbox 99 2642 139 2672; x_wconf 87' lang='lat' dir='ltr'>ad</span> <span class='ocrx_word' id='word_1_391' title='bbox 173 2642 306 2672; x_wconf 87' lang='lat' dir='ltr'>verbum</span> <span class='ocrx_word' id='word_1_392' title='bbox 336 2646 392 2680; x_wconf 87' lang='lat' dir='ltr'>est,</span> <span class='ocrx_word' id='word_1_393' title='bbox 427 2652 491 2673; x_wconf 89' lang='lat' dir='ltr'>non</span> <span class='ocrx_word' id='word_1_394' title='bbox 516 2642 711 2674; x_wconf 88' lang='lat' dir='ltr'>necessario:</span> <span class='ocrx_word' id='word_1_395' title='bbox 747 2643 822 2683; x_wconf 88' lang='lat' dir='ltr'>quia</span> <span class='ocrx_word' id='word_1_396' title='bbox 844 2644 920 2675; x_wconf 92' lang='lat' dir='ltr'>dum</span> <span class='ocrx_word' id='word_1_397' title='bbox 943 2644 1071 2685; x_wconf 86' lang='lat' dir='ltr'>agimus</span> 
     </span>
    </p>
   </div>
   <div class='ocr_carea' id='block_1_7' title="bbox 983 191 1196 224">
    <p class='ocr_par' dir='ltr' id='par_1_7' title="bbox 983 191 1196 224">
     <span class='ocr_line' id='line_1_57' title="bbox 983 191 1196 224; baseline -0.005 -1"><span class='ocrx_word' id='word_1_398' title='bbox 983 191 1132 224; x_wconf 81' lang='lat' dir='ltr'>CAPUT</span> <span class='ocrx_word' id='word_1_399' title='bbox 1159 191 1196 222; x_wconf 86' lang='lat' dir='ltr'>V.</span> 
     </span>
    </p>
   </div>
   <div class='ocr_carea' id='block_1_8' title="bbox 1096 2109 1101 2679">
    <p class='ocr_par' dir='ltr' id='par_1_8' title="bbox 1096 2109 1101 2679">
     <span class='ocr_line' id='line_1_58' title="bbox 1096 2109 1101 2679; baseline 0 0"><span class='ocrx_word' id='word_1_400' title='bbox 1096 2109 1101 2679; x_wconf 95' lang='lat' dir='ltr'> </span> 
     </span>
    </p>
   </div>
   <div class='ocr_carea' id='block_1_9' title="bbox 2033 192 2095 222">
    <p class='ocr_par' dir='ltr' id='par_1_9' title="bbox 2033 192 2095 222">
     <span class='ocr_line' id='line_1_59' title="bbox 2033 192 2095 222; baseline -0.016 0"><span class='ocrx_word' id='word_1_401' title='bbox 2033 192 2095 222; x_wconf 61' lang='lat'>286</span> 
     </span>
    </p>
   </div>
   <div class='ocr_carea' id='block_1_10' title="bbox 1121 286 2099 2681">
    <p class='ocr_par' dir='ltr' id='par_1_10' title="bbox 1122 286 2094 371">
     <span class='ocr_line' id='line_1_60' title="bbox 1123 286 2094 328; baseline 0.001 -11"><span class='ocrx_word' id='word_1_402' title='bbox 1123 286 1162 318; x_wconf 86' lang='lat' dir='ltr'>ad</span> <span class='ocrx_word' id='word_1_403' title='bbox 1193 287 1394 319; x_wconf 81' lang='lat' dir='ltr'>necessitatis</span> <span class='ocrx_word' id='word_1_404' title='bbox 1425 287 1668 328; x_wconf 81' lang='lat' dir='ltr'>praescriptum,</span> <span class='ocrx_word' id='word_1_405' title='bbox 1705 287 1789 318; x_wconf 91' lang='lat' dir='ltr'>lente</span> <span class='ocrx_word' id='word_1_406' title='bbox 1812 290 1845 318; x_wconf 87' lang='lat' dir='ltr'>et</span> <span class='ocrx_word' id='word_1_407' title='bbox 1868 287 1993 328; x_wconf 85' lang='lat' dir='ltr'>frigide,</span> <span class='ocrx_word' id='word_1_408' title='bbox 2029 293 2094 318; x_wconf 88' lang='lat' dir='ltr'>tan-</span> 
     </span>
     <span class='ocr_line' id='line_1_61' title="bbox 1122 329 1794 371; baseline 0 -11"><span class='ocrx_word' id='word_1_409' title='bbox 1122 339 1220 369; x_wconf 88' lang='lat' dir='ltr'>quam</span> <span class='ocrx_word' id='word_1_410' title='bbox 1244 331 1358 370; x_wconf 80' lang='lat' dir='ltr'>coacti,</span> <span class='ocrx_word' id='word_1_411' title='bbox 1382 331 1413 361; x_wconf 91' lang='lat' dir='ltr'>in</span> <span class='ocrx_word' id='word_1_412' title='bbox 1438 340 1534 371; x_wconf 90' lang='lat' dir='ltr'>opere</span> <span class='ocrx_word' id='word_1_413' title='bbox 1557 329 1794 370; x_wconf 89' lang='lat' dir='ltr'>progredimur.</span> 
     </span>
    </p>

    <p class='ocr_par' dir='ltr' id='par_1_11' title="bbox 1121 372 2098 1430">
     <span class='ocr_line' id='line_1_62' title="bbox 1207 372 2095 414; baseline 0.001 -11"><span class='ocrx_word' id='word_1_414' title='bbox 1207 372 1236 403; x_wconf 91' lang='lat'>3.</span> <span class='ocrx_word' id='word_1_415' title='bbox 1261 372 1447 404; x_wconf 77' lang='lat' dir='ltr'>Dominium</span> <span class='ocrx_word' id='word_1_416' title='bbox 1478 374 1656 405; x_wconf 76' lang='lat' dir='ltr'>exercentes.</span> <span class='ocrx_word' id='word_1_417' title='bbox 1707 372 1791 411; x_wconf 80' lang='lat' dir='ltr'>Quia</span> <span class='ocrx_word' id='word_1_418' title='bbox 1815 373 1951 405; x_wconf 85' lang='lat' dir='ltr'>Graecis</span> <span class='ocrx_word' id='word_1_419' title='bbox 1981 383 2095 414; x_wconf 89' lang='lat' dir='ltr'>propo-</span> 
     </span>
     <span class='ocr_line' id='line_1_63' title="bbox 1122 413 2095 455; baseline 0.003 -12"><span class='ocrx_word' id='word_1_420' title='bbox 1122 413 1194 445; x_wconf 88' lang='lat' dir='ltr'>sitio</span> <span class='ocrx_word' id='word_1_421' title='bbox 1216 416 1301 446; x_wconf 80' lang='grc' dir='ltr'><strong>κατὰ</strong></span> <span class='ocrx_word' id='word_1_422' title='bbox 1325 415 1392 446; x_wconf 81' lang='lat' dir='ltr'>fere</span> <span class='ocrx_word' id='word_1_423' title='bbox 1416 416 1446 446; x_wconf 90' lang='lat' dir='ltr'>in</span> <span class='ocrx_word' id='word_1_424' title='bbox 1472 416 1590 447; x_wconf 89' lang='lat' dir='ltr'>malam</span> <span class='ocrx_word' id='word_1_425' title='bbox 1614 419 1738 455; x_wconf 87' lang='lat' dir='ltr'>partem</span> <span class='ocrx_word' id='word_1_426' title='bbox 1761 416 1896 455; x_wconf 83' lang='lat' dir='ltr'>capitur,</span> <span class='ocrx_word' id='word_1_427' title='bbox 1927 420 2018 447; x_wconf 86' lang='lat' dir='ltr'>taxat</span> <span class='ocrx_word' id='word_1_428' title='bbox 2044 416 2095 447; x_wconf 85' lang='lat' dir='ltr'>hic</span> 
     </span>
     <span class='ocr_line' id='line_1_64' title="bbox 1123 456 2094 497; baseline 0.001 -10"><span class='ocrx_word' id='word_1_429' title='bbox 1123 456 1241 488; x_wconf 89' lang='lat' dir='ltr'>Petrus</span> <span class='ocrx_word' id='word_1_430' title='bbox 1259 463 1496 497; x_wconf 81' lang='lat' dir='ltr'>praeposteram</span> <span class='ocrx_word' id='word_1_431' title='bbox 1515 458 1785 489; x_wconf 85' lang='lat' dir='ltr'>dominationem:</span> <span class='ocrx_word' id='word_1_432' title='bbox 1804 458 1907 497; x_wconf 81' lang='lat' dir='ltr'>qualis</span> <span class='ocrx_word' id='word_1_433' title='bbox 1924 465 1973 490; x_wconf 85' lang='lat' dir='ltr'>est</span> <span class='ocrx_word' id='word_1_434' title='bbox 1984 469 2094 490; x_wconf 87' lang='lat' dir='ltr'>eorum</span> 
     </span>
     <span class='ocr_line' id='line_1_65' title="bbox 1122 499 2094 542; baseline 0.003 -13"><span class='ocrx_word' id='word_1_435' title='bbox 1122 499 1177 538; x_wconf 90' lang='lat' dir='ltr'>qui</span> <span class='ocrx_word' id='word_1_436' title='bbox 1202 509 1235 530; x_wconf 91' lang='lat' dir='ltr'>se</span> <span class='ocrx_word' id='word_1_437' title='bbox 1258 501 1425 532; x_wconf 89' lang='lat' dir='ltr'>ministros</span> <span class='ocrx_word' id='word_1_438' title='bbox 1448 511 1518 533; x_wconf 89' lang='lat' dir='ltr'>esse</span> <span class='ocrx_word' id='word_1_439' title='bbox 1538 500 1660 533; x_wconf 89' lang='lat' dir='ltr'>Christi</span> <span class='ocrx_word' id='word_1_440' title='bbox 1684 504 1717 531; x_wconf 91' lang='lat' dir='ltr'>et</span> <span class='ocrx_word' id='word_1_441' title='bbox 1740 500 1892 532; x_wconf 84' lang='lat' dir='ltr'>ecclesiae</span> <span class='ocrx_word' id='word_1_442' title='bbox 1917 511 1979 532; x_wconf 92' lang='lat' dir='ltr'>non</span> <span class='ocrx_word' id='word_1_443' title='bbox 2003 512 2094 542; x_wconf 89' lang='lat' dir='ltr'>repu-</span> 
     </span>
     <span class='ocr_line' id='line_1_66' title="bbox 1122 542 2096 584; baseline 0.003 -12"><span class='ocrx_word' id='word_1_444' title='bbox 1122 547 1237 579; x_wconf 79' lang='lat' dir='ltr'>tantes,</span> <span class='ocrx_word' id='word_1_445' title='bbox 1271 543 1341 581; x_wconf 90' lang='lat' dir='ltr'>plus</span> <span class='ocrx_word' id='word_1_446' title='bbox 1374 543 1492 583; x_wconf 85' lang='lat' dir='ltr'>aliquid</span> <span class='ocrx_word' id='word_1_447' title='bbox 1527 548 1693 584; x_wconf 88' lang='lat' dir='ltr'>appetunt.</span> <span class='ocrx_word' id='word_1_448' title='bbox 1738 542 1877 575; x_wconf 91' lang='lat' dir='ltr'>Cleros</span> <span class='ocrx_word' id='word_1_449' title='bbox 1911 549 2017 575; x_wconf 88' lang='lat' dir='ltr'>autem</span> <span class='ocrx_word' id='word_1_450' title='bbox 2043 555 2096 584; x_wconf 89' lang='lat' dir='ltr'>ap-</span> 
     </span>
     <span class='ocr_line' id='line_1_67' title="bbox 1121 583 2093 625; baseline 0.004 -11"><span class='ocrx_word' id='word_1_451' title='bbox 1121 583 1220 624; x_wconf 89' lang='lat' dir='ltr'>pellat</span> <span class='ocrx_word' id='word_1_452' title='bbox 1239 586 1448 624; x_wconf 89' lang='lat' dir='ltr'>particulares</span> <span class='ocrx_word' id='word_1_453' title='bbox 1472 586 1631 618; x_wconf 88' lang='lat' dir='ltr'>ecelesias.</span> <span class='ocrx_word' id='word_1_454' title='bbox 1672 586 1754 617; x_wconf 88' lang='lat' dir='ltr'>Nam</span> <span class='ocrx_word' id='word_1_455' title='bbox 1779 596 1877 625; x_wconf 88' lang='lat' dir='ltr'>quum</span> <span class='ocrx_word' id='word_1_456' title='bbox 1901 587 2093 618; x_wconf 88' lang='lat' dir='ltr'>universum</span> 
     </span>
     <span class='ocr_line' id='line_1_68' title="bbox 1121 627 2095 669; baseline 0.001 -11"><span class='ocrx_word' id='word_1_457' title='bbox 1121 627 1277 658; x_wconf 83' lang='lat' dir='ltr'>eeclesiae</span> <span class='ocrx_word' id='word_1_458' title='bbox 1307 638 1423 668; x_wconf 88' lang='lat' dir='ltr'>corpus</span> <span class='ocrx_word' id='word_1_459' title='bbox 1447 628 1630 660; x_wconf 89' lang='lat' dir='ltr'>haereditas</span> <span class='ocrx_word' id='word_1_460' title='bbox 1656 630 1698 660; x_wconf 90' lang='lat' dir='ltr'>sit</span> <span class='ocrx_word' id='word_1_461' title='bbox 1722 629 1870 660; x_wconf 87' lang='lat' dir='ltr'>Domini:</span> <span class='ocrx_word' id='word_1_462' title='bbox 1905 635 1941 659; x_wconf 86' lang='lat' dir='ltr'>ut</span> <span class='ocrx_word' id='word_1_463' title='bbox 1964 640 2020 669; x_wconf 88' lang='lat' dir='ltr'>per</span> <span class='ocrx_word' id='word_1_464' title='bbox 2043 640 2095 669; x_wconf 89' lang='lat' dir='ltr'>op-</span> 
     </span>
     <span class='ocr_line' id='line_1_69' title="bbox 1122 669 2094 710; baseline 0.003 -10"><span class='ocrx_word' id='word_1_465' title='bbox 1122 669 1197 710; x_wconf 88' lang='lat' dir='ltr'>pida</span> <span class='ocrx_word' id='word_1_466' title='bbox 1230 678 1262 700; x_wconf 84' lang='lat' dir='ltr'>et</span> <span class='ocrx_word' id='word_1_467' title='bbox 1296 680 1396 710; x_wconf 87' lang='lat' dir='ltr'>pagos</span> <span class='ocrx_word' id='word_1_468' title='bbox 1429 671 1621 703; x_wconf 88' lang='lat' dir='ltr'>distributae</span> <span class='ocrx_word' id='word_1_469' title='bbox 1655 676 1731 703; x_wconf 89' lang='lat' dir='ltr'>sunt</span> <span class='ocrx_word' id='word_1_470' title='bbox 1764 671 1926 707; x_wconf 79' lang='lat' dir='ltr'>ecclesiae.</span> <span class='ocrx_word' id='word_1_471' title='bbox 1961 672 2094 703; x_wconf 87' lang='lat' dir='ltr'>totidem</span> 
     </span>
     <span class='ocr_line' id='line_1_70' title="bbox 1121 712 2096 754; baseline 0.002 -11"><span class='ocrx_word' id='word_1_472' title='bbox 1121 717 1198 744; x_wconf 82' lang='lat' dir='ltr'>sunt</span> <span class='ocrx_word' id='word_1_473' title='bbox 1218 712 1319 744; x_wconf 87' lang='lat' dir='ltr'>veluti</span> <span class='ocrx_word' id='word_1_474' title='bbox 1344 714 1482 752; x_wconf 85' lang='lat' dir='ltr'>praedia,</span> <span class='ocrx_word' id='word_1_475' title='bbox 1507 724 1643 754; x_wconf 90' lang='lat' dir='ltr'>quorum</span> <span class='ocrx_word' id='word_1_476' title='bbox 1667 714 1826 746; x_wconf 82' lang='lat' dir='ltr'>culturam</span> <span class='ocrx_word' id='word_1_477' title='bbox 1851 714 1990 754; x_wconf 87' lang='lat' dir='ltr'>singulis</span> <span class='ocrx_word' id='word_1_478' title='bbox 2010 725 2096 754; x_wconf 89' lang='lat' dir='ltr'>pres-</span> 
     </span>
     <span class='ocr_line' id='line_1_71' title="bbox 1122 755 2096 797; baseline 0.001 -11"><span class='ocrx_word' id='word_1_479' title='bbox 1122 755 1245 796; x_wconf 87' lang='lat' dir='ltr'>byteris</span> <span class='ocrx_word' id='word_1_480' title='bbox 1279 755 1434 796; x_wconf 88' lang='lat' dir='ltr'>assignat.</span> <span class='ocrx_word' id='word_1_481' title='bbox 1480 756 1583 788; x_wconf 90' lang='lat' dir='ltr'>Nimis</span> <span class='ocrx_word' id='word_1_482' title='bbox 1615 757 1764 797; x_wconf 89' lang='lat' dir='ltr'>imperite</span> <span class='ocrx_word' id='word_1_483' title='bbox 1787 757 1916 797; x_wconf 86' lang='lat' dir='ltr'>quidam</span> <span class='ocrx_word' id='word_1_484' title='bbox 1943 757 1981 788; x_wconf 88' lang='lat' dir='ltr'>de</span> <span class='ocrx_word' id='word_1_485' title='bbox 2003 757 2096 789; x_wconf 86' lang='lat' dir='ltr'>cleri—</span> 
     </span>
     <span class='ocr_line' id='line_1_72' title="bbox 1121 797 2093 840; baseline 0.002 -11"><span class='ocrx_word' id='word_1_486' title='bbox 1121 798 1167 830; x_wconf 87' lang='lat' dir='ltr'>cis</span> <span class='ocrx_word' id='word_1_487' title='bbox 1204 797 1296 839; x_wconf 90' lang='lat' dir='ltr'>(quos</span> <span class='ocrx_word' id='word_1_488' title='bbox 1333 798 1463 839; x_wconf 85' lang='lat' dir='ltr'>vocant)</span> <span class='ocrx_word' id='word_1_489' title='bbox 1501 799 1560 829; x_wconf 92' lang='lat' dir='ltr'>hoc</span> <span class='ocrx_word' id='word_1_490' title='bbox 1594 799 1714 830; x_wconf 89' lang='lat' dir='ltr'>dietum</span> <span class='ocrx_word' id='word_1_491' title='bbox 1750 802 1875 840; x_wconf 85' lang='lat' dir='ltr'>putant.</span> <span class='ocrx_word' id='word_1_492' title='bbox 1933 799 2093 831; x_wconf 86' lang='lat' dir='ltr'>Vetustus</span> 
     </span>
     <span class='ocr_line' id='line_1_73' title="bbox 1121 840 2094 881; baseline 0.002 -10"><span class='ocrx_word' id='word_1_493' title='bbox 1121 840 1251 881; x_wconf 89' lang='lat' dir='ltr'>quidem</span> <span class='ocrx_word' id='word_1_494' title='bbox 1275 841 1334 872; x_wconf 83' lang='lat' dir='ltr'>fuit</span> <span class='ocrx_word' id='word_1_495' title='bbox 1359 840 1412 872; x_wconf 92' lang='lat' dir='ltr'>ille</span> <span class='ocrx_word' id='word_1_496' title='bbox 1436 841 1588 880; x_wconf 85' lang='lat' dir='ltr'>loquendi</span> <span class='ocrx_word' id='word_1_497' title='bbox 1612 842 1736 879; x_wconf 79' lang='lat' dir='ltr'>modus.</span> <span class='ocrx_word' id='word_1_498' title='bbox 1761 848 1797 873; x_wconf 93' lang='lat' dir='ltr'>ut</span> <span class='ocrx_word' id='word_1_499' title='bbox 1821 847 1924 873; x_wconf 91' lang='lat' dir='ltr'>totum</span> <span class='ocrx_word' id='word_1_500' title='bbox 1948 843 2094 874; x_wconf 87' lang='lat' dir='ltr'>ordinem</span> 
     </span>
     <span class='ocr_line' id='line_1_74' title="bbox 1121 883 2096 926; baseline 0.003 -12"><span class='ocrx_word' id='word_1_501' title='bbox 1121 884 1356 921; x_wconf 84' lang='lat' dir='ltr'>ministrorum,</span> <span class='ocrx_word' id='word_1_502' title='bbox 1380 883 1501 915; x_wconf 90' lang='lat' dir='ltr'>elerum</span> <span class='ocrx_word' id='word_1_503' title='bbox 1527 890 1694 915; x_wconf 86' lang='lat' dir='ltr'>vocarent:</span> <span class='ocrx_word' id='word_1_504' title='bbox 1724 885 1779 915; x_wconf 88' lang='lat' dir='ltr'>sed</span> <span class='ocrx_word' id='word_1_505' title='bbox 1804 886 1927 916; x_wconf 88' lang='lat' dir='ltr'>utinam</span> <span class='ocrx_word' id='word_1_506' title='bbox 1951 886 2096 926; x_wconf 86' lang='lat' dir='ltr'>patribus</span> 
     </span>
     <span class='ocr_line' id='line_1_75' title="bbox 1123 926 2095 969; baseline 0.002 -12"><span class='ocrx_word' id='word_1_507' title='bbox 1123 937 1288 966; x_wconf 89' lang='lat' dir='ltr'>nunquam</span> <span class='ocrx_word' id='word_1_508' title='bbox 1322 927 1462 958; x_wconf 86' lang='lat' dir='ltr'>venisset</span> <span class='ocrx_word' id='word_1_509' title='bbox 1486 926 1519 956; x_wconf 92' lang='lat' dir='ltr'>in</span> <span class='ocrx_word' id='word_1_510' title='bbox 1545 932 1684 957; x_wconf 85' lang='lat' dir='ltr'>mentem</span> <span class='ocrx_word' id='word_1_511' title='bbox 1709 928 1753 958; x_wconf 86' lang='lat' dir='ltr'>ita</span> <span class='ocrx_word' id='word_1_512' title='bbox 1776 928 1876 968; x_wconf 90' lang='lat' dir='ltr'>loqui:</span> <span class='ocrx_word' id='word_1_513' title='bbox 1914 929 1989 968; x_wconf 89' lang='lat' dir='ltr'>quia</span> <span class='ocrx_word' id='word_1_514' title='bbox 2012 929 2095 969; x_wconf 88' lang='lat' dir='ltr'>quod</span> 
     </span>
     <span class='ocr_line' id='line_1_76' title="bbox 1123 969 2096 1009; baseline 0.002 -9"><span class='ocrx_word' id='word_1_515' title='bbox 1123 970 1180 1000; x_wconf 90' lang='lat' dir='ltr'>toti</span> <span class='ocrx_word' id='word_1_516' title='bbox 1212 970 1365 1000; x_wconf 88' lang='lat' dir='ltr'>ecelesiae</span> <span class='ocrx_word' id='word_1_517' title='bbox 1388 969 1547 1009; x_wconf 86' lang='lat' dir='ltr'>scriptura</span> <span class='ocrx_word' id='word_1_518' title='bbox 1570 970 1782 1000; x_wconf 88' lang='lat' dir='ltr'>communiter</span> <span class='ocrx_word' id='word_1_519' title='bbox 1806 971 1927 1009; x_wconf 88' lang='lat' dir='ltr'>tribuit,</span> <span class='ocrx_word' id='word_1_520' title='bbox 1963 971 2096 1002; x_wconf 85' lang='lat' dir='ltr'>minime</span> 
     </span>
     <span class='ocr_line' id='line_1_77' title="bbox 1122 1011 2094 1054; baseline 0.001 -11"><span class='ocrx_word' id='word_1_521' title='bbox 1122 1017 1379 1044; x_wconf 83' lang='lat' dir='ltr'>consentaneum</span> <span class='ocrx_word' id='word_1_522' title='bbox 1415 1012 1474 1043; x_wconf 80' lang='lat' dir='ltr'>fuit</span> <span class='ocrx_word' id='word_1_523' title='bbox 1506 1012 1544 1043; x_wconf 89' lang='lat' dir='ltr'>ad</span> <span class='ocrx_word' id='word_1_524' title='bbox 1577 1021 1694 1051; x_wconf 88' lang='lat' dir='ltr'>paucos</span> <span class='ocrx_word' id='word_1_525' title='bbox 1718 1011 1866 1044; x_wconf 89' lang='lat' dir='ltr'>homines</span> <span class='ocrx_word' id='word_1_526' title='bbox 1889 1015 2094 1054; x_wconf 86' lang='lat' dir='ltr'>restringere.</span> 
     </span>
     <span class='ocr_line' id='line_1_78' title="bbox 1122 1054 2097 1095; baseline 0.002 -9"><span class='ocrx_word' id='word_1_527' title='bbox 1122 1054 1165 1086; x_wconf 90' lang='lat' dir='ltr'>Et</span> <span class='ocrx_word' id='word_1_528' title='bbox 1191 1055 1241 1086; x_wconf 77' lang='lat' dir='ltr'>liic</span> <span class='ocrx_word' id='word_1_529' title='bbox 1269 1055 1412 1094; x_wconf 77' lang='lat' dir='ltr'>loquendi</span> <span class='ocrx_word' id='word_1_530' title='bbox 1434 1055 1543 1086; x_wconf 77' lang='lat' dir='ltr'>modus</span> <span class='ocrx_word' id='word_1_531' title='bbox 1566 1054 1758 1085; x_wconf 76' lang='lat' dir='ltr'>adulterinus</span> <span class='ocrx_word' id='word_1_532' title='bbox 1780 1055 1851 1095; x_wconf 78' lang='lat' dir='ltr'>fuit,</span> <span class='ocrx_word' id='word_1_533' title='bbox 1879 1056 1925 1087; x_wconf 76' lang='lat' dir='ltr'>vel</span> <span class='ocrx_word' id='word_1_534' title='bbox 1946 1056 2055 1088; x_wconf 79' lang='lat' dir='ltr'>saltem</span> <span class='ocrx_word' id='word_1_535' title='bbox 2077 1067 2097 1088; x_wconf 87' lang='grc' dir='ltr'><em>α</em></span> 
     </span>
     <span class='ocr_line' id='line_1_79' title="bbox 1121 1097 2098 1138; baseline 0.001 -9"><span class='ocrx_word' id='word_1_536' title='bbox 1121 1101 1199 1130; x_wconf 82' lang='lat' dir='ltr'>recto</span> <span class='ocrx_word' id='word_1_537' title='bbox 1237 1098 1444 1138; x_wconf 71' lang='lat' dir='ltr'>apostolorum</span> <span class='ocrx_word' id='word_1_538' title='bbox 1483 1107 1544 1129; x_wconf 79' lang='lat' dir='ltr'>usu</span> <span class='ocrx_word' id='word_1_539' title='bbox 1583 1097 1719 1138; x_wconf 72' lang='lat' dir='ltr'>deyener.</span> <span class='ocrx_word' id='word_1_540' title='bbox 1780 1098 1976 1130; x_wconf 85' lang='lat' dir='ltr'>Nominatim</span> <span class='ocrx_word' id='word_1_541' title='bbox 2020 1109 2098 1130; x_wconf 87' lang='lat' dir='ltr'>vero</span> 
     </span>
     <span class='ocr_line' id='line_1_80' title="bbox 1122 1140 2097 1180; baseline 0.001 -8"><span class='ocrx_word' id='word_1_542' title='bbox 1122 1141 1241 1172; x_wconf 87' lang='lat' dir='ltr'>Petrus</span> <span class='ocrx_word' id='word_1_543' title='bbox 1271 1140 1421 1172; x_wconf 88' lang='lat' dir='ltr'>eeclesias</span> <span class='ocrx_word' id='word_1_544' title='bbox 1449 1140 1509 1171; x_wconf 89' lang='lat' dir='ltr'>hoc</span> <span class='ocrx_word' id='word_1_545' title='bbox 1533 1140 1628 1171; x_wconf 90' lang='lat' dir='ltr'>titulo</span> <span class='ocrx_word' id='word_1_546' title='bbox 1653 1141 1865 1180; x_wconf 88' lang='lat' dir='ltr'>commendat,</span> <span class='ocrx_word' id='word_1_547' title='bbox 1900 1147 1936 1172; x_wconf 90' lang='lat' dir='ltr'>ut</span> <span class='ocrx_word' id='word_1_548' title='bbox 1958 1142 2097 1173; x_wconf 89' lang='lat' dir='ltr'>sciamus</span> 
     </span>
     <span class='ocr_line' id='line_1_81' title="bbox 1124 1183 2096 1224; baseline 0.001 -10"><span class='ocrx_word' id='word_1_549' title='bbox 1124 1184 1264 1215; x_wconf 91' lang='lat' dir='ltr'>Domino</span> <span class='ocrx_word' id='word_1_550' title='bbox 1299 1183 1379 1224; x_wconf 90' lang='lat' dir='ltr'>eripi</span> <span class='ocrx_word' id='word_1_551' title='bbox 1417 1183 1573 1224; x_wconf 87' lang='lat' dir='ltr'>quidquid</span> <span class='ocrx_word' id='word_1_552' title='bbox 1611 1183 1651 1213; x_wconf 89' lang='lat' dir='ltr'>ad</span> <span class='ocrx_word' id='word_1_553' title='bbox 1689 1193 1723 1213; x_wconf 89' lang='lat' dir='ltr'>se</span> <span class='ocrx_word' id='word_1_554' title='bbox 1762 1183 1909 1214; x_wconf 89' lang='lat' dir='ltr'>homines</span> <span class='ocrx_word' id='word_1_555' title='bbox 1944 1185 2096 1216; x_wconf 84' lang='lat' dir='ltr'>trahunt:</span> 
     </span>
     <span class='ocr_line' id='line_1_82' title="bbox 1121 1225 2098 1267; baseline 0 -9"><span class='ocrx_word' id='word_1_556' title='bbox 1121 1227 1213 1258; x_wconf 80' lang='lat' dir='ltr'>sicuti</span> <span class='ocrx_word' id='word_1_557' title='bbox 1246 1225 1353 1257; x_wconf 77' lang='lat' dir='ltr'>multis</span> <span class='ocrx_word' id='word_1_558' title='bbox 1383 1226 1457 1258; x_wconf 80' lang='lat' dir='ltr'>loeis</span> <span class='ocrx_word' id='word_1_559' title='bbox 1481 1225 1643 1265; x_wconf 72' lang='lat' dir='ltr'>peculium</span> <span class='ocrx_word' id='word_1_560' title='bbox 1671 1235 1764 1257; x_wconf 79' lang='lat' dir='ltr'>suum</span> <span class='ocrx_word' id='word_1_561' title='bbox 1791 1228 1818 1257; x_wconf 86' lang='lat' dir='ltr'>et</span> <span class='ocrx_word' id='word_1_562' title='bbox 1847 1227 1967 1267; x_wconf 71' lang='lat' dir='ltr'>viiyam</span> <span class='ocrx_word' id='word_1_563' title='bbox 1996 1227 2098 1259; x_wconf 76' lang='lat' dir='ltr'>haere-</span> 
     </span>
     <span class='ocr_line' id='line_1_83' title="bbox 1121 1269 2095 1309; baseline 0.001 -9"><span class='ocrx_word' id='word_1_564' title='bbox 1121 1269 1231 1301; x_wconf 84' lang='lat' dir='ltr'>ditatis</span> <span class='ocrx_word' id='word_1_565' title='bbox 1257 1279 1333 1300; x_wconf 80' lang='lat' dir='ltr'>suae</span> <span class='ocrx_word' id='word_1_566' title='bbox 1361 1269 1517 1301; x_wconf 80' lang='lat' dir='ltr'>eeclesiam</span> <span class='ocrx_word' id='word_1_567' title='bbox 1547 1269 1700 1307; x_wconf 73' lang='lat' dir='ltr'>nominat,</span> <span class='ocrx_word' id='word_1_568' title='bbox 1735 1269 1809 1300; x_wconf 75' lang='lat' dir='ltr'>dum</span> <span class='ocrx_word' id='word_1_569' title='bbox 1847 1270 2002 1309; x_wconf 71' lang='lat' dir='ltr'>inteyrum</span> <span class='ocrx_word' id='word_1_570' title='bbox 2032 1270 2095 1302; x_wconf 78' lang='lat' dir='ltr'>sibi</span> 
     </span>
     <span class='ocr_line' id='line_1_84' title="bbox 1122 1311 2098 1352; baseline -0.001 -8"><span class='ocrx_word' id='word_1_571' title='bbox 1122 1312 1293 1344; x_wconf 76' lang='lat' dir='ltr'>dominium</span> <span class='ocrx_word' id='word_1_572' title='bbox 1316 1312 1380 1343; x_wconf 76' lang='lat' dir='ltr'>vult</span> <span class='ocrx_word' id='word_1_573' title='bbox 1401 1322 1550 1343; x_wconf 77' lang='lat' dir='ltr'>asserere.</span> <span class='ocrx_word' id='word_1_574' title='bbox 1582 1311 1696 1351; x_wconf 86' lang='lat' dir='ltr'>Neque</span> <span class='ocrx_word' id='word_1_575' title='bbox 1720 1312 1806 1342; x_wconf 89' lang='lat' dir='ltr'>enim</span> <span class='ocrx_word' id='word_1_576' title='bbox 1832 1322 1969 1352; x_wconf 85' lang='lat' dir='ltr'>regnum</span> <span class='ocrx_word' id='word_1_577' title='bbox 1988 1316 2098 1352; x_wconf 86' lang='lat' dir='ltr'>pasto-</span> 
     </span>
     <span class='ocr_line' id='line_1_85' title="bbox 1123 1353 2098 1394; baseline 0 -8"><span class='ocrx_word' id='word_1_578' title='bbox 1123 1356 1211 1387; x_wconf 90' lang='lat' dir='ltr'>ribus</span> <span class='ocrx_word' id='word_1_579' title='bbox 1242 1355 1350 1393; x_wconf 87' lang='lat' dir='ltr'>tradit,</span> <span class='ocrx_word' id='word_1_580' title='bbox 1385 1355 1440 1386; x_wconf 87' lang='lat' dir='ltr'>sed</span> <span class='ocrx_word' id='word_1_581' title='bbox 1471 1365 1581 1386; x_wconf 85' lang='lat' dir='ltr'>curam</span> <span class='ocrx_word' id='word_1_582' title='bbox 1613 1355 1754 1394; x_wconf 88' lang='lat' dir='ltr'>iniungit</span> <span class='ocrx_word' id='word_1_583' title='bbox 1785 1353 1955 1393; x_wconf 82' lang='lat' dir='ltr'>duntaxat,</span> <span class='ocrx_word' id='word_1_584' title='bbox 1990 1360 2025 1386; x_wconf 92' lang='lat' dir='ltr'>ut</span> <span class='ocrx_word' id='word_1_585' title='bbox 2048 1355 2098 1386; x_wconf 87' lang='lat' dir='ltr'>ius</span> 
     </span>
     <span class='ocr_line' id='line_1_86' title="bbox 1122 1397 1747 1430; baseline -0.002 -1"><span class='ocrx_word' id='word_1_586' title='bbox 1122 1398 1171 1430; x_wconf 93' lang='lat' dir='ltr'>illi</span> <span class='ocrx_word' id='word_1_587' title='bbox 1193 1408 1288 1429; x_wconf 91' lang='lat' dir='ltr'>suum</span> <span class='ocrx_word' id='word_1_588' title='bbox 1312 1398 1436 1429; x_wconf 84' lang='lat' dir='ltr'>interea</span> <span class='ocrx_word' id='word_1_589' title='bbox 1460 1397 1587 1429; x_wconf 84' lang='lat' dir='ltr'>salvum</span> <span class='ocrx_word' id='word_1_590' title='bbox 1610 1402 1747 1428; x_wconf 86' lang='lat' dir='ltr'>maneat.</span> 
     </span>
    </p>

    <p class='ocr_par' dir='ltr' id='par_1_12' title="bbox 1124 1440 2099 2535">
     <span class='ocr_line' id='line_1_87' title="bbox 1209 1440 2098 1481; baseline -0.001 -9"><span class='ocrx_word' id='word_1_591' title='bbox 1209 1442 1237 1472; x_wconf 90' lang='lat'>4.</span> <span class='ocrx_word' id='word_1_592' title='bbox 1264 1441 1366 1480; x_wconf 78' lang='lat' dir='ltr'>Quum</span> <span class='ocrx_word' id='word_1_593' title='bbox 1389 1440 1585 1481; x_wconf 75' lang='lat' dir='ltr'>apparuerit.</span> <span class='ocrx_word' id='word_1_594' title='bbox 1631 1440 1702 1471; x_wconf 91' lang='lat' dir='ltr'>Nisi</span> <span class='ocrx_word' id='word_1_595' title='bbox 1736 1441 1770 1471; x_wconf 92' lang='lat' dir='ltr'>in</span> <span class='ocrx_word' id='word_1_596' title='bbox 1805 1440 1892 1472; x_wconf 91' lang='lat' dir='ltr'>hunc</span> <span class='ocrx_word' id='word_1_597' title='bbox 1925 1441 2024 1472; x_wconf 88' lang='lat' dir='ltr'>finem</span> <span class='ocrx_word' id='word_1_598' title='bbox 2051 1441 2098 1471; x_wconf 87' lang='lat' dir='ltr'>in—</span> 
     </span>
     <span class='ocr_line' id='line_1_88' title="bbox 1124 1483 2097 1524; baseline -0.001 -9"><span class='ocrx_word' id='word_1_599' title='bbox 1124 1486 1204 1516; x_wconf 86' lang='lat' dir='ltr'>tenti</span> <span class='ocrx_word' id='word_1_600' title='bbox 1236 1485 1301 1515; x_wconf 82' lang='lat' dir='ltr'>sint</span> <span class='ocrx_word' id='word_1_601' title='bbox 1325 1488 1478 1524; x_wconf 84' lang='lat' dir='ltr'>pastores,</span> <span class='ocrx_word' id='word_1_602' title='bbox 1511 1483 1580 1514; x_wconf 89' lang='lat' dir='ltr'>fieri</span> <span class='ocrx_word' id='word_1_603' title='bbox 1604 1483 1693 1514; x_wconf 91' lang='lat' dir='ltr'>nullo</span> <span class='ocrx_word' id='word_1_604' title='bbox 1716 1483 1810 1514; x_wconf 92' lang='lat' dir='ltr'>modo</span> <span class='ocrx_word' id='word_1_605' title='bbox 1834 1488 1939 1523; x_wconf 90' lang='lat' dir='ltr'>potest</span> <span class='ocrx_word' id='word_1_606' title='bbox 1962 1488 1995 1514; x_wconf 89' lang='lat' dir='ltr'>ut</span> <span class='ocrx_word' id='word_1_607' title='bbox 2018 1494 2097 1524; x_wconf 88' lang='lat' dir='ltr'>gna-</span> 
     </span>
     <span class='ocr_line' id='line_1_89' title="bbox 1124 1526 2098 1567; baseline 0 -9"><span class='ocrx_word' id='word_1_608' title='bbox 1124 1528 1209 1558; x_wconf 85' lang='lat' dir='ltr'>viter</span> <span class='ocrx_word' id='word_1_609' title='bbox 1233 1528 1265 1558; x_wconf 94' lang='lat' dir='ltr'>in</span> <span class='ocrx_word' id='word_1_610' title='bbox 1289 1537 1386 1558; x_wconf 86' lang='lat' dir='ltr'>cursu</span> <span class='ocrx_word' id='word_1_611' title='bbox 1410 1526 1587 1558; x_wconf 87' lang='lat' dir='ltr'>vocationis</span> <span class='ocrx_word' id='word_1_612' title='bbox 1611 1536 1688 1557; x_wconf 84' lang='lat' dir='ltr'>suae</span> <span class='ocrx_word' id='word_1_613' title='bbox 1711 1531 1864 1567; x_wconf 89' lang='lat' dir='ltr'>pergant:</span> <span class='ocrx_word' id='word_1_614' title='bbox 1892 1526 1968 1567; x_wconf 87' lang='lat' dir='ltr'>quin</span> <span class='ocrx_word' id='word_1_615' title='bbox 1993 1527 2098 1567; x_wconf 87' lang='lat' dir='ltr'>potius</span> 
     </span>
     <span class='ocr_line' id='line_1_90' title="bbox 1124 1569 2098 1602; baseline -0.001 -1"><span class='ocrx_word' id='word_1_616' title='bbox 1124 1570 1259 1602; x_wconf 89' lang='lat' dir='ltr'>subinde</span> <span class='ocrx_word' id='word_1_617' title='bbox 1284 1570 1466 1601; x_wconf 87' lang='lat' dir='ltr'>deficerent.</span> <span class='ocrx_word' id='word_1_618' title='bbox 1504 1569 1588 1600; x_wconf 90' lang='lat' dir='ltr'>Nam</span> <span class='ocrx_word' id='word_1_619' title='bbox 1612 1569 1784 1600; x_wconf 89' lang='lat' dir='ltr'>innumera</span> <span class='ocrx_word' id='word_1_620' title='bbox 1807 1574 1882 1600; x_wconf 89' lang='lat' dir='ltr'>sunt</span> <span class='ocrx_word' id='word_1_621' title='bbox 1905 1569 2098 1600; x_wconf 88' lang='lat' dir='ltr'>offendicula</span> 
     </span>
     <span class='ocr_line' id='line_1_91' title="bbox 1124 1612 2098 1653; baseline -0.001 -9"><span class='ocrx_word' id='word_1_622' title='bbox 1124 1623 1206 1653; x_wconf 88' lang='lat' dir='ltr'>quae</span> <span class='ocrx_word' id='word_1_623' title='bbox 1240 1613 1427 1644; x_wconf 79' lang='lat' dir='ltr'>exanimare</span> <span class='ocrx_word' id='word_1_624' title='bbox 1466 1617 1599 1653; x_wconf 86' lang='lat' dir='ltr'>possent</span> <span class='ocrx_word' id='word_1_625' title='bbox 1638 1612 1737 1643; x_wconf 91' lang='lat' dir='ltr'>etiam</span> <span class='ocrx_word' id='word_1_626' title='bbox 1778 1612 1901 1652; x_wconf 89' lang='lat' dir='ltr'>optime</span> <span class='ocrx_word' id='word_1_627' title='bbox 1942 1612 2098 1644; x_wconf 84' lang='lat' dir='ltr'>cordatos.</span> 
     </span>
     <span class='ocr_line' id='line_1_92' title="bbox 1126 1655 2098 1696; baseline -0.001 -9"><span class='ocrx_word' id='word_1_628' title='bbox 1126 1656 1231 1696; x_wconf 85' lang='lat' dir='ltr'>Saepe</span> <span class='ocrx_word' id='word_1_629' title='bbox 1269 1665 1342 1686; x_wconf 90' lang='lat' dir='ltr'>cum</span> <span class='ocrx_word' id='word_1_630' title='bbox 1380 1655 1518 1696; x_wconf 87' lang='lat' dir='ltr'>ingratis</span> <span class='ocrx_word' id='word_1_631' title='bbox 1556 1655 1743 1686; x_wconf 90' lang='lat' dir='ltr'>hominibus</span> <span class='ocrx_word' id='word_1_632' title='bbox 1782 1655 1948 1695; x_wconf 89' lang='lat' dir='ltr'>negotium</span> <span class='ocrx_word' id='word_1_633' title='bbox 1983 1661 2041 1696; x_wconf 87' lang='lat' dir='ltr'>est,</span> <span class='ocrx_word' id='word_1_634' title='bbox 2080 1667 2098 1685; x_wconf 88' lang='lat' dir='ltr'>a</span> 
     </span>
     <span class='ocr_line' id='line_1_93' title="bbox 1125 1697 2098 1739; baseline -0.001 -9"><span class='ocrx_word' id='word_1_635' title='bbox 1125 1699 1240 1739; x_wconf 89' lang='lat' dir='ltr'>quibus</span> <span class='ocrx_word' id='word_1_636' title='bbox 1257 1699 1445 1739; x_wconf 89' lang='lat' dir='ltr'>rependitur</span> <span class='ocrx_word' id='word_1_637' title='bbox 1462 1697 1596 1738; x_wconf 82' lang='lat' dir='ltr'>indigna</span> <span class='ocrx_word' id='word_1_638' title='bbox 1619 1706 1760 1729; x_wconf 87' lang='lat' dir='ltr'>merces:</span> <span class='ocrx_word' id='word_1_639' title='bbox 1784 1698 1871 1738; x_wconf 89' lang='lat' dir='ltr'>longi</span> <span class='ocrx_word' id='word_1_640' title='bbox 1895 1703 1928 1729; x_wconf 91' lang='lat' dir='ltr'>et</span> <span class='ocrx_word' id='word_1_641' title='bbox 1950 1698 2098 1729; x_wconf 90' lang='lat' dir='ltr'>immensi</span> 
     </span>
     <span class='ocr_line' id='line_1_94' title="bbox 1124 1740 2099 1781; baseline -0.002 -8"><span class='ocrx_word' id='word_1_642' title='bbox 1124 1742 1250 1773; x_wconf 84' lang='lat' dir='ltr'>labores</span> <span class='ocrx_word' id='word_1_643' title='bbox 1272 1752 1366 1781; x_wconf 89' lang='lat' dir='ltr'>saepe</span> <span class='ocrx_word' id='word_1_644' title='bbox 1390 1741 1489 1772; x_wconf 86' lang='lat' dir='ltr'>irriti:</span> <span class='ocrx_word' id='word_1_645' title='bbox 1526 1740 1629 1772; x_wconf 79' lang='lat' dir='ltr'>Satan</span> <span class='ocrx_word' id='word_1_646' title='bbox 1659 1741 1822 1781; x_wconf 86' lang='lat' dir='ltr'>perversis</span> <span class='ocrx_word' id='word_1_647' title='bbox 1846 1741 1912 1771; x_wconf 88' lang='lat' dir='ltr'>suis</span> <span class='ocrx_word' id='word_1_648' title='bbox 1935 1741 2099 1772; x_wconf 87' lang='lat' dir='ltr'>machina-</span> 
     </span>
     <span class='ocr_line' id='line_1_95' title="bbox 1124 1783 2098 1824; baseline -0.002 -8"><span class='ocrx_word' id='word_1_649' title='bbox 1124 1785 1267 1816; x_wconf 87' lang='lat' dir='ltr'>tionibus</span> <span class='ocrx_word' id='word_1_650' title='bbox 1288 1784 1451 1816; x_wconf 76' lang='lat' dir='ltr'>interdum</span> <span class='ocrx_word' id='word_1_651' title='bbox 1475 1783 1658 1824; x_wconf 87' lang='lat' dir='ltr'>praevalet:</span> <span class='ocrx_word' id='word_1_652' title='bbox 1682 1794 1759 1824; x_wconf 86' lang='lat' dir='ltr'>ergo</span> <span class='ocrx_word' id='word_1_653' title='bbox 1779 1794 1819 1814; x_wconf 90' lang='lat' dir='ltr'>ne</span> <span class='ocrx_word' id='word_1_654' title='bbox 1839 1783 2011 1823; x_wconf 87' lang='lat' dir='ltr'>frangatur</span> <span class='ocrx_word' id='word_1_655' title='bbox 2027 1784 2098 1823; x_wconf 90' lang='lat' dir='ltr'>pius</span> 
     </span>
     <span class='ocr_line' id='line_1_96' title="bbox 1124 1826 2098 1867; baseline -0.002 -9"><span class='ocrx_word' id='word_1_656' title='bbox 1124 1828 1248 1859; x_wconf 88' lang='lat' dir='ltr'>Christi</span> <span class='ocrx_word' id='word_1_657' title='bbox 1272 1838 1396 1867; x_wconf 87' lang='lat' dir='ltr'>servus,</span> <span class='ocrx_word' id='word_1_658' title='bbox 1421 1827 1551 1859; x_wconf 89' lang='lat' dir='ltr'>unicum</span> <span class='ocrx_word' id='word_1_659' title='bbox 1576 1827 1635 1858; x_wconf 90' lang='lat' dir='ltr'>hoc</span> <span class='ocrx_word' id='word_1_660' title='bbox 1659 1826 1837 1857; x_wconf 84' lang='lat' dir='ltr'>remedium</span> <span class='ocrx_word' id='word_1_661' title='bbox 1862 1826 1969 1866; x_wconf 90' lang='lat' dir='ltr'>habet,</span> <span class='ocrx_word' id='word_1_662' title='bbox 2005 1832 2042 1857; x_wconf 91' lang='lat' dir='ltr'>ut</span> <span class='ocrx_word' id='word_1_663' title='bbox 2065 1827 2098 1857; x_wconf 92' lang='lat' dir='ltr'>in</span> 
     </span>
     <span class='ocr_line' id='line_1_97' title="bbox 1125 1869 2098 1902; baseline -0.003 0"><span class='ocrx_word' id='word_1_664' title='bbox 1125 1870 1247 1902; x_wconf 86' lang='lat' dir='ltr'>Christi</span> <span class='ocrx_word' id='word_1_665' title='bbox 1286 1870 1464 1901; x_wconf 82' lang='lat' dir='ltr'>adventum</span> <span class='ocrx_word' id='word_1_666' title='bbox 1502 1869 1611 1902; x_wconf 92' lang='lat' dir='ltr'>oculos</span> <span class='ocrx_word' id='word_1_667' title='bbox 1650 1874 1826 1901; x_wconf 82' lang='lat' dir='ltr'>convertat.</span> <span class='ocrx_word' id='word_1_668' title='bbox 1884 1869 1936 1900; x_wconf 89' lang='lat' dir='ltr'>Ita</span> <span class='ocrx_word' id='word_1_669' title='bbox 1972 1869 2029 1900; x_wconf 89' lang='lat' dir='ltr'>fiet</span> <span class='ocrx_word' id='word_1_670' title='bbox 2063 1874 2098 1900; x_wconf 92' lang='lat' dir='ltr'>ut</span> 
     </span>
     <span class='ocr_line' id='line_1_98' title="bbox 1125 1911 2099 1953; baseline -0.002 -8"><span class='ocrx_word' id='word_1_671' title='bbox 1125 1924 1221 1945; x_wconf 89' lang='lat' dir='ltr'>suum</span> <span class='ocrx_word' id='word_1_672' title='bbox 1261 1913 1413 1952; x_wconf 90' lang='lat' dir='ltr'>laborem,</span> <span class='ocrx_word' id='word_1_673' title='bbox 1450 1913 1504 1953; x_wconf 84' lang='lat' dir='ltr'>qui</span> <span class='ocrx_word' id='word_1_674' title='bbox 1538 1923 1648 1944; x_wconf 88' lang='lat' dir='ltr'>carere</span> <span class='ocrx_word' id='word_1_675' title='bbox 1684 1912 1829 1952; x_wconf 83' lang='lat' dir='ltr'>profectu</span> <span class='ocrx_word' id='word_1_676' title='bbox 1867 1911 1991 1942; x_wconf 89' lang='lat' dir='ltr'>videtur</span> <span class='ocrx_word' id='word_1_677' title='bbox 2014 1912 2099 1952; x_wconf 88' lang='lat' dir='ltr'>apud</span> 
     </span>
     <span class='ocr_line' id='line_1_99' title="bbox 1125 1955 2099 1997; baseline -0.002 -9"><span class='ocrx_word' id='word_1_678' title='bbox 1125 1956 1282 1994; x_wconf 89' lang='lat' dir='ltr'>homines,</span> <span class='ocrx_word' id='word_1_679' title='bbox 1313 1956 1464 1997; x_wconf 89' lang='lat' dir='ltr'>gnaviter</span> <span class='ocrx_word' id='word_1_680' title='bbox 1487 1956 1623 1996; x_wconf 88' lang='lat' dir='ltr'>quisque</span> <span class='ocrx_word' id='word_1_681' title='bbox 1646 1955 1748 1994; x_wconf 85' lang='lat' dir='ltr'>obeat,</span> <span class='ocrx_word' id='word_1_682' title='bbox 1782 1955 1832 1985; x_wconf 89' lang='lat' dir='ltr'>eui</span> <span class='ocrx_word' id='word_1_683' title='bbox 1856 1957 1949 1985; x_wconf 85' lang='lat' dir='ltr'>tanta</span> <span class='ocrx_word' id='word_1_684' title='bbox 1975 1964 2099 1986; x_wconf 89' lang='lat' dir='ltr'>merces</span> 
     </span>
     <span class='ocr_line' id='line_1_100' title="bbox 1125 1997 2098 2040; baseline -0.003 -9"><span class='ocrx_word' id='word_1_685' title='bbox 1125 1999 1210 2040; x_wconf 87' lang='lat' dir='ltr'>apud</span> <span class='ocrx_word' id='word_1_686' title='bbox 1234 1999 1412 2030; x_wconf 88' lang='lat' dir='ltr'>Dominum</span> <span class='ocrx_word' id='word_1_687' title='bbox 1442 1999 1483 2031; x_wconf 90' lang='lat' dir='ltr'>sit</span> <span class='ocrx_word' id='word_1_688' title='bbox 1511 1999 1660 2038; x_wconf 87' lang='lat' dir='ltr'>reposita.</span> <span class='ocrx_word' id='word_1_689' title='bbox 1706 1998 1806 2028; x_wconf 89' lang='lat' dir='ltr'>Porro</span> <span class='ocrx_word' id='word_1_690' title='bbox 1830 2007 1870 2028; x_wconf 88' lang='lat' dir='ltr'>ne</span> <span class='ocrx_word' id='word_1_691' title='bbox 1893 1997 2020 2038; x_wconf 87' lang='lat' dir='ltr'>longior</span> <span class='ocrx_word' id='word_1_692' title='bbox 2043 2008 2098 2028; x_wconf 89' lang='lat' dir='ltr'>ex-</span> 
     </span>
     <span class='ocr_line' id='line_1_101' title="bbox 1126 2040 2097 2083; baseline -0.002 -11"><span class='ocrx_word' id='word_1_693' title='bbox 1126 2043 1282 2082; x_wconf 83' lang='lat' dir='ltr'>spectatio</span> <span class='ocrx_word' id='word_1_694' title='bbox 1306 2042 1493 2083; x_wconf 86' lang='lat' dir='ltr'>languorem</span> <span class='ocrx_word' id='word_1_695' title='bbox 1517 2043 1638 2082; x_wconf 84' lang='lat' dir='ltr'>gignat,</span> <span class='ocrx_word' id='word_1_696' title='bbox 1668 2040 1764 2071; x_wconf 90' lang='lat' dir='ltr'>simul</span> <span class='ocrx_word' id='word_1_697' title='bbox 1795 2040 1961 2079; x_wconf 86' lang='lat' dir='ltr'>praedicat</span> <span class='ocrx_word' id='word_1_698' title='bbox 1984 2040 2097 2080; x_wconf 89' lang='lat' dir='ltr'>ampli—</span> 
     </span>
     <span class='ocr_line' id='line_1_102' title="bbox 1126 2083 2098 2125; baseline -0.002 -9"><span class='ocrx_word' id='word_1_699' title='bbox 1126 2085 1271 2116; x_wconf 89' lang='lat' dir='ltr'>tudinem</span> <span class='ocrx_word' id='word_1_700' title='bbox 1303 2085 1468 2125; x_wconf 89' lang='lat' dir='ltr'>mercedis,</span> <span class='ocrx_word' id='word_1_701' title='bbox 1500 2095 1582 2125; x_wconf 86' lang='lat' dir='ltr'>quae</span> <span class='ocrx_word' id='word_1_702' title='bbox 1611 2084 1650 2115; x_wconf 88' lang='lat' dir='ltr'>ad</span> <span class='ocrx_word' id='word_1_703' title='bbox 1679 2093 1801 2114; x_wconf 89' lang='lat' dir='ltr'>moram</span> <span class='ocrx_word' id='word_1_704' title='bbox 1825 2083 2098 2123; x_wconf 89' lang='lat' dir='ltr'>compensandam</span> 
     </span>
     <span class='ocr_line' id='line_1_103' title="bbox 1126 2126 2098 2167; baseline -0.002 -8"><span class='ocrx_word' id='word_1_705' title='bbox 1126 2128 1235 2159; x_wconf 86' lang='lat' dir='ltr'>valere</span> <span class='ocrx_word' id='word_1_706' title='bbox 1280 2127 1383 2159; x_wconf 90' lang='lat' dir='ltr'>debet.</span> <span class='ocrx_word' id='word_1_707' title='bbox 1453 2128 1531 2165; x_wconf 87' lang='lat' dir='ltr'>Vos,</span> <span class='ocrx_word' id='word_1_708' title='bbox 1572 2127 1692 2167; x_wconf 89' lang='lat' dir='ltr'>inquit,</span> <span class='ocrx_word' id='word_1_709' title='bbox 1734 2126 2098 2158; x_wconf 80' lang='lat' dir='ltr'>immarcessibilis</span> 
     </span>
     <span class='ocr_line' id='line_1_104' title="bbox 1126 2169 2098 2212; baseline -0.003 -10"><span class='ocrx_word' id='word_1_710' title='bbox 1126 2171 1289 2212; x_wconf 86' lang='lat' dir='ltr'>gloriae</span> <span class='ocrx_word' id='word_1_711' title='bbox 1323 2180 1478 2202; x_wconf 88' lang='lat' dir='ltr'>corona</span> <span class='ocrx_word' id='word_1_712' title='bbox 1507 2176 1627 2201; x_wconf 88' lang='lat' dir='ltr'>manet.</span> <span class='ocrx_word' id='word_1_713' title='bbox 1674 2169 1859 2200; x_wconf 89' lang='lat' dir='ltr'>Notandum</span> <span class='ocrx_word' id='word_1_714' title='bbox 1891 2169 1989 2200; x_wconf 87' lang='lat' dir='ltr'>etiam</span> <span class='ocrx_word' id='word_1_715' title='bbox 2013 2169 2098 2209; x_wconf 92' lang='lat' dir='ltr'>quod</span> 
     </span>
     <span class='ocr_line' id='line_1_105' title="bbox 1126 2212 2097 2254; baseline -0.003 -9"><span class='ocrx_word' id='word_1_716' title='bbox 1126 2214 1295 2245; x_wconf 87' lang='lat' dir='ltr'>Christum</span> <span class='ocrx_word' id='word_1_717' title='bbox 1326 2219 1417 2245; x_wconf 88' lang='lat' dir='ltr'>vocat</span> <span class='ocrx_word' id='word_1_718' title='bbox 1451 2217 1664 2254; x_wconf 80' lang='lat' dir='ltr'>pastorum</span> <span class='ocrx_word' id='word_1_719' title='bbox 1702 2212 1894 2251; x_wconf 88' lang='lat' dir='ltr'>principem:</span> <span class='ocrx_word' id='word_1_720' title='bbox 1930 2212 2004 2252; x_wconf 90' lang='lat' dir='ltr'>quia</span> <span class='ocrx_word' id='word_1_721' title='bbox 2033 2222 2097 2243; x_wconf 93' lang='lat' dir='ltr'>non</span> 
     </span>
     <span class='ocr_line' id='line_1_106' title="bbox 1126 2254 2098 2297; baseline -0.003 -9"><span class='ocrx_word' id='word_1_722' title='bbox 1126 2258 1187 2288; x_wconf 88' lang='lat' dir='ltr'>nisi</span> <span class='ocrx_word' id='word_1_723' title='bbox 1211 2256 1270 2288; x_wconf 88' lang='lat' dir='ltr'>sub</span> <span class='ocrx_word' id='word_1_724' title='bbox 1294 2256 1363 2296; x_wconf 91' lang='lat' dir='ltr'>ipso</span> <span class='ocrx_word' id='word_1_725' title='bbox 1387 2257 1519 2297; x_wconf 89' lang='lat' dir='ltr'>eiusque</span> <span class='ocrx_word' id='word_1_726' title='bbox 1543 2256 1674 2287; x_wconf 86' lang='lat' dir='ltr'>nomine</span> <span class='ocrx_word' id='word_1_727' title='bbox 1697 2254 1864 2285; x_wconf 85' lang='lat' dir='ltr'>eeclesiam</span> <span class='ocrx_word' id='word_1_728' title='bbox 1884 2255 2036 2295; x_wconf 88' lang='lat' dir='ltr'>regimus,</span> <span class='ocrx_word' id='word_1_729' title='bbox 2061 2259 2098 2286; x_wconf 89' lang='lat' dir='ltr'>ut</span> 
     </span>
     <span class='ocr_line' id='line_1_107' title="bbox 1125 2296 2098 2340; baseline -0.001 -10"><span class='ocrx_word' id='word_1_730' title='bbox 1125 2301 1167 2331; x_wconf 92' lang='lat' dir='ltr'>sit</span> <span class='ocrx_word' id='word_1_731' title='bbox 1208 2299 1418 2331; x_wconf 88' lang='lat' dir='ltr'>nihilominus</span> <span class='ocrx_word' id='word_1_732' title='bbox 1456 2301 1524 2340; x_wconf 88' lang='lat' dir='ltr'>ipse</span> <span class='ocrx_word' id='word_1_733' title='bbox 1561 2299 1593 2329; x_wconf 90' lang='lat' dir='ltr'>in</span> <span class='ocrx_word' id='word_1_734' title='bbox 1632 2296 1769 2329; x_wconf 90' lang='lat' dir='ltr'>solidum</span> <span class='ocrx_word' id='word_1_735' title='bbox 1808 2302 1925 2336; x_wconf 85' lang='lat' dir='ltr'>pastor.</span> <span class='ocrx_word' id='word_1_736' title='bbox 1980 2297 2098 2338; x_wconf 86' lang='lat' dir='ltr'>Itaque</span> 
     </span>
     <span class='ocr_line' id='line_1_108' title="bbox 1125 2339 2098 2383; baseline -0.004 -9"><span class='ocrx_word' id='word_1_737' title='bbox 1125 2343 1317 2383; x_wconf 89' lang='lat' dir='ltr'>princeps</span> <span class='ocrx_word' id='word_1_738' title='bbox 1354 2342 1406 2374; x_wconf 89' lang='lat' dir='ltr'>hic</span> <span class='ocrx_word' id='word_1_739' title='bbox 1444 2353 1507 2373; x_wconf 89' lang='lat' dir='ltr'>non</span> <span class='ocrx_word' id='word_1_740' title='bbox 1547 2341 1754 2382; x_wconf 86' lang='lat' dir='ltr'>praecipuum</span> <span class='ocrx_word' id='word_1_741' title='bbox 1794 2339 1888 2370; x_wconf 89' lang='lat' dir='ltr'>modo</span> <span class='ocrx_word' id='word_1_742' title='bbox 1926 2340 2098 2381; x_wconf 83' lang='lat' dir='ltr'>significat,</span> 
     </span>
     <span class='ocr_line' id='line_1_109' title="bbox 1125 2383 2098 2425; baseline -0.002 -9"><span class='ocrx_word' id='word_1_743' title='bbox 1125 2386 1181 2417; x_wconf 91' lang='lat' dir='ltr'>sed</span> <span class='ocrx_word' id='word_1_744' title='bbox 1216 2396 1289 2416; x_wconf 90' lang='lat' dir='ltr'>eum</span> <span class='ocrx_word' id='word_1_745' title='bbox 1324 2385 1415 2416; x_wconf 85' lang='lat' dir='ltr'>cuius</span> <span class='ocrx_word' id='word_1_746' title='bbox 1449 2385 1601 2425; x_wconf 84' lang='lat' dir='ltr'>potestati</span> <span class='ocrx_word' id='word_1_747' title='bbox 1645 2383 1783 2422; x_wconf 88' lang='lat' dir='ltr'>reliquos</span> <span class='ocrx_word' id='word_1_748' title='bbox 1819 2392 1929 2413; x_wconf 83' lang='lat' dir='ltr'>omnes</span> <span class='ocrx_word' id='word_1_749' title='bbox 1965 2383 2098 2414; x_wconf 84' lang='lat' dir='ltr'>subesse</span> 
     </span>
     <span class='ocr_line' id='line_1_110' title="bbox 1125 2425 2098 2469; baseline -0.002 -10"><span class='ocrx_word' id='word_1_750' title='bbox 1125 2432 1266 2469; x_wconf 86' lang='lat' dir='ltr'>oportet:</span> <span class='ocrx_word' id='word_1_751' title='bbox 1298 2428 1390 2459; x_wconf 81' lang='lat' dir='ltr'>sicuti</span> <span class='ocrx_word' id='word_1_752' title='bbox 1412 2438 1472 2459; x_wconf 78' lang='lat' dir='ltr'>non</span> <span class='ocrx_word' id='word_1_753' title='bbox 1495 2428 1560 2459; x_wconf 78' lang='lat' dir='ltr'>nisi</span> <span class='ocrx_word' id='word_1_754' title='bbox 1582 2428 1649 2458; x_wconf 81' lang='lat' dir='ltr'>eius</span> <span class='ocrx_word' id='word_1_755' title='bbox 1671 2425 1818 2457; x_wconf 77' lang='lat' dir='ltr'>mandato</span> <span class='ocrx_word' id='word_1_756' title='bbox 1841 2427 1867 2456; x_wconf 81' lang='lat' dir='ltr'>et</span> <span class='ocrx_word' id='word_1_757' title='bbox 1888 2426 2010 2457; x_wconf 73' lang='lat' dir='ltr'>nomine</span> <span class='ocrx_word' id='word_1_758' title='bbox 2025 2436 2098 2464; x_wconf 75' lang='lat' dir='ltr'>per-</span> 
     </span>
     <span class='ocr_line' id='line_1_111' title="bbox 1124 2470 1515 2535; baseline -0.005 -32"><span class='ocrx_word' id='word_1_759' title='bbox 1124 2481 1231 2535; x_wconf 42' lang='lat' dir='ltr'>sonarit</span> <span class='ocrx_word' id='word_1_760' title='bbox 1254 2470 1333 2502; x_wconf 72' lang='lat' dir='ltr'>hanc</span> <span class='ocrx_word' id='word_1_761' title='bbox 1354 2471 1515 2502; x_wconf 78' lang='lat' dir='ltr'>sustinent.</span> 
     </span>
    </p>

    <p class='ocr_par' dir='ltr' id='par_1_13' title="bbox 1123 2553 2098 2681">
     <span class='ocr_line' id='line_1_112' title="bbox 1210 2553 2098 2588; baseline -0.005 0"><span class='ocrx_word' id='word_1_762' title='bbox 1210 2557 1239 2588; x_wconf 82' lang='lat'>5.</span> <span class='ocrx_word' id='word_1_763' title='bbox 1272 2556 1425 2587; x_wconf 76' lang='lat' dir='ltr'>Similiter</span> <span class='ocrx_word' id='word_1_764' title='bbox 1458 2556 1595 2587; x_wconf 79' lang='lat' dir='ltr'>iuniores</span> <span class='ocrx_word' id='word_1_765' title='bbox 1627 2554 1754 2587; x_wconf 80' lang='lat' dir='ltr'>subiecti</span> <span class='ocrx_word' id='word_1_766' title='bbox 1787 2556 1875 2586; x_wconf 82' lang='lat' dir='ltr'>estote</span> <span class='ocrx_word' id='word_1_767' title='bbox 1907 2553 2098 2586; x_wconf 80' lang='lat' dir='ltr'>senioribus:</span> 
     </span>
     <span class='ocr_line' id='line_1_113' title="bbox 1123 2596 2098 2632; baseline -0.005 0"><span class='ocrx_word' id='word_1_768' title='bbox 1123 2601 1169 2632; x_wconf 85' lang='lat' dir='ltr'>sie</span> <span class='ocrx_word' id='word_1_769' title='bbox 1202 2603 1229 2631; x_wconf 87' lang='lat' dir='ltr'>et</span> <span class='ocrx_word' id='word_1_770' title='bbox 1261 2609 1364 2631; x_wconf 78' lang='lat' dir='ltr'>omnes</span> <span class='ocrx_word' id='word_1_771' title='bbox 1398 2599 1458 2630; x_wconf 82' lang='lat' dir='ltr'>alii</span> <span class='ocrx_word' id='word_1_772' title='bbox 1492 2598 1567 2630; x_wconf 80' lang='lat' dir='ltr'>aliis</span> <span class='ocrx_word' id='word_1_773' title='bbox 1602 2597 1823 2630; x_wconf 79' lang='lat' dir='ltr'>subiiciamim&#39;.</span> <span class='ocrx_word' id='word_1_774' title='bbox 1880 2596 2098 2628; x_wconf 79' lang='lat' dir='ltr'>Humititatem</span> 
     </span>
     <span class='ocr_line' id='line_1_114' title="bbox 1124 2639 2096 2681; baseline -0.005 -6"><span class='ocrx_word' id='word_1_775' title='bbox 1124 2643 1225 2675; x_wconf 76' lang='lat' dir='ltr'>animi</span> <span class='ocrx_word' id='word_1_776' title='bbox 1247 2643 1381 2674; x_wconf 60' lang='lat' dir='ltr'>triduite:</span> <span class='ocrx_word' id='word_1_777' title='bbox 1405 2643 1571 2681; x_wconf 75' lang='lat' dir='ltr'>propterea</span> <span class='ocrx_word' id='word_1_778' title='bbox 1593 2641 1672 2681; x_wconf 79' lang='lat' dir='ltr'>quod</span> <span class='ocrx_word' id='word_1_779' title='bbox 1695 2640 1784 2672; x_wconf 80' lang='lat' dir='ltr'>Deus</span> <span class='ocrx_word' id='word_1_780' title='bbox 1806 2639 1949 2680; x_wconf 81' lang='lat' dir='ltr'>superbis</span> <span class='ocrx_word' id='word_1_781' title='bbox 1971 2640 2096 2679; x_wconf 79' lang='lat' dir='ltr'>resistit,</span> 
     </span>
    </p>
   </div>
  </div>
 </body>
</html>
