2513 3126
313 209 369 240 127

311 315 447 336 vacuum
464 308 521 335 cst.
554 302 648 333 Prius
668 301 699 331 in
725 300 823 331 alium
848 301 945 331 finem
969 300 1092 339 citavit,
1117 304 1152 332 ut
1173 304 1280 332 oeten·
1307 305 1309 328 l

310 348 399 378 deret
422 346 568 386 abrogari
593 348 684 375 votus
708 346 939 375 testamentum
963 343 1160 383 oportuisse:
1183 352 1281 384 quan·

310 389 479 429 doquidem
510 396 629 418 novum
661 386 748 418 aliud
779 386 972 426 promissum
1000 391 1080 423 erat,
1115 385 1213 427 idque
1240 385 1280 418 ad

310 430 529 471 corrigendam
555 429 674 461 vetoris
697 429 930 461 infirmitatem.
968 428 1063 461 Nunc
1087 433 1195 460 autem
1219 428 1281 462 alio

310 475 446 512 respicit.
492 473 623 513 Pugnat
645 472 730 503 onim
756 476 884 502 tuntum
907 481 949 502 ex
973 471 1027 504 illo
1050 471 1161 510 verbo,
1193 471 1280 503 Ini-

309 518 517 557 quitntum
552 524 627 546 non
663 513 927 546 recordabor.
974 514 1022 546 Ao
1052 513 1127 546 inde
1158 514 1310 556 colligit*

310 559 433 590 nullum
467 557 607 599 amplius
642 568 711 588 csse
741 557 889 588 sacrificii
921 566 1017 588 usum
1047 567 1148 596 quum
1177 557 1283 589 deleta

309 603 372 632 sint
407 605 548 641 peccata.
606 600 718 631 Vidori
752 600 881 639 quidem
917 599 1017 639 possit
1050 599 1130 632 haec
1167 610 1281 640 parum

310 646 402 675 timia
426 643 535 675 illatio.
571 643 654 674 Nam
679 652 779 682 quum
799 642 875 673 olim
903 643 1095 675 innumerae
1115 647 1284 675 exstarent

309 688 343 718 in
369 686 439 727 lege
463 691 495 718 et
518 686 684 726 prophetis
708 684 747 716 de
770 689 977 725 pcccatorum
1000 685 1190 718 remissione
1213 695 1283 726 pro-

309 729 491 768 missiones,
522 729 669 760 victimas
699 732 806 759 tamen
836 738 893 768 pro
917 727 980 760 illis
1002 728 1118 761 offerre
1141 739 1206 760 non
1229 728 1283 759 de-

309 772 436 804 sinebat
452 772 595 804 ecclesia.
627 770 769 802 Proinde
786 770 933 802 remissio
956 774 1163 810 peccatorum
1183 770 1280 803 sacri—

309 816 381 847 ficiu
421 824 485 845 non
526 813 677 845 excludit.
738 814 862 845 Verum
907 813 933 845 si
978 813 1107 856 singula
1153 814 1284 854 propius

310 857 503 894 consideres,
532 856 694 888 habebunt
717 857 814 888 etiam
838 860 946 896 patres
968 856 1027 889 sub
1050 855 1121 898 lege
1144 856 1283 895 easdem,

309 910 389 941 quas
431 899 525 931 hodie
567 899 735 940 habemus,
776 899 815 930 de
853 903 1056 939 peccatorum
1092 899 1284 930 remissione

311 943 549 983 promissiones.
603 942 672 973 Illis
703 942 779 973 freti
808 942 915 973 Deum
945 941 1148 978 invocabant,
1183 946 1214 972 et
1246 940 1284 971 de

311 987 483 1026 impetrata
500 985 595 1016 venia
611 985 844 1026 gloriabantur.
875 985 977 1025 Atqui
1002 983 1168 1026 propheta,
1192 984 1284 1024 quasi

314 1039 432 1059 novum
450 1028 602 1068 quiddam
618 1032 650 1059 et
669 1028 758 1068 prius
773 1027 955 1059 inauditum
973 1028 1104 1064 adferat,
1125 1027 1284 1067 promittit

311 1071 435 1102 nullam
452 1071 511 1102 sub
528 1081 611 1102 novo
628 1069 755 1102 foedere
778 1075 982 1111 peccatorum
1006 1070 1073 1101 fore
1095 1069 1283 1100 memoriam

313 1124 422 1145 coram
439 1113 519 1145 Deo.
552 1113 638 1145 Hinc
654 1113 815 1154 colligere,
838 1113 913 1144 licet
931 1113 1058 1144 diverso
1080 1112 1175 1143 modo
1198 1122 1284 1144 nunc

311 1157 431 1188 remitti
462 1160 594 1196 peccata
624 1165 720 1196 quam
751 1156 836 1187 olim.
882 1155 972 1186 Haec
996 1165 1090 1194 porro
1113 1154 1285 1186 diversitas

312 1200 428 1230 nonin
444 1199 544 1231 verbo
564 1208 624 1230 nec
647 1199 680 1229 in
704 1199 767 1229 fide
791 1199 851 1229 sita
874 1202 930 1235 est,
953 1197 1010 1229 sed
1032 1197 1066 1229 in
1089 1198 1158 1238 ipso
1182 1198 1286 1237 pretio

311 1242 519 1274 remissionis.
564 1241 661 1273 Nunc
689 1252 766 1282 ergo
796 1246 1001 1281 peccatorum
1024 1239 1117 1272 Deus
1145 1251 1211 1272 non
1235 1250 1285 1272 re-

310 1284 475 1321 cordatur,
515 1285 592 1325 quia
625 1285 768 1315 omnium
802 1283 901 1315 semel
936 1284 1020 1315 facta
1053 1289 1102 1315 est
1136 1283 1284 1324 expiatio.

309 1328 439 1367 Alioqui
464 1328 583 1359 frustra
607 1326 766 1359 dicoretur
788 1337 807 1357 a
830 1326 996 1366 propheta,
1027 1325 1095 1358 fore
1125 1326 1184 1357 hoc
1207 1326 1284 1358 novi

310 1371 496 1401 testamenti
526 1370 728 1407 beneficium,
759 1369 843 1409 quod
867 1368 959 1400 Deus
989 1373 1195 1410 peccatorum
1219 1379 1284 1401 non

310 1412 539 1445 recordabitur.

396 1456 499 1487 Porro
529 1455 658 1496 quando
689 1454 728 1486 ad
759 1455 856 1486 finem
889 1454 1119 1495 disputationis
1149 1459 1285 1486 ventum

310 1506 358 1530 est
387 1509 470 1539 quae
500 1498 552 1530 hio
576 1498 687 1530 habita
710 1503 758 1529 est
782 1497 821 1529 de
844 1497 1024 1530 sacerdotio
1047 1497 1189 1530 Christi:
1218 1498 1286 1530 bre-

313 1542 397 1573 viter
414 1540 609 1573 admonendi
630 1543 708 1572 sunt
731 1541 877 1578 lectores,
901 1550 967 1571 non
991 1541 1097 1582 magis
1119 1540 1172 1573 hic
1195 1541 1286 1573 abro-

310 1585 381 1625 gari
412 1584 493 1624 legis
524 1584 690 1621 sacrificia,
721 1594 818 1623 quam
845 1583 1046 1624 papistarum
1068 1588 1287 1615 commentum

311 1628 349 1658 de
366 1627 523 1659 sacrificio
546 1627 663 1659 missae
686 1626 830 1658 refutari.
862 1627 998 1658 Missam
1021 1636 1113 1659 suam
1137 1631 1287 1659 asserunt

310 1670 503 1702 sacrificium
537 1679 607 1701 esse
637 1669 806 1710 expiandis
839 1670 989 1701 vivorum
1021 1673 1055 1701 et
1085 1674 1285 1701 mortuorum

310 1713 463 1753 peccatis:
495 1712 659 1753 apostolus
682 1714 745 1743 iam
770 1712 927 1744 sacrificio
949 1712 1056 1744 locum
1084 1722 1156 1745 esse
1179 1717 1288 1753 negat,

310 1766 351 1787 ex
383 1765 445 1795 quo
475 1755 645 1796 impletum
675 1761 724 1787 est
747 1755 906 1786 Ieremias
938 1755 1137 1787 vaticinium.
1184 1754 1287 1787 Cavil-

309 1799 420 1829 lantur
451 1797 508 1836 illi,
543 1808 608 1829 non
641 1808 710 1830 esse
744 1808 865 1829 novum
900 1801 958 1830 aut
989 1797 1078 1830 aliud
1110 1807 1131 1830 a
1161 1797 1288 1830 Christi

310 1840 478 1879 sacrificio,
508 1841 564 1872 sed
594 1841 689 1873 idem.
735 1842 780 1872 At
810 1840 991 1874 exadverso
1020 1840 1188 1874 contendit
1214 1850 1288 1881 apo-

309 1883 422 1920 stolus,
453 1883 539 1915 idem
569 1885 671 1924 repeti
702 1894 766 1915 non
791 1884 922 1916 debere:
952 1893 1013 1917 nec
1034 1893 1139 1916 unum
1163 1883 1288 1916 Christi

311 1926 502 1958 sacrificium
532 1927 630 1958 modo
660 1927 860 1967 pronuntiat,
896 1927 953 1958 sed
986 1926 1087 1959 semel
1110 1931 1287 1968 peractum.

311 1968 404 1999 Adde
437 1969 523 2009 quod
555 1970 684 2010 saepius
714 1970 769 2001 uni
794 1969 927 2001 Christo
950 1969 1102 2003 vendicat
1132 1969 1288 2002 honorem

312 2010 491 2047 sacerdotii,
525 2016 561 2042 ut
584 2022 677 2043 nemo
700 2012 740 2043 ad
763 2023 837 2044 eum
861 2012 1066 2045 offerendum
1086 2012 1132 2045 sit
1153 2012 1288 2044 idoneus

314 2053 376 2084 nisi
407 2053 497 2085 solus
527 2055 604 2093 ipse.
655 2054 757 2086 Aliud
788 2055 944 2096 effugium
983 2054 1129 2096 papistae
1158 2054 1288 2093 habent,

313 2106 413 2135 quum
443 2096 638 2128 sacrificium
670 2096 844 2138 ἀναίματον
871 2097 1048 2138 appellant.
1090 2097 1192 2140 Atqui
1215 2108 1288 2138 apo-

314 2138 418 2170 stolus
441 2138 511 2170 sine
534 2140 722 2180 exceptione
746 2139 894 2181 affirmat,
923 2145 1030 2173 morte
1050 2150 1132 2183 opus
1154 2150 1225 2174 esse
1247 2140 1288 2172 ad

313 2181 518 2213 sacrificium.
553 2182 826 2223 Tergiversantur
842 2184 943 2216 etiam
957 2183 1113 2225 papietae,
1137 2182 1215 2216 dum
1231 2193 1288 2215 ex-

313 2224 438 2263 cipiunt
460 2224 594 2256 missam
617 2225 716 2256 unius
739 2225 900 2265 sacrificii,
921 2225 1008 2267 quod
1030 2226 1158 2268 peregit
1174 2225 1287 2259 Chris-

314 2274 382 2304 tus,
416 2266 669 2307 applicationem
703 2277 783 2299 esse.
840 2269 942 2308 Atqui
975 2269 1141 2310 apostolus
1173 2272 1288 2302 contra

314 2309 415 2347 docet,
447 2308 520 2341 ideo
548 2314 654 2342 morte
677 2310 802 2342 Christi
826 2310 945 2342 abolita
964 2310 1064 2344 fuisse
1087 2311 1168 2353 legis
1191 2312 1287 2344 sacri-

314 2352 386 2383 ficia
409 2352 496 2392 quod
522 2352 588 2385 illic
610 2358 816 2394 peccatorum
839 2353 1018 2385 recordatio
1040 2354 1148 2386 fiebat.
1193 2354 1288 2386 Unde
1313 2374 1314 2379 =

314 2400 458 2434 apparet,
492 2405 597 2436 genus
626 2396 687 2428 hoc
717 2396 910 2437 applicandi,
941 2397 1026 2437 quod
1057 2396 1118 2428 sibi
1149 2398 1287 2438 fingunt,

1053 205 1194 236 EPffiT.
1221 205 1284 236 AD
1309 206 1465 238 HERRA
1474 207 1557 238 EO&

314 2447 464 2470 cessasse.
509 2438 671 2480 Denique,
701 2443 736 2471 ut
764 2449 798 2471 se
820 2439 855 2470 in
877 2449 990 2471 omnes
1013 2439 1132 2472 formas
1155 2445 1287 2472 vertant

314 2481 474 2519 papissae,
515 2480 598 2513 elabi
632 2492 799 2522 nunquam
833 2486 987 2522 poterunt
1021 2483 1100 2523 quin
1133 2493 1287 2523 praesens

316 2523 452 2562 apostoli
473 2523 647 2565 disputatio
669 2525 804 2556 missam
826 2525 971 2566 ipsorum
996 2525 1141 2566 pluribus
1164 2529 1287 2558 scatere

315 2565 493 2606 sacrilegiis
517 2567 651 2607 planum
674 2567 780 2600 faciat.
817 2567 965 2599 Primum
988 2568 1085 2606 enim,
1110 2572 1190 2600 teste
1213 2578 1287 2609 apo-

315 2607 407 2645 stolo,
431 2619 515 2640 unus
536 2609 688 2642 Christus
710 2610 750 2642 ad
773 2621 807 2642 se
830 2610 1030 2643 offerendum
1053 2611 1187 2643 idoneus
1210 2611 1285 2643 fuit:

315 2650 349 2681 in
373 2651 471 2683 missa
495 2662 551 2692 per
574 2653 694 2684 alienas
711 2663 827 2685 manus
849 2653 995 2685 offertur.
1037 2653 1197 2693 Secundo,
1220 2665 1286 2686 non

2248 210 2306 240 128

1335 302 1465 334 unicum
1497 302 1590 333 modo
1620 302 1813 334 sacrificium
1838 302 1961 334 Christi
1992 303 2160 342 apostolus
2183 305 2305 341 asserit,

1334 344 1390 376 sed
1414 345 1543 376 nonnisi
1565 345 1664 376 semel
1689 349 1867 385 peractum,
1891 350 1926 377 ut
1949 345 2060 376 iterari
2084 345 2127 377 sit
2147 346 2247 378 nefas:
2273 347 2306 378 in

1335 388 1433 419 missa
1479 392 1642 428 utcunque
1683 388 1766 419 idem
1807 388 1999 421 sacrificium
2041 398 2111 420 esse
2150 389 2307 429 garriant,

1335 433 1443 461 tamen
1463 430 1606 470 quotidie
1626 431 1694 462 fleri
1720 436 1840 471 nparet,
1865 435 1896 462 ct
1913 431 1973 472 ipsi
1988 430 2144 462 fatentur.
2172 432 2308 472 Aposto-

1336 473 1385 503 lus
1427 473 1553 504 nullum
1598 474 1668 504 sinc
1710 474 1867 514 sanguino
1905 478 1937 505 ct
1974 477 2078 504 morte
2115 473 2308 506 sacrificinm

1337 515 1499 555 agnoscit:
1540 516 1591 547 isti
1633 526 1710 557 orgo
1748 517 1868 547 frustra
1907 521 2069 557 negantur
2106 516 2309 555 sacrificium,

1337 557 1422 597 quod
1454 558 1605 597 offerunt,
1636 569 1705 590 esse
1735 559 1954 592 incruentum.
2005 559 2180 599 Apostolus
2209 569 2309 600 quum

1337 600 1376 630 de
1409 600 1612 639 impetranda
1642 606 1845 641 peccatorum
1870 603 1966 634 venia
1989 602 2106 642 agitur,
2136 601 2311 643 confugere

1338 652 1395 673 nos
1425 642 1514 673 iubet
1541 642 1581 673 ad
1612 654 1712 675 unum
1736 644 1815 675 illud
1838 645 2032 677 sacrificinm
2054 654 2117 684 quo
2140 643 2311 677 defunctus

1338 690 1385 715 est
1409 684 1560 716 Christus
1591 685 1624 716 in
1654 697 1761 718 cruce:
1793 692 1825 718 et
1852 698 1909 719 nos
1934 688 1994 720 hac
2017 692 2094 719 nota
2117 687 2271 719 discernit
2291 696 2311 718 a

1339 728 1495 767 patribus,
1530 728 1615 767 quod
1650 729 1798 760 assiduus
1831 730 2036 763 sacrificandi
2070 730 2154 761 ritus
2188 729 2312 763 Christi

1338 770 1482 801 adventu
1513 769 1679 802 obsolevit.
1725 771 1795 808 Isti,
1829 778 1863 803 ut
1895 783 1982 806 mors
2004 772 2127 806 Christi
2155 772 2249 805 nobis
2271 773 2313 804 sit

1338 813 1469 852 efficax,
1509 812 1717 853 quotidianas
1759 824 1814 853 per
1853 815 2047 849 sacrificium
2082 815 2313 856 applicationes

1339 857 1519 895 requirunt,
1543 860 1581 886 ut
1597 856 1677 886 nihil
1695 856 1756 887 nisi
1782 856 1814 887 in
1838 863 1972 890 externo
1994 859 2138 900 symbolo
2162 858 2315 890 differant

1339 908 1357 928 a
1382 898 1511 929 Iudaeis
1535 898 1723 930 Christiani.

1427 962 1475 993 19.
1500 962 1652 993 Habentes
1674 963 1781 1002 itaque
1802 962 1928 1003 fratres,
1952 964 2100 1002 fiduciam
2121 965 2316 1006 iimredicudi

1338 1005 1369 1035 iu
1399 1008 1506 1037 sancta
1530 1015 1590 1044 per
1620 1006 1802 1045 sanquinem
1827 1005 1911 1045 Iesu,
1958 1005 2008 1037 20.
2031 1007 2084 1038 via
2113 1017 2208 1047 quam
2229 1007 2316 1039 dedi-

1338 1048 1419 1079 cavit
1441 1048 1529 1079 nobis
1551 1051 1696 1079 recentem
1719 1058 1755 1079 ac
1777 1048 1880 1080 vivam
1897 1059 1958 1088 per
1980 1049 2091 1087 velum,
2111 1049 2165 1081 'lioc
2185 1052 2229 1082 est
2249 1061 2316 1083 σαν-

1337 1100 1405 1122 wem
1430 1101 1533 1130 suam,
1579 1091 1629 1122 21.
1654 1094 1680 1122 et
1702 1091 1886 1123 sacerdotem
1909 1101 2056 1132 maganum
2078 1101 2172 1131 super
2193 1093 2316 1125 domum

1338 1133 1419 1166 Dei:
1463 1133 1513 1164 22.
1539 1134 1719 1166 accedamus
1741 1144 1808 1165 cum
1831 1135 1948 1166 sincero
1970 1134 2059 1167 corde
2081 1135 2116 1165 iu
2137 1135 2317 1168 certitudine

1336 1176 1423 1216 fidei,
1458 1177 1601 1216 adspersi
1624 1176 1768 1208 cordibus
1788 1187 1809 1207 a
1831 1178 2016 1209 conscientia
2041 1177 2137 1216 mala,
2171 1179 2199 1209 ct
2219 1177 2317 1211 abluti

1338 1229 1462 1259 corpore
1489 1230 1573 1259 aqua
1596 1220 1724 1256 mimda,
1762 1219 1812 1251 23.
1830 1222 1987 1252 teneamus
2008 1221 2228 1259 consessionem
2250 1220 2317 1260 spei

1339 1262 1551 1300 inflexibilem.
1597 1262 1721 1294 Fidelis
1743 1263 1825 1293 enim
1848 1263 1903 1302 qui
1919 1263 2078 1302 promisit.

1428 1327 1477 1357 19.
1503 1326 1656 1358 Habentes
1671 1327 1774 1366 itaque
1787 1327 1912 1366 fratres.
1942 1326 2128 1368 Superioris
2151 1327 2315 1360 doctrinae

1339 1369 1500 1410 epilogum
1518 1369 1568 1400 vel
1585 1380 1744 1400 summam
1762 1370 1896 1410 colligit,
1919 1370 1971 1402 cui
1994 1370 2110 1402 deinde
2133 1374 2314 1410 opportune

1340 1412 1468 1444 subiicit
1483 1422 1618 1453 gravem
1634 1412 1901 1450 exhortationem,
1926 1415 1960 1445 et
1976 1422 2088 1445 severe
2111 1413 2150 1444 iis
2173 1413 2316 1444 minatur

1340 1455 1393 1495 qui
1419 1454 1541 1487 Christi
1565 1455 1707 1496 gratiam
1732 1454 1915 1487 abiecerint.
1961 1454 2099 1488 Summa
2125 1460 2234 1486 autem
2256 1461 2315 1495 est,

1340 1498 1560 1529 caeremonias
1582 1507 1706 1535 omnes,
1735 1498 1851 1538 quibus
1882 1497 1942 1530 sub
1970 1498 2042 1540 lege
2071 1497 2244 1538 patefiebat
2266 1508 2316 1530 ac-

1341 1551 1451 1572 cessus
1475 1540 1509 1571 in
1532 1541 1756 1572 sanctuarium
1779 1541 1851 1580 Dei,
1882 1542 1915 1571 in
1939 1540 2070 1573 Christo
2099 1540 2218 1572 habere
2240 1541 2316 1573 soli-

1342 1583 1416 1615 dam
1441 1584 1627 1615 veritatem:
1657 1588 1692 1614 ut
1715 1583 1882 1615 Christum
1908 1583 2042 1616 habenti
2065 1584 2250 1624 superfluus
2272 1583 2316 1616 sit

1341 1637 1377 1658 ac
1401 1626 1527 1657 inutilis
1550 1636 1662 1657 earum
1694 1637 1779 1658 usus.
1826 1626 1863 1657 Id
1897 1637 1959 1667 quo
1993 1626 2109 1659 melius
2142 1627 2315 1668 exprimat,

1340 1669 1512 1710 allegorice
1551 1669 1703 1701 describit
1739 1679 1904 1701 accessum
1945 1680 2039 1710 quem
2075 1669 2166 1701 nobis
2200 1669 2314 1701 Chris-

1342 1717 1393 1744 tus
1424 1712 1587 1753 patefacit.
1632 1712 1766 1744 Coelum
1797 1713 1885 1744 enim
1906 1716 2073 1753 comparat
2095 1712 2199 1744 veteri
2221 1722 2315 1744 sanc-

1342 1755 1463 1786 tuario:
1488 1760 1519 1786 et
1536 1755 1667 1795 quaein
1683 1754 1815 1787 Christo
1838 1755 2052 1795 spiritualiter
2073 1755 2206 1796 impleta
2227 1758 2315 1793 sunt,

1341 1798 1401 1829 sub
1414 1798 1532 1838 typicis
1544 1797 1786 1838 loquutionibus
1798 1798 1961 1838 proponit.
1987 1797 2174 1830 Obscurant
2185 1797 2316 1838 quidem

1341 1841 1446 1881 magis
1492 1851 1561 1872 rem
1596 1841 1758 1872 interdum
1791 1840 1965 1881 allegoriae
2005 1851 2102 1882 quam
2139 1840 2316 1873 illustrant.

1342 1884 1408 1915 Sed
1443 1883 1524 1915 haec
1558 1894 1624 1915 non
1655 1889 1770 1924 parum
1804 1883 1901 1915 habet
1934 1884 2074 1925 gratiae,
2107 1894 2167 1915 nee
2200 1893 2317 1924 parum

1341 1927 1422 1958 lucis
1445 1927 1549 1964 affert,
1573 1937 1672 1966 quum
1697 1931 1820 1958 veteres
1843 1926 1925 1967 legis
1947 1927 2071 1968 figuras
2089 1926 2130 1958 ad
2146 1926 2314 1958 Christum

1341 1969 1507 2010 apostolus
1536 1970 1702 2001 transfert:
1738 1974 1773 2001 ut
1802 1970 1835 2000 in
1866 1979 1903 2000 eo
1927 1979 2215 2011 recognosceamus
2237 1978 2315 2001 vere

1342 2023 1429 2044 nunc
1474 2022 1543 2044 esse
1581 2012 1726 2044 exhibita
1762 2022 1972 2052 quaecunque
2008 2013 2061 2044 lex
2099 2011 2313 2044 adumbravit.

1342 2054 1437 2087 Sicut
1467 2059 1576 2087 autem
1601 2055 1738 2096 singulis
1760 2064 1841 2095 pene
1864 2055 1972 2086 verbis
1994 2054 2122 2096 pondus
2144 2055 2237 2092 inest,
2267 2054 2314 2086 ita

1341 2099 1585 2130 meminerimus
1607 2098 1739 2130 subesse
1762 2097 1949 2135 antithesin,
1973 2103 2009 2129 ut
2031 2097 2152 2131 veritas
2174 2106 2256 2137 quae
2278 2097 2312 2128 in

1342 2141 1474 2172 Christo
1497 2141 1708 2181 conspicitur,
1732 2146 1857 2172 veteres
1879 2141 2003 2182 figuras
2025 2140 2160 2172 aboleat.
2201 2139 2312 2180 Primo

1342 2184 1429 2222 dicit,
1465 2194 1524 2215 nos
1558 2184 1754 2216 fiduciam
1787 2183 1940 2216 habere
1972 2181 2242 2224 ingrediendi
2272 2182 2312 2214 in

1341 2231 1498 2258 sancta.
1543 2227 1617 2258 Hoc
1646 2227 1727 2258 iuris
1755 2226 1902 2267 patribus
1930 2235 2098 2267 nunquam
2124 2235 2311 2257 concessum

1341 2269 1402 2301 fuit
1430 2270 1491 2301 sub
1521 2269 1609 2311 lege:
1643 2269 1759 2310 populo
1788 2269 1874 2300 enim
1906 2268 2012 2300 aditus
2034 2268 2070 2299 in
2091 2268 2311 2300 sanctuarium

1342 2312 1467 2344 visibile
1502 2313 1747 2353 prohibebatur,
1788 2312 1850 2343 nisi
1885 2312 1969 2352 quod
2003 2310 2134 2342 nomina
2168 2310 2311 2342 tribuum

1340 2355 1485 2395 pontifex
1509 2355 1544 2386 in
1567 2355 1720 2394 humeris,
1750 2358 1782 2386 et
1804 2354 1972 2386 duodecim
1995 2353 2119 2394 lapides
2143 2354 2176 2384 in
2199 2363 2310 2385 eorum

1340 2399 1526 2430 memoriam
1556 2403 1632 2429 ante
1661 2400 1775 2439 pectus
1797 2396 1952 2438 gestabat.
1996 2396 2091 2428 Nunc
2115 2406 2192 2428 vero
2213 2396 2310 2437 longe

1340 2441 1403 2472 alia
1432 2441 1516 2472 ratio
1548 2446 1607 2473 est.
1659 2441 1732 2473 Non
1760 2440 1847 2472 enim
1875 2438 2052 2481 symbolice
2083 2443 2220 2477 tantum,
2254 2438 2311 2471 sed

1340 2495 1374 2516 re
1391 2485 1462 2525 ipsa
1484 2484 1519 2515 in
1542 2484 1670 2515 coelum
1692 2484 1858 2525 ingressus
1881 2482 1973 2514 nobis
1995 2486 2094 2522 patet,
2118 2481 2244 2514 Christi
2258 2481 2310 2512 be-

1339 2527 1465 2559 neficio:
1500 2527 1574 2567 quia
1608 2537 1667 2559 nos
1696 2527 1772 2558 fecit
1802 2525 1909 2566 regale
1945 2525 2169 2557 sacerdotium.
2221 2524 2310 2556 Dicit

1339 2580 1410 2610 per
1440 2570 1688 2610 sanguinem
1710 2569 1818 2607 Iesu,
1851 2569 1928 2608 quia
1950 2568 1990 2599 ad
2013 2568 2180 2600 solennem
2203 2567 2310 2608 ponti-

1339 2613 1409 2645 ficis
1444 2613 1626 2653 ingressum
1661 2623 1726 2645 non
1755 2611 1959 2652 aperiebatur
1988 2611 2107 2643 ostium
2136 2609 2310 2642 sanctuarii

1341 2655 1403 2687 nisi
1445 2656 1603 2696 sanguine
1638 2654 1839 2695 interposito.
1896 2653 1960 2685 Sed
1995 2658 2105 2694 postea
2139 2653 2310 2686 discrimen
