2513 3126
312 202 374 232 415

312 305 385 329 sant
419 306 498 337 quae
531 299 683 334 superent
709 293 854 324 omnium
884 292 1071 324 carnificum
1100 291 1276 323 saevitiam.

313 340 395 372 Nam
424 338 502 370 illud
531 347 605 369 vere
635 337 674 367 ab
698 335 835 367 Horatio
848 335 871 376 ¹)
901 334 1022 366 dictum
1050 339 1115 366 est:
1148 333 1277 365 Invidia

312 382 415 415 Siculi
456 391 519 411 non
559 379 713 410 invenere
753 378 886 418 tyranni
925 378 1030 408 maius
1068 380 1275 408 tormentum.

312 425 375 457 Ubi
411 423 541 463 quidam
569 421 694 453 codices
726 420 847 452 habent
875 419 1039 461 φονεύετε,
1073 429 1136 450 non
1168 418 1278 450 dubito

312 468 390 507 quin
420 464 591 505 legendum
620 464 663 496 sit
689 463 851 505 φθονεῖτε,
882 462 1152 503 quemadmodum
1176 467 1278 493 trans-

312 510 381 540 tuli.
437 506 613 539 Occidendi
645 507 731 538 enim
761 507 897 538 verbum
929 505 1018 536 nullo
1049 504 1144 536 modo
1174 504 1277 545 aptari

312 555 417 591 potest
439 550 478 581 ad
502 554 699 582 contextum.

400 593 562 634 Pitynatis.
597 593 669 624 Non
686 591 841 633 intelligit
856 591 941 623 bella
956 594 987 621 et
1003 600 1139 631 pugnas,
1163 590 1278 631 quibus

312 638 397 668 inter
430 646 465 668 se
498 636 635 668 exsertis
668 635 785 675 gladiis
815 634 995 674 confligunt
1026 633 1186 664 homines:
1222 632 1277 664 sed

311 678 487 720 quamlibet
517 679 728 710 certaminum
756 677 1007 714 contentionem,
1038 676 1115 707 dum
1143 676 1279 716 quisque

312 722 384 754 aliis
410 722 570 762 oppressis
598 730 765 761 emergere
791 719 908 751 studet.
959 717 1054 758 Quod
1083 718 1163 750 nihil
1194 718 1277 749 eius-

311 764 398 796 modi
422 763 651 796 certaminibus
682 763 863 803 proficiunt,
895 763 928 793 in
951 772 988 793 eo
1012 762 1180 802 pravitatis
1202 771 1279 792 suae

310 817 431 848 poenas
459 807 534 838 dare
562 806 714 837 affirmat.
759 806 878 837 Merito
907 806 994 836 enim
1021 804 1196 836 frustratur
1224 813 1279 835 eos

311 850 410 887 Deus,
434 859 529 889 quem
554 859 619 880 non
635 854 814 890 agnoscunt
834 848 992 879 bonorum
1010 854 1162 879 autorem.
1197 845 1278 877 Nam

312 893 389 924 dum
418 892 463 923 ita
491 891 610 923 illicitis
639 891 742 923 modis
764 890 976 930 contendunt,
1007 890 1113 931 potius
1137 890 1279 921 Satanae

313 935 466 975 auspiciis
499 935 595 966 ditari
619 938 780 975 appetunt
802 943 897 974 quam
920 933 982 965 Dei
1007 932 1168 964 beneficio.
1214 931 1279 963 Hic

312 978 433 1014 fraude,
465 977 518 1008 ille
542 977 705 1014 violentia,
736 977 817 1008 alius
841 976 1021 1015 calumniis,
1052 985 1162 1006 omnes
1187 974 1279 1005 malis

313 1025 345 1052 et
366 1020 532 1053 sceleratis
554 1019 677 1051 artibus
700 1019 740 1051 ad
757 1019 941 1051 felicitatem
961 1020 1117 1051 nituntur.
1154 1016 1280 1048 Felices

313 1074 390 1104 ergo
420 1073 489 1095 esse
517 1066 690 1104 appetunt:
726 1062 780 1094 sed
805 1071 869 1093 nou
893 1073 933 1094 ex
957 1061 1035 1093 Deo.
1082 1060 1191 1099 Quare
1214 1068 1279 1091 non

313 1107 430 1138 mirum
453 1106 480 1137 si
504 1112 591 1137 retro
608 1112 752 1147 aguntur
774 1105 806 1136 in
829 1105 896 1137 suis
911 1104 1035 1140 studiis,
1059 1102 1188 1143 quando
1214 1112 1280 1133 non

313 1149 376 1181 nisi
406 1159 425 1180 a
447 1149 514 1180 sola
537 1148 600 1179 Dei
624 1147 845 1180 benedictione
877 1146 1085 1187 exspectandi
1109 1149 1184 1177 sunt
1205 1155 1280 1185 pro·

313 1193 398 1232 speri
422 1201 599 1223 successus.

398 1235 428 1266 3.
463 1234 584 1273 Petuis,
614 1236 642 1265 et
664 1243 725 1265 nou
747 1233 896 1273 accipitis.
942 1231 1035 1264 Ultra
1065 1229 1281 1271 progreditur,

315 1277 441 1308 etiamsi
470 1281 599 1316 petant,
631 1277 761 1316 repulsa
795 1280 903 1306 tamen
938 1285 1007 1306 esse
1038 1273 1170 1314 dignos:
1204 1273 1280 1313 quia

314 1319 423 1351 Deum
446 1325 601 1360 cuperent
624 1329 753 1351 suarum
775 1318 944 1349 libidinum
963 1317 1150 1348 ministrum
1166 1316 1280 1347 facere.

315 1361 426 1402 Neque
448 1363 535 1393 enim
552 1362 635 1394 votis
653 1362 729 1399 suis,
752 1360 845 1401 quale
861 1360 1017 1400 praecipit
1032 1359 1097 1399 ille,
1120 1363 1279 1399 tempera-

315 1410 461 1436 mentum
484 1406 647 1437 statuunt:
671 1404 725 1436 sed
750 1403 883 1435 effraeni
907 1402 1037 1434 licentia.
1055 1412 1089 1433 se
1108 1401 1280 1442 proliciunt

315 1447 356 1478 ad
378 1457 416 1479 ea
438 1447 631 1488 postulanda
653 1456 789 1487 quorum
806 1446 947 1477 maxime
963 1444 1100 1484 puderet
1117 1444 1280 1475 hominem

315 1489 417 1521 ullum
441 1491 605 1522 conscium
628 1489 756 1521 habere.
793 1488 891 1520 Ridet
914 1487 1030 1519 alicubi
1046 1487 1175 1520 Plinius
1197 1486 1281 1519 hanc

316 1532 560 1573 impudentiam,
584 1535 616 1564 et
635 1532 766 1564 merito:
790 1531 874 1572 quod
890 1531 1048 1570 homines,
1072 1530 1135 1562 Dei
1151 1530 1281 1561 auribus

316 1583 383 1607 tam
412 1576 555 1615 improbe
585 1575 768 1607 abutantur.
814 1575 888 1614 Quo
915 1575 1023 1605 minus
1046 1572 1212 1605 toleranda
1233 1576 1281 1604 est

316 1618 349 1649 in
372 1618 584 1658 Christianis,
618 1619 733 1658 quibus
766 1628 785 1649 a
814 1617 943 1650 coelesti
977 1616 1133 1657 magistro
1163 1614 1282 1647 tradita

316 1667 365 1693 est
394 1662 506 1693 orandi
537 1661 656 1702 regula.
701 1661 745 1692 Et
768 1666 854 1692 certe
885 1660 1007 1692 nullam
1031 1658 1115 1699 apud
1139 1668 1198 1690 nos
1220 1657 1281 1689 Dei

315 1705 542 1742 reverentiam,
559 1704 686 1736 nullum
703 1704 862 1742 timorem,
879 1702 1000 1734 nullam
1017 1702 1155 1742 denique
1170 1700 1281 1733 existi-

315 1747 490 1778 mationem
513 1757 583 1778 esse
605 1752 741 1786 constat,
764 1757 863 1788 quum
886 1746 926 1777 ab
945 1754 982 1777 eo
1001 1749 1111 1785 petere
1127 1743 1282 1775 audemus

316 1800 396 1830 quae
412 1790 503 1821 nobis
521 1789 571 1821 vel
586 1790 783 1822 conscientia
798 1794 909 1821 nostra
924 1791 1066 1829 negaret.
1093 1787 1134 1818 In
1150 1795 1282 1825 summa,

316 1833 376 1864 hoc
406 1832 476 1864 vult
504 1830 654 1871 Iacobus,
685 1832 878 1864 fraenandas
908 1841 977 1863 esse
1007 1834 1133 1862 nostras
1163 1829 1283 1870 cupidi-

317 1879 410 1907 tates.
455 1875 520 1907 Hic
542 1885 637 1916 porro
660 1880 708 1907 est
730 1874 900 1906 fraenandi
922 1873 1046 1911 modus,
1069 1873 1096 1904 si
1116 1872 1186 1904 Deo
1210 1871 1281 1903 sub-

318 1918 417 1949 iectae
439 1918 513 1949 sint.
546 1918 675 1949 Deinde
698 1928 780 1959 quae
803 1918 968 1950 moderate
991 1917 1149 1956 cupimus,
1172 1925 1190 1946 a
1213 1915 1283 1946 Deo

317 1960 386 2000 ipso
416 1961 553 2001 petenda
583 1971 652 1993 esse
681 1961 782 1993 docet.
835 1960 929 2000 Quod
963 1960 991 1991 si
1021 1959 1091 1996 fiet,
1126 1968 1145 1989 a
1175 1957 1283 1998 pravis

318 2003 586 2042 contentionibus,
609 2014 628 2034 a
643 2004 765 2044 fraude,
782 2014 801 2035 a
817 2003 982 2043 violentia,
997 2001 1149 2042 omnique
1164 2000 1284 2032 iniuria

318 2045 403 2076 inter
427 2056 484 2077 nos
506 2046 747 2078 abstinebimus.

404 2130 433 2161 4.
457 2130 603 2162 Adulteri
621 2135 648 2163 et
663 2132 829 2172 adulterae,
852 2142 894 2164 an
912 2130 1036 2163 nescitis
1050 2130 1130 2170 quod
1145 2129 1285 2161 amicitia

319 2172 429 2204 mundi
457 2173 625 2206 inimicitia
646 2174 708 2206 Dei
729 2175 797 2207 est?
828 2175 882 2215 qui
908 2184 980 2215 erqo
1000 2172 1133 2205 voluerit
1164 2172 1285 2204 amicus

319 2225 384 2247 esse
405 2216 526 2255 muudi,
547 2217 692 2249 inimicus
710 2218 774 2250 Dei
795 2217 998 2249 constituitur.
1038 2215 1068 2247 5.
1091 2215 1146 2246 Au
1163 2214 1286 2254 putatis

319 2258 399 2298 quod
425 2258 549 2298 frustra
575 2260 658 2291 dicat
688 2260 869 2300 scriptura?
903 2270 945 2292 cm
974 2259 1016 2291 ad
1043 2259 1196 2290 invidiam
1217 2267 1283 2289 con-

319 2301 448 2340 cupiscit
475 2301 608 2341 spiritus
637 2303 690 2343 qui
712 2302 830 2335 habitat
852 2304 885 2334 in
906 2302 1014 2335 vobis?
1059 2302 1087 2333 6.
1115 2301 1197 2341 Quin
1219 2311 1283 2332 ma-

320 2344 415 2375 iorem
437 2344 490 2376 dat
509 2345 654 2385 qratiam.

407 2430 436 2461 4.
466 2429 620 2462 Adulteri.
671 2429 766 2461 Hanc
798 2430 991 2462 sententiam
1020 2430 1181 2470 coniunge
1211 2438 1283 2460 cum

322 2473 549 2512 superioribus.
586 2472 811 2505 Adulteros
834 2474 920 2505 enim
936 2472 1167 2514 (meoiudicio)
1184 2476 1283 2502 meta-

322 2515 452 2555 phorice
474 2516 623 2556 appellat,
657 2516 710 2556 qui
737 2515 834 2548 huius
857 2517 969 2547 mundi
992 2515 1191 2548 vanitatibus
1214 2523 1282 2546 cor-

322 2558 409 2597 rupti
438 2568 456 2589 a
478 2557 548 2590 Deo
571 2570 605 2591 se
636 2559 795 2591 alienant:
825 2569 862 2591 ac
895 2559 922 2590 si
945 2558 1119 2599 degeneres
1142 2561 1282 2595 vocaret,

411 2655 431 2683 ¹)
448 2652 515 2685 Epp.
535 2652 552 2677 l.
571 2652 591 2677 1.
627 2652 676 2685 Ep.
695 2652 718 2684 2,
737 2652 778 2678 58.

1141 195 1283 227 EPIST.
1305 194 1462 227 IAGOBI

2232 198 2295 229 416

1330 295 1388 323 aut
1421 290 1482 322 alio
1518 290 1655 321 nomine.
1708 289 1837 322 Scimus
1871 300 1966 331 quam
2002 291 2150 331 frequens
2184 292 2228 324 sit
2260 294 2294 326 in

1331 335 1488 374 scriptura
1511 333 1593 364 sacri
1616 332 1758 373 coniugii
1785 333 1905 365 mentio
1922 333 2005 374 quod
2023 334 2189 366 nobiscum
2206 334 2296 369 Deus

1329 376 1499 408 contraxit.
1547 375 1612 406 Nos
1640 375 1748 415 itaque
1772 375 1842 407 vult
1865 376 1987 408 similes
2008 386 2080 408 esse
2102 382 2209 409 castae
2232 378 2295 410 vir-

1330 420 1412 459 gini:
1442 417 1710 457 quemadmodum
1734 418 1856 450 Paulus
1879 418 1955 450 dicit
1977 419 2019 460 (2.
2044 419 2153 451 Corin.
2180 420 2229 458 11,
2252 420 2296 463 2).

1332 462 1424 492 Hunc
1441 461 1617 492 castitatem
1635 460 1758 492 violant
1773 470 1810 492 ac
1825 466 2034 502 corrumpunt
2050 462 2168 502 impuri
2184 473 2296 496 omues

1331 503 1441 535 mundi
1476 502 1618 535 affectus.
1675 503 1784 542 Quare
1822 513 1888 535 non
1926 505 1995 536 sine
2027 514 2126 536 causa
2161 505 2297 538 Iacobus

1330 546 1487 577 adulterio
1510 550 1675 586 comparat
1696 555 1840 577 amorem
1856 547 1979 578 mundi.
2019 546 2084 587 Qui
2104 547 2173 580 siue
2192 552 2296 580 trans-

1331 589 1448 620 latione
1476 588 1545 620 eius
1575 589 1674 620 verba
1706 589 1881 629 accipiunt,
1915 599 1979 620 non
2013 590 2091 621 satis
2121 590 2296 623 observant

1330 635 1526 664 contextum.
1564 631 1679 672 Pergit
1701 632 1787 663 enim
1812 631 1917 664 adhuc
1940 632 2050 664 invehi
2074 633 2107 664 in
2127 632 2294 666 hominum

1332 673 1492 712 libidines,
1528 684 1609 714 quae
1642 683 1697 706 eos
1731 674 1852 706 mundo
1885 674 2059 715 implicitos
2092 685 2111 707 a
2142 675 2212 707 Deo
2245 677 2298 709 ab·

1331 717 1464 754 ducunt,
1487 716 1757 757 quemadmodum
1780 717 1935 758 sequitur.

1414 776 1566 808 Amicitia
1601 776 1720 808 mundi.
1776 777 1962 809 Amicitiam
2001 777 2112 809 mundi
2151 778 2298 811 nominat

1332 829 1429 859 quum
1464 829 1498 850 se
1533 819 1680 851 homines
1713 820 1826 851 mundi
1860 820 2050 861 corruptelis
2080 820 2234 852 addicunt
2265 826 2298 853 et

1332 862 1526 901 mancipant.
1570 862 1649 893 'Pale
1679 862 1765 893 enim
1795 867 1987 903 tantumque
2017 867 2066 894 est
2088 863 2202 894 mundi
2225 874 2298 896 cum

1333 904 1403 935 Deo
1432 904 1615 941 dissidium,
1650 907 1687 936 ut
1720 910 1876 945 quantum
1907 906 2041 946 quisque
2075 906 2108 936 in
2140 905 2298 938 mundum

1332 947 1480 985 inclinat,
1512 947 1703 978 tantundem
1735 958 1753 978 a
1777 947 1847 979 Deo
1877 948 2044 980 alienetur.
2097 948 2174 981 Ideo
2204 949 2299 981 toties

1332 991 1489 1030 scriptura
1518 990 1707 1021 renuntiare
1737 989 1826 1021 iubet
1856 990 1986 1029 mundo,
2014 991 2042 1022 si
2066 991 2205 1023 velimus
2229 991 2299 1023 Deo

1333 1042 1462 1064 servire.

1416 1087 1446 1119 5.
1481 1088 1535 1120 An
1561 1088 1691 1128 putatis.
1748 1088 1890 1120 Videtur
1928 1089 2074 1128 proxime
2111 1093 2299 1129 sequentem

1333 1131 1527 1162 sententiam
1559 1136 1713 1171 tanquam
1743 1141 1783 1163 ex
1818 1131 1978 1172 scriptura
2003 1131 2172 1163 adducere.
2217 1131 2301 1163 Mul-

1333 1179 1401 1205 tum
1425 1173 1533 1214 itaque
1556 1184 1590 1205 se
1613 1178 1763 1214 torquent
1792 1174 2002 1214 interpretes:
2033 1174 2109 1214 quia
2141 1184 2300 1215 nusquam

1334 1216 1501 1248 invenitur
1528 1216 1561 1247 in
1585 1216 1746 1256 scriptura
1769 1216 1842 1256 tale,
1873 1218 1930 1248 aut
1952 1217 2066 1248 saltem
2090 1216 2188 1248 affine
2210 1217 2301 1248 testi-

1334 1259 1488 1291 monium.
1533 1258 1652 1290 Verum
1683 1260 1765 1290 nihil
1796 1259 1902 1291 obstat
1931 1259 2103 1299 quominus
2131 1259 2171 1291 ad
2194 1260 2226 1291 id
2250 1270 2299 1291 re-

1334 1302 1455 1333 feratur
1485 1302 1569 1342 quod
1591 1303 1654 1333 iam
1679 1302 1798 1333 dictum
1822 1306 1879 1339 est,
1911 1302 2020 1334 mundi
2045 1302 2168 1334 scilicet
2191 1302 2302 1334 amici·

1334 1345 1410 1376 tiam
1429 1344 1596 1376 adversari
1613 1344 1692 1376 Deo.
1725 1345 1828 1376 Porro
1843 1345 1904 1375 iam
1921 1345 2044 1376 dictum
2060 1350 2109 1376 est
2125 1345 2302 1376 doctrinam

1334 1398 1402 1419 esse
1426 1397 1509 1428 quae
1527 1387 1648 1428 passim
1664 1388 1804 1419 occurrit
1819 1388 1852 1418 in
1868 1388 2047 1427 seripturis.
2080 1387 2177 1426 Quod
2193 1392 2301 1419 autem

1334 1439 1512 1470 pronomen
1536 1431 1655 1468 omisit,
1680 1430 1765 1471 quod
1781 1430 1962 1462 orationem
1978 1430 2081 1471 magis
2097 1430 2301 1471 perspicuam

1333 1473 1468 1504 reddere
1485 1477 1621 1514 poterat,
1644 1473 1726 1504 nihil
1745 1473 1882 1504 mirum:
1904 1477 1954 1504 est
1968 1473 2055 1504 enim
2071 1473 2191 1513 ubique
2208 1472 2302 1504 valde

1333 1516 1489 1554 concisus,
1513 1521 1549 1548 ut
1572 1520 1714 1557 apparet.

1420 1571 1474 1604 An
1503 1572 1645 1612 spiritus.
1690 1571 1830 1611 Quidam
1862 1572 1900 1603 de
1923 1571 2063 1602 hominis
2086 1571 2195 1602 anima
2217 1570 2303 1603 istud

1335 1614 1397 1647 dici
1428 1620 1552 1655 putant.
1598 1614 1675 1646 Ideo
1705 1615 1898 1646 affirmative
1928 1614 2040 1655 legunt
2065 1613 2099 1645 in
2123 1613 2211 1646 hunc
2233 1623 2304 1646 sen-

1334 1667 1423 1688 sum:
1459 1658 1543 1698 quod
1573 1657 1714 1689 hominis
1744 1657 1888 1698 spiritus,
1919 1659 1956 1688 ut
1981 1656 2144 1697 malignus
2166 1660 2226 1696 est,
2256 1656 2303 1688 ita

1334 1700 1472 1733 infectus
1494 1701 1536 1732 sit
1559 1700 1692 1737 invidia,
1716 1710 1855 1740 suosque
1871 1700 2005 1731 affectus
2020 1709 2147 1739 semper
2162 1698 2303 1732 invidiae

1334 1744 1534 1783 permisceat.
1587 1744 1723 1776 Rectius
1757 1749 1865 1774 tamen
1898 1743 2044 1775 sentiunt
2075 1742 2129 1782 qui
2159 1742 2304 1774 referunt

1334 1785 1374 1816 ad
1397 1785 1460 1817 Dei
1483 1786 1643 1826 spiritum.
1681 1785 1742 1817 Ille
1764 1785 1850 1817 enim
1874 1790 1922 1817 est
1945 1785 1999 1826 qui
2019 1784 2112 1816 nobis
2135 1784 2231 1817 datus
2253 1786 2304 1817 est

1334 1833 1371 1859 ut
1394 1828 1517 1860 habitet
1538 1829 1571 1860 in
1595 1829 1696 1861 nobis.
1741 1829 1812 1869 Ego
1835 1832 1867 1860 et
1889 1827 1928 1859 de
1951 1828 2066 1868 spiritu
2093 1827 2151 1859 Dei
2174 1827 2304 1867 accipio,

1334 1876 1367 1902 et
1400 1871 1630 1913 interrogative
1667 1871 1739 1913 lego
1775 1872 1859 1903 hanc
1895 1870 2103 1903 sententiam.
2158 1870 2304 1902 Probare

1335 1914 1421 1945 enim
1438 1914 1507 1945 vult
1530 1925 1572 1946 ex
1591 1925 1652 1955 quo
1668 1914 1825 1954 invident,
1849 1924 1913 1945 non
1933 1914 2002 1954 regi
2018 1924 2072 1945 eos
2088 1912 2152 1944 Dei
2170 1913 2302 1953 spiritu:

1335 1957 1486 1997 quoniam
1510 1958 1577 1998 ipse
1596 1958 1689 1989 aliter
1705 1956 1815 1989 fideles
1831 1957 1998 1988 instituat:
2021 1955 2117 1996 idque
2133 1956 2302 1988 confirmat

1335 1999 1481 2040 proximo
1511 2001 1663 2039 membro,
1693 2010 1792 2040 quum
1816 1999 1914 2037 addit,
1945 1999 2136 2030 maiorem
2165 1999 2303 2038 potius

1336 2042 1432 2073 dare
1455 2044 1640 2083 gratiam.
1686 2043 1747 2074 Est
1769 2043 1853 2074 enim
1879 2044 2109 2083 argumentum
2133 2051 2151 2072 a
2173 2045 2300 2073 contra-

1335 2085 1399 2116 riis.
1443 2085 1569 2117 Invidia
1586 2086 1798 2126 malignitatis
1812 2086 1942 2126 signum
1960 2088 2022 2116 est:
2045 2084 2178 2124 spiritus
2193 2085 2299 2115 autem

1336 2127 1399 2159 Dei
1428 2127 1585 2160 donorum
1619 2128 1785 2160 affluentia
1807 2139 1841 2159 se
1870 2127 2036 2159 liberalem
2060 2136 2128 2158 esse
2150 2125 2301 2157 ostendit.

1337 2171 1424 2211 Ergo
1453 2170 1533 2202 nihil
1557 2172 1660 2212 magis
1684 2175 1843 2212 repugnat
1866 2170 1936 2202 eius
1959 2175 2095 2201 naturae
2124 2178 2220 2208 quam
2252 2168 2298 2199 in-

1336 2214 1433 2245 vidia.
1468 2213 1508 2244 In
1532 2224 1669 2254 summa,
1692 2219 1791 2255 negat
1813 2213 1948 2245 Iacobus
1970 2222 2106 2253 regnare
2122 2211 2187 2242 Dei
2209 2211 2302 2252 spiri-

1337 2262 1406 2289 tum
1440 2255 1493 2288 ubi
1527 2256 1637 2297 vigent
1673 2266 1790 2297 pravae
1822 2255 2015 2296 cupiditates
2052 2264 2134 2294 quae
2167 2264 2224 2285 nos
2259 2253 2299 2285 ad

1338 2304 1485 2332 mutuam
1507 2300 1746 2331 contentionem
1766 2299 1909 2330 irritent:
1934 2298 2009 2337 quia
2024 2297 2190 2338 proprium
2206 2295 2301 2336 spiri-

1337 2349 1391 2375 tus
1424 2346 1473 2374 est
1505 2342 1609 2382 magis
1642 2351 1678 2373 ac
1712 2342 1816 2382 magis
1852 2340 1999 2372 homines
2036 2341 2129 2371 novis
2165 2338 2301 2371 subinde

1337 2385 1428 2417 donis
1443 2384 1646 2424 locupletare.
1681 2385 1764 2416 Aliis
1782 2382 2103 2424 interpretationibus
2119 2381 2298 2414 refutandis

1336 2438 1402 2460 non
1420 2428 1584 2459 immoror.
1618 2427 1796 2467 Exponunt
1811 2426 1952 2467 quidam,
1976 2425 2123 2465 spiritum
2142 2425 2297 2457 adversus

1335 2470 1491 2503 invidiam
1513 2470 1748 2510 concupiscere.
1792 2469 1830 2500 Id
1860 2468 1956 2500 nimis
1979 2468 2096 2499 durum
2119 2472 2168 2499 est
2190 2471 2223 2499 et
2244 2477 2297 2499 co-

1335 2518 1453 2546 actum.
1497 2512 1676 2552 Exponunt
1700 2512 1798 2544 dare
1821 2512 2009 2542 maiorem
2032 2511 2213 2551 gratiam
2237 2520 2300 2551 qua

1335 2557 1506 2588 domentur
1535 2555 1819 2595 concupiscentiae,
1849 2558 1880 2585 et
1905 2556 2062 2594 cogantur
2084 2553 2119 2584 in
2141 2552 2298 2585 ordinem.

1336 2599 1459 2631 Verum
1492 2608 1606 2630 sensus
1639 2607 1735 2638 quem
1765 2597 1884 2628 adduxi
1912 2595 2015 2638 magis
2047 2595 2209 2637 genuinus
2238 2599 2296 2632 est,

1335 2641 1421 2682 quod
1443 2641 1562 2674 scilicet
1589 2650 1648 2672 sua
1671 2640 1881 2672 beneficentia
1903 2649 1960 2671 nos
1984 2649 2003 2671 a.
2026 2638 2168 2680 maligna
2191 2647 2297 2670 aemu-
