2513 3126
234 210 295 250 13]

234 307 336 340 lianos
365 309 443 340 satis
474 309 633 347 confutat,
662 318 761 348 quum
793 307 924 340 Christo
947 307 1095 340 vendicat
1124 318 1204 347 quae

235 351 333 383 solius
367 356 443 382 sunt
472 351 549 391 Dei,
583 356 614 382 et
647 350 743 382 simul
778 349 857 382 duas
891 351 925 381 in
960 355 1048 390 patre
1077 354 1109 381 et
1139 350 1204 380 filio

234 394 403 426 distinctas
431 394 634 435 hypostaseis
662 398 760 424 notat.
807 393 889 424 Nam
915 393 989 424 hinc
1013 392 1202 432 colligimus,

233 436 337 467 filium
368 447 437 468 esse
467 447 567 467 unum
597 447 670 467 cum
695 441 785 476 patre
808 435 922 473 Deum,
953 440 984 465 et
1009 434 1203 475 proprietate

233 479 443 510 nihilominus
467 479 639 519 distingui:
665 480 708 509 ita
729 484 766 508 ut
787 488 845 509 sua
861 478 976 518 cuique
993 477 1201 508 subsistentia

232 527 366 553 constet.

319 564 479 603 Portetque
507 564 620 595 omnia.
674 563 807 594 Portare
837 561 889 593 hic
920 572 976 601 pro
1009 561 1092 592 tueri
1124 561 1203 592 acei-

232 607 328 647 pitur,
357 608 524 645 facereque
560 611 595 636 ut
633 605 665 635 in
702 614 760 635 suo
790 609 876 635 statu
899 610 1051 635 maneant
1074 609 1200 635 creatu-

232 659 295 681 rae.
341 648 498 688 Intelligit
528 648 614 678 enim
643 647 751 679 omnia
781 657 856 677 mox
886 656 1009 683 casura,
1044 646 1107 677 nisi
1132 646 1201 677 eius

233 692 352 723 virtute
391 691 638 722 sustinerentur.
695 689 903 728 Quamquum
936 698 1113 728 pronomen
1148 688 1201 718 de-

231 734 478 765 monstrativum
512 732 606 769 αὑτος
641 736 706 762 tam
742 730 780 762 de
814 737 907 771 patre
942 740 1037 770 quam
1068 730 1107 761 de
1136 730 1202 761 filio

231 776 348 816 exponi
378 780 497 814 potest:
537 775 618 805 verti
650 775 735 804 enim
767 779 884 813 potest,
919 774 969 805 vel
999 773 1114 812 ipsius,
1151 773 1200 804 vel

231 829 316 850 suae.
361 818 445 856 Quia
475 822 583 848 tamen
609 816 749 848 secunda
772 817 930 856 expositio
953 817 1056 856 magis
1079 821 1127 847 est
1151 826 1200 846 re-

230 866 329 901 cepta,
359 866 390 890 et
414 860 532 899 optime
555 859 690 899 quadrat
713 859 895 890 contextui:
925 870 983 898 ego
1007 869 1077 889 eam
1102 858 1201 889 liben-

230 909 279 934 ter
307 903 490 942 amplect-or.
546 903 596 933 Ad
630 902 766 933 verbum
801 907 859 940 est,
894 902 992 932 verbo
1026 902 1199 941 potentiae.

230 944 294 977 Sed
310 946 474 985 genitivus
499 956 586 976 more
607 945 757 976 hebraico
780 944 959 984 epithetum
985 945 1080 975 valet.
1116 943 1199 974 Nam

228 987 312 1028 quod
344 988 492 1018 nonnulli
520 989 564 1018 ita
588 992 750 1027 torquent,
781 987 948 1018 Christum
973 987 1081 1017 omnia
1104 987 1198 1017 susti—

226 1041 303 1061 nere
328 1031 424 1061 verbo
447 1031 557 1070 patris,
582 1030 641 1062 hoc
665 1036 721 1068 est,
745 1041 778 1061 se
801 1030 871 1070 ipso
894 1031 948 1070 qui
974 1030 1106 1061 verbum
1131 1035 1198 1061 est:

227 1073 309 1104 nihil
343 1073 439 1104 habet
472 1073 597 1105 coloris.
654 1072 781 1104 Deinde
819 1072 901 1103 nihil
935 1083 1014 1112 opus
1048 1079 1098 1103 est
1133 1080 1197 1103 tam

226 1121 337 1151 coacta
364 1116 573 1155 expositione.
618 1116 730 1156 Neque
754 1115 839 1146 enim
863 1115 944 1146 solet
968 1115 1119 1146 Christus
1142 1126 1198 1146 vo-

226 1159 291 1190 cari
323 1158 418 1199 ῥῆμα,
452 1159 507 1189 sed
536 1158 641 1200 λόγος.
694 1159 802 1197 Quare
832 1158 966 1189 verbum
999 1158 1050 1189 hic
1080 1158 1199 1198 simpli-

227 1201 307 1233 citer
340 1208 456 1232 nutum
490 1202 658 1241 significat.
714 1202 756 1232 Et
786 1211 900 1232 sensus
930 1206 987 1237 est,
1023 1200 1198 1240 Christum,

228 1245 281 1284 qui
297 1244 363 1276 solo
387 1250 468 1274 nutu
493 1250 594 1275 totum
618 1245 776 1275 mundum
800 1249 978 1281 conservat,
1001 1254 1065 1274 non
1090 1249 1198 1274 tamen

225 1297 390 1319 recusasse
427 1297 545 1318 munus
582 1287 786 1327 peragendae
819 1292 948 1317 nostrae
986 1286 1197 1327 purgationis.

225 1330 334 1370 Atque
365 1330 424 1361 hoc
446 1329 622 1362 secundum
646 1336 694 1361 est
718 1329 898 1361 membrum
922 1329 1093 1367 doctrinae,
1117 1339 1197 1369 quae

225 1374 259 1403 in
289 1372 349 1404 hac
379 1372 514 1413 epistola
545 1379 711 1405 tractatur.
756 1372 869 1404 Status
899 1373 984 1403 enim
1010 1372 1108 1403 totius
1132 1371 1194 1403 dis-

225 1416 401 1455 putationis
431 1416 463 1446 in
489 1416 539 1447 his
562 1416 684 1447 duobus
708 1415 864 1455 capitibus
888 1421 1050 1446 versatur:
1083 1415 1195 1447 Chris-

226 1466 309 1497 tum,
346 1459 420 1498 quia
453 1469 579 1490 summa.
613 1459 784 1490 autoritate
819 1458 983 1498 praeditus
1018 1463 1080 1496 est,
1118 1469 1194 1498 prae

225 1501 372 1532 omnibus
403 1501 475 1532 aliis
505 1512 574 1532 esse
604 1501 818 1532 audiendum:
853 1507 884 1532 et
911 1502 985 1540 quia
1009 1506 1113 1532 morte
1136 1513 1194 1532 sua

225 1554 283 1574 nos
317 1545 401 1584 patri
435 1544 666 1582 reconciliavit,
703 1545 865 1575 veteribus
898 1544 1062 1575 sacrificiis
1096 1545 1194 1575 finem

224 1586 423 1626 imposuisse.
473 1587 549 1617 Ideo
580 1587 682 1627 prima
711 1587 791 1618 haec
821 1587 990 1624 sententia,
1023 1598 1121 1627 quum
1151 1588 1195 1618 sit

223 1629 385 1669 generalis
420 1630 601 1670 propositio,
635 1630 733 1661 etiam
763 1630 950 1661 bimembris
980 1636 1039 1661 est.
1091 1630 1193 1661 Porro

224 1682 323 1711 quum
349 1671 435 1709 dicit,
466 1683 532 1712 per
555 1683 595 1704 se
619 1672 766 1712 ipsum,
796 1672 1018 1703 subaudienda
1041 1678 1090 1704 est
1113 1674 1193 1704 anti-

224 1714 340 1746 thesis:
365 1715 447 1754 quod
464 1715 545 1755 legis
560 1716 719 1746 mosaicae
743 1715 865 1746 umbris
889 1715 928 1746 ad
952 1715 984 1746 id
1008 1725 1073 1747 non
1097 1716 1194 1747 fuerit

224 1757 363 1788 adiutus.
410 1758 581 1789 Praeterea
612 1758 784 1790 discrimen
816 1758 901 1789 inter
931 1758 1037 1798 ipsum
1062 1764 1092 1789 et
1115 1758 1193 1790 levi·

224 1800 303 1831 ticos
336 1800 516 1832 sacerdotes
549 1801 699 1833 ostendit.
752 1801 834 1832 Nam
868 1805 900 1832 et
934 1801 967 1832 hi
1002 1801 1192 1833 dicebantur

223 1849 352 1882 peccata
368 1844 513 1883 expiare:
536 1844 591 1874 sed
609 1844 692 1876 hanc
710 1844 776 1875 vim
796 1843 926 1875 aliunde
950 1844 1193 1876 mutuabantur.

223 1884 372 1926 Denique
406 1887 576 1918 excludere
611 1887 712 1918 voluit
746 1887 854 1918 omnia
888 1886 952 1918 alia
985 1887 1107 1928 media,
1143 1887 1192 1918 vel

223 1928 426 1966 adminicula,
457 1940 556 1969 quum
587 1930 787 1970 purgationis
817 1935 849 1960 et
875 1930 1014 1969 pretium
1038 1936 1068 1961 et
1094 1930 1194 1961 virtu·

223 1977 288 2002 tem
310 1972 343 2003 in
368 1972 499 2004 Christo
522 1973 642 2003 statuit.

308 2014 449 2048 Consedit
475 2017 510 2047 in
538 2016 672 2048 dextera.
716 2015 765 2047 Ac
795 2016 821 2047 si
850 2015 979 2053 diceret,
1008 2015 1112 2047 salute
1137 2016 1191 2048 ho-

220 2059 363 2090 minibus
395 2065 485 2099 parta
514 2059 548 2089 in
580 2059 707 2094 mundo,
740 2064 886 2099 receptus
916 2065 964 2089 est
993 2059 1026 2089 in
1054 2059 1191 2099 gloriam

221 2101 401 2139 coelestem,
425 2108 459 2132 ut
481 2102 588 2133 omnia
611 2102 777 2142 gubernet.
820 2101 892 2133 Hoc
914 2106 1021 2132 autem
1045 2102 1191 2139 subiecit,

220 2149 258 2176 ut
286 2144 442 2176 indicaret
473 2155 538 2175 non
561 2155 630 2176 esse
661 2144 888 2184 temporariam
919 2144 1065 2182 salutem,
1096 2155 1190 2184 quam

222 2188 312 2218 nobis
352 2188 527 2227 acquisivit.
585 2187 666 2218 Nam
708 2187 824 2226 alioqui
860 2191 1051 2226 potestatem
1086 2188 1191 2218 metiri

222 2230 361 2262 solemus
384 2241 424 2261 ex
449 2230 609 2270 praesenti
634 2230 794 2269 adspectu.
836 2229 1003 2261 Christum
1027 2240 1102 2270 ergo
1126 2241 1190 2261 non

222 2272 292 2304 ideo
323 2273 455 2304 minoris
487 2273 666 2303 faciendum
702 2273 851 2303 admonet
885 2273 961 2312 quia
994 2273 1094 2304 oculis
1126 2284 1190 2304 non

221 2322 387 2346 cernatur:
417 2316 471 2346 sed
502 2316 605 2356 potius
636 2316 722 2346 hunc
749 2325 819 2346 esse
842 2315 1005 2346 cumulum
1030 2316 1098 2347 eius
1122 2315 1190 2356 glo·

222 2359 300 2395 riae,
333 2358 414 2398 quod
448 2366 595 2398 receptus
629 2366 677 2390 est
711 2368 747 2389 ac
779 2364 910 2389 evectus
944 2359 978 2388 in
1011 2368 1189 2389 summum:

222 2400 299 2431 illud
323 2401 455 2440 *imperii
487 2401 662 2442 fastigium.
720 2401 804 2431 Nam
834 2400 967 2432 dextera
998 2411 1055 2440 per
1077 2400 1189 2432 simili-

223 2443 366 2474 tudinem
397 2444 435 2475 ad
460 2443 565 2474 Deum
598 2444 800 2479 transfertur,
833 2443 886 2482 qui
918 2454 1019 2483 neque
1046 2444 1189 2475 inclusus

223 2491 270 2516 est
287 2486 362 2522 loco,
387 2496 443 2517 nec
466 2486 550 2518 latus
570 2486 666 2518 habet
691 2486 739 2517 vel
764 2486 915 2517 dextrum
941 2486 989 2517 vel
1013 2486 1188 2518 sinistrum.

224 2529 332 2559 Sessio
362 2528 467 2568 itaque
490 2529 612 2560 Christi
636 2529 717 2560 nihil
741 2528 828 2559 aliud
851 2534 901 2560 est
924 2539 1019 2569 quam
1043 2539 1189 2569 regnum,

223 2571 306 2610 quod
338 2569 385 2600 illi
414 2580 433 2601 a
462 2575 551 2610 patre
574 2572 683 2603 datum
707 2577 764 2609 est,
795 2582 831 2603 ac
854 2577 996 2612 potestas
1024 2571 1078 2602 illa
1101 2572 1189 2603 cuius

223 2613 370 2644 meminit
394 2613 516 2644 Paulus
538 2612 670 2654 (Philip.
694 2615 723 2654 2,
749 2614 810 2655 10),
841 2620 876 2645 ut
904 2614 937 2645 in
971 2615 1098 2645 nomine
1121 2614 1189 2645 eius

222 2666 316 2687 omne
345 2665 431 2695 genu
461 2656 619 2687 flectatur.
666 2657 752 2697 Ergo
781 2657 892 2688 sedere
924 2657 962 2687 ad
988 2657 1089 2697 patris
1113 2656 1189 2687 dex-

1127 211 1276 243 CAPUT
1301 211 1326 242 I.
2194 216 2230 246 14

1258 310 1372 347 teram,
1405 308 1486 339 nihil
1515 308 1600 340 aliud
1625 314 1672 340 est
1696 319 1791 349 quam
1815 310 1997 350 gubernare
2022 311 2089 342 vice
2113 312 2226 351 patris:

1257 351 1395 390 qualiter
1410 351 1514 382 solent
1530 352 1710 392 principum
1730 352 1837 392 legati,
1861 353 1974 393 quibus
1997 353 2096 384 libera
2120 365 2226 385 rerum

1256 394 1398 424 omnium
1435 399 1574 434 potestas
1607 400 1656 425 est
1688 404 1848 426 concessa.
1901 396 1944 426 Et
1978 396 2048 427 ideo
2082 396 2225 427 additum

1257 438 1305 465 est
1327 435 1507 475 epithetum
1530 437 1894 477 magnificentiae:
1933 438 2061 475 deinde,
2096 439 2135 469 in
2159 450 2226 470 ex-

1256 478 1394 510 celsis:
1434 483 1469 510 ut
1505 479 1665 519 significet
1701 479 1891 511 collocatum
1929 492 1998 512 esse
2032 481 2064 512 in
2099 481 2225 513 excelso

1255 519 1371 551 throno
1388 521 1565 560 Christum,
1590 522 1674 553 unde
1692 522 1841 554 maiestas
1859 523 1919 554 Dei
1936 524 2102 564 refulgeat.
2138 524 2224 565 Ergo

1255 562 1347 593 sicuti
1371 563 1526 595 amandus
1551 569 1598 595 est
1622 564 1849 605 redemptionis
1874 567 2011 604 nominc,
2041 566 2086 597 ita
2110 567 2142 597 in
2168 567 2227 599 hac

1255 606 1495 645 magnificentia
1518 606 1710 639 adorandus.

1341 690 1369 721 4.
1398 691 1494 721 Tanto
1517 693 1730 730 praestantior
1760 693 1878 734 anyelis
1897 693 2008 733 factus,
2040 697 2156 733 quanto
2179 705 2228 726 cx-

1255 732 1410 763 cellentius
1428 743 1509 772 prae
1532 735 1611 773 ipsis
1633 736 1760 766 sortitus
1780 739 1824 767 est
1846 746 1964 767 nomen.
2009 735 2039 767 5.
2065 736 2124 768 Cui
2145 738 2228 768 em'm

1255 784 1393 813 unquam
1415 776 1594 816 anqelorum
1616 778 1712 809 dixit.-
1731 778 1820 817 filius
1841 789 1927 810 meus
1949 789 1980 810 es
2002 781 2044 817 tu,
2068 790 2119 819 eqo
2140 780 2228 811 hodie

1252 817 1347 857 qenai
1369 817 1420 848 te?
1465 818 1507 848 Ec
1529 829 1659 850 rursus.-
1681 831 1731 851 ero
1754 821 1802 852 illi
1825 822 1859 853 in
1876 824 2010 862 patrem,
2033 825 2061 853 et
2084 823 2149 861 ipse
2170 823 2228 854 erit

1253 859 1331 890 mihi
1360 860 1394 890 in
1420 860 1547 894 tilium?
1592 863 1621 892 6.
1653 862 1780 894 Rursus
1808 867 1907 895 autem
1937 874 2032 904 quum
2063 865 2228 897 introducit

1251 902 1368 976 ᾒΖΞᾳἨΞ)
1385 903 1418 933 in
1452 903 1562 941 orbem,
1596 905 1688 936 dicit:
1721 908 1747 936 et
1780 907 1906 938 adorent
1938 917 2006 939 eum
2040 917 2141 939 omnes
2175 918 2228 939 an-

1250 955 1287 985 ye
1300 955 1311 975 ι
1369 955 1406 976 ez.

1337 1030 1367 1062 4.
1394 1031 1492 1062 Tanto
1502 1032 1723 1070 praestantior.
1762 1033 1935 1073 Postquam
1952 1034 2121 1066 Christum
2139 1035 2225 1067 Mosi

1253 1078 1285 1104 et
1316 1074 1447 1114 reliquis
1477 1075 1626 1105 omnibus
1657 1076 1816 1114 praetulit,
1852 1087 1936 1107 nunc
1971 1077 2094 1118 angelis
2124 1079 2223 1109 etiam

1251 1117 1476 1156 comparando,
1501 1116 1635 1156 gloriam
1660 1118 1728 1149 eius
1753 1119 1854 1157 magis
1879 1119 2059 1158 amplificat.
2095 1121 2223 1152 Tritum

1251 1166 1320 1190 erat
1350 1159 1434 1199 apud
1458 1159 1604 1196 Iudaeos,
1637 1160 1740 1200 legem
1773 1171 1828 1200 per
1851 1162 1982 1201 angelos
2005 1173 2073 1194 esse
2097 1163 2223 1194 datam:

1251 1202 1424 1233 audiebant
1456 1212 1536 1242 quae
1564 1203 1684 1242 passim
1709 1203 1747 1234 de
1770 1204 1903 1243 ipsissin
1927 1205 2085 1244 scriptura
2109 1206 2223 1246 legun-

1252 1250 1304 1275 tur
1337 1244 1512 1276 honorifice
1544 1245 1640 1275 dicta:
1675 1251 1707 1276 et
1738 1249 1772 1276 ut
1802 1247 1882 1277 mire
1905 1247 1937 1277 in
1961 1248 2222 1287 superstitionem

1251 1288 1401 1327 proclivis
1432 1291 1481 1319 est
1512 1288 1669 1325 mundus,
1704 1289 1835 1328 angelos
1866 1290 2001 1320 nimium
2031 1291 2222 1331 extollendo,

1251 1330 1313 1361 Dei
1354 1331 1488 1370 gloriam
1531 1331 1755 1362 obscurabant.
1811 1332 1899 1372 Ergo
1939 1334 2103 1372 opportuit
2136 1334 2221 1374 ipsos

1249 1374 1319 1414 cogi
1350 1374 1384 1404 in
1414 1384 1508 1405 suum
1532 1374 1685 1411 ordinem,
1720 1384 1758 1404 ne
1782 1373 1906 1406 Christi
1930 1375 2092 1415 splendori
2117 1376 2221 1407 obsta—

1249 1419 1332 1447 rent.
1356 1416 1405 1448 Ac
1421 1417 1561 1456 primum
1578 1427 1617 1447 ex
1637 1417 1768 1448 nomine
1780 1423 2038 1458 argumentatur,
2055 1418 2221 1450 Christum

1248 1459 1344 1499 longe
1375 1469 1473 1499 supra
1506 1469 1559 1490 eos
1587 1459 1755 1498 excellere,
1785 1462 1860 1500 quia
1886 1465 2016 1492 vocetur
2040 1461 2125 1492 filius
2149 1462 2219 1493 Dei.

1247 1501 1320 1533 Hoc
1351 1508 1458 1533 autem
1490 1502 1584 1533 titulo
1607 1501 1773 1533 Christum
1806 1503 1902 1534 fuisse
1932 1503 2123 1543 insignitum
2149 1516 2220 1544 pro-

1248 1544 1303 1576 bat
1320 1545 1442 1576 duobus
1459 1545 1637 1584 scripturae
1654 1545 1860 1576 testimoniis:
1884 1556 2021 1586 quorum
2046 1553 2219 1587 utrumque

1247 1588 1476 1618 excutiendum
1507 1587 1599 1618 nobis
1630 1593 1692 1618 est:
1729 1587 1843 1619 deinde
1874 1599 2032 1620 summam
2063 1590 2108 1621 rei
2132 1590 2220 1621 colli-

1247 1641 1371 1671 gemus.

1332 1673 1362 1704 5.
1387 1673 1494 1705 Filius
1516 1683 1603 1704 meus
1625 1683 1656 1704 es
1678 1674 1719 1703 tu.
1765 1673 1839 1704 Non
1863 1679 1910 1705 est
1934 1674 2117 1715 negandum
2142 1676 2219 1716 quin

1247 1715 1285 1747 de
1303 1715 1429 1747 Davide
1452 1715 1510 1747 hoc
1536 1715 1752 1755 praedicetur:
1777 1727 1894 1757 nempe
1917 1724 2075 1756 quatenus
2095 1718 2219 1750 Christi

1247 1770 1415 1798 personam
1451 1759 1612 1789 sustinuit.
1667 1759 1754 1799 Ergo
1788 1770 1868 1799 quae
1903 1759 2066 1791 habentur
2097 1762 2128 1791 in
2161 1761 2219 1793 hoc

1246 1802 1386 1841 psalmo,
1426 1802 1459 1832 in
1484 1801 1610 1832 Davide
1650 1802 1795 1841 oportuit
1834 1802 2035 1833 adumbrari:
2087 1803 2142 1834 sed
2185 1804 2219 1835 in

1247 1844 1378 1876 Christo
1409 1850 1483 1876 sunt
1513 1855 1676 1884 expressa.
1723 1844 1805 1875 Nam
1830 1845 1913 1884 quod
1940 1845 2049 1876 multis
2074 1846 2220 1878 hostibus

1245 1887 1452 1918 circumcirca
1484 1887 1622 1925 domitis,
1652 1888 1743 1927 regni
1774 1888 1824 1918 sui
1855 1888 1934 1918 fines
1957 1888 2124 1928 ampliavit
2148 1889 2218 1920 ille:

1246 1931 1306 1961 fuit
1329 1931 1435 1970 aliqua
1454 1930 1549 1960 huius
1574 1931 1792 1969 promissionis
1812 1930 2023 1969 adumbratio,
2044 1930 2136 1962 Dabo
2160 1932 2219 1964 tibi

1244 1979 1359 2014 gentes
1389 1975 1421 2003 in
1454 1972 1694 2004 haereditatem.
1750 1972 1814 2004 Sed
1846 1973 2038 2013 quantulum
2069 1973 2128 2006 hoc
2160 1975 2219 2006 fuit

1245 2027 1321 2056 prae
1345 2015 1558 2055 amplitudine
1588 2016 1680 2055 regni
1705 2014 1837 2056 Christi,
1870 2025 1952 2055 quae
1975 2017 2014 2047 ab
2039 2016 2162 2049 oriente
2185 2018 2218 2048 in

1244 2059 1441 2091 occidentem
1473 2069 1573 2097 usque
1597 2058 1704 2098 patet?
1751 2058 1875 2089 Eadem
1901 2059 2023 2089 ratione
2046 2059 2132 2090 filius
2156 2059 2218 2091 Dei

1244 2107 1377 2133 vocatus
1407 2101 1480 2131 suit:
1517 2101 1576 2131 hoc
1607 2108 1663 2139 est,
1698 2101 1902 2141 peculiariter
1933 2112 1951 2132 a
1979 2101 2049 2132 Deo
2078 2103 2218 2134 selectus

1243 2144 1282 2175 ad
1314 2155 1363 2175 res
1397 2143 1543 2184 egregias
1572 2143 1741 2185 gerendas.
1798 2143 1862 2175 Sed
1893 2143 1971 2175 haec
2010 2145 2065 2175 vix
2092 2146 2215 2177 modica

1244 2187 1384 2219 scintilla
1412 2187 1470 2217 fuit
1501 2187 1568 2217 eius
1591 2186 1720 2227 gloriae,
1751 2197 1832 2227 quae
1863 2187 1897 2217 in
1921 2186 2052 2218 Christo
2079 2188 2216 2228 refulsit,

1243 2231 1294 2262 cui
1330 2236 1417 2270 pater
1451 2230 1625 2269 imaginem
1659 2240 1749 2260 suam
1785 2229 1962 2269 insculpsit.
2012 2229 2065 2260 Ita
2099 2241 2216 2262 nomen

1244 2273 1301 2304 filii
1325 2272 1480 2313 singulari
1504 2273 1731 2312 praerogativa
1753 2272 1784 2303 in
1810 2272 1914 2303 solum
1939 2271 2105 2304 Christum
2130 2283 2216 2305 com-

1243 2316 1339 2356 petit:
1370 2326 1427 2346 nec
1459 2321 1564 2354 potest
1587 2315 1618 2345 in
1647 2315 1746 2346 alium
1771 2315 1919 2355 quemvis
1945 2315 2112 2346 transferri
2137 2316 2214 2356 quin

1243 2359 1440 2398 profanetur.
1483 2357 1579 2388 Hunc
1602 2358 1688 2389 enim
1713 2364 1744 2389 et
1768 2359 1928 2388 neminem
1952 2357 2049 2388 alium
2072 2359 2215 2399 signavit

1243 2407 1343 2440 pater.
1390 2399 1454 2432 Sed
1486 2411 1598 2440 parum
1629 2400 1733 2432 adhuc
1762 2401 1891 2431 firmum
1916 2400 2012 2431 etiam
2038 2400 2097 2432 hoc
2121 2401 2215 2432 modo

1243 2444 1372 2474 videtur
1395 2448 1620 2483 argumentum
1645 2443 1788 2483 apostoli.
1825 2442 1920 2474 Unde
1943 2443 2027 2474 enim
2045 2442 2212 2475 Christum

1241 2486 1436 2526 superiorem
1462 2496 1531 2517 esse
1559 2486 1682 2527 angelis
1705 2485 1880 2524 contendit,
1911 2486 1971 2516 nisi
1996 2486 2071 2525 quia
2095 2497 2210 2517 nomen

1242 2529 1337 2560 habet
1367 2528 1447 2559 filii‘?
1493 2528 1594 2568 Quasi
1627 2539 1701 2560 vero
1733 2539 1797 2559 non
1825 2529 1865 2559 sit
1889 2528 1948 2559 hoc
1972 2528 2018 2558 illi
2041 2539 2212 2560 commune

1241 2582 1314 2603 cum
1349 2571 1563 2611 principibus,
1595 2576 1626 2602 et
1663 2571 1844 2611 quicunque
1876 2575 2032 2610 potestate
2055 2572 2211 2602 eminent:

1242 2614 1280 2645 de
1300 2615 1414 2653 quibus
1433 2614 1587 2654 scriptum
1612 2620 1675 2645 est:
1701 2624 1757 2645 vos
1781 2614 1824 2644 dii
1848 2614 1934 2653 estis,
1958 2618 1990 2644 et
2014 2614 2070 2644 filii
2094 2614 2210 2645 excelsi

1242 2667 1363 2688 omnes.
1409 2656 1509 2696 Quasi
1543 2667 1604 2688 non
1640 2656 1901 2688 honorificentius
1933 2657 1971 2686 de
2003 2662 2068 2687 toto
2091 2655 2211 2687 Israele
