2513 3126
90 206 154 239 353

90 313 260 335 servemur
289 302 323 334 in
353 301 413 334 hac
441 303 509 334 vita
532 302 567 332 ut
589 299 733 330 fruamur
755 295 846 328 bonis
869 295 1057 334 innumeris,

91 356 149 379 eur
178 345 278 377 simus
305 345 338 376 in
361 355 451 385 spem
474 341 615 375 melioris
638 340 723 372 vitae
745 339 877 376 conditi,
907 349 965 371 cur
988 338 1059 370 1000

92 393 126 420 01
155 387 371 428 intelligentia
400 385 534 427 praediti
567 384 684 415 simus:
719 392 784 413 non
819 382 883 413 alia
915 381 1059 412 omnium

91 441 191 464 eausa
218 431 333 462 adduci
356 429 472 470 poterit
503 436 598 467 quam
632 425 794 465 gratuitus
816 435 894 465 erga
918 435 975 456 nos
998 423 1060 454 Dei

93 482 199 506 amor:
230 473 286 504 sed
309 473 513 513 praecipuum
536 469 699 508 specimen
723 467 774 499 hic
797 467 911 507 deligit
934 468 1058 507 aposto-

92 517 154 554 lus,
176 520 209 547 et
231 515 314 556 quod
338 512 469 553 reliquis
490 511 639 542 omnibus
662 509 757 550 longe
780 509 956 550 praecellit.
996 509 1060 541 Hic

93 558 181 592 enim
210 568 273 590 non
302 558 476 588 immensus
506 558 630 585 tantum
662 552 724 583 fuit
752 553 813 584 Dei
844 563 943 591 amor,
976 551 1060 592 quod

94 601 224 642 proprio
258 600 322 631 filio
355 607 418 629 non
449 596 602 637 pepercit,
636 597 672 626 ut
703 595 772 626 eius
804 601 907 627 morte
937 605 995 627 000
1026 595 1059 625 10

94 644 196 676 vitam
230 643 430 674 restitueret:
463 639 519 670 sed
553 639 725 679 plusquam
755 638 892 670 mirifica
924 638 1060 675 bonitas,

94 696 177 727 quae
213 688 337 716 mentes
373 686 501 713 nostras
538 681 571 712 in
607 686 772 721 stuporem
810 691 923 720 rapere
957 680 1060 712 debet.

95 729 186 769 Ergo
209 726 359 759 Christus
389 729 455 755 tam
487 723 612 755 illustre
641 726 691 755 est
713 733 750 755 ac
772 723 937 764 singulare
960 722 1062 754 divini

95 781 174 811 erga
205 779 264 800 nos
297 768 414 799 amoris
448 766 694 804 documentum,
728 770 765 797 ut
798 767 923 806 quoties
955 766 1061 806 ipsum

94 815 267 848 intuemur,
300 809 386 841 hanc
418 809 596 841 doctrinam
630 809 727 849 plane
761 809 851 840 nobis
884 809 1063 848 confirmet,

95 854 178 896 quod
206 853 298 884 Deus
328 853 370 883 311
399 851 537 884 dilectio.
589 851 684 891 Quod
715 851 978 892 unigenitum
1010 860 1064 890 ap-

95 897 203 939 pellat,
225 895 266 926 ad
289 894 426 926 auxesin
449 894 545 926 valet.
587 894 627 925 In
650 904 687 926 eo
709 895 796 926 enim
819 895 938 926 clarius
960 899 1065 926 osten-

94 940 142 972 dit
171 948 269 979 quam
299 939 394 970 unice
423 947 482 969 nos
512 941 649 976 amaret,
682 937 765 977 quod
800 938 931 969 unicum
961 937 1062 968 filium

94 981 246 1022 exposuit
265 985 378 1013 nostra
396 990 493 1012 causa
514 980 549 1011 in
572 984 718 1011 mortem.
751 980 880 1011 Interea
903 980 957 1020 qui
980 990 1065 1011 unus

93 1028 145 1057 est
175 1029 293 1055 natura
322 1024 416 1062 filius,
450 1023 554 1063 gratia
583 1028 614 1054 et
637 1022 809 1063 adoptione
832 1023 951 1055 multos
974 1022 1066 1054 facit:

93 1076 303 1107 quoscunque
344 1066 466 1098 00111001
499 1065 561 1097 fide
595 1066 707 1097 inserit
742 1066 774 1096 10
809 1076 925 1105 corpus
959 1075 1066 1096 suum.

93 1109 212 1142 Finem
229 1109 393 1149 exprimit,
416 1119 475 1140 cur
497 1109 613 1139 missus
637 1119 655 1139 a
678 1115 769 1149 patre
792 1108 890 1140 fuerit
906 1108 1067 1147 Christus,

95 1157 140 1184 ut
173 1162 232 1192 per
264 1162 338 1183 eum
374 1151 532 1184 vivamus.
583 1151 667 1182 Nam
697 1158 789 1182 extra
818 1152 923 1191 ipsum
955 1161 1066 1183 sumus

94 1205 207 1227 omnes
237 1195 364 1226 mortui.
423 1194 581 1225 Adventu
611 1198 721 1225 autem
751 1204 810 1225 suo
845 1194 945 1226 vitam
975 1193 1067 1226 nobis

96 1238 223 1269 attulit:
261 1242 293 1268 et
329 1237 392 1268 nisi
429 1236 534 1268 obstet
571 1241 682 1268 nostra
716 1236 942 1276 incredulitas,
980 1236 1066 1269 hunc

94 1280 220 1321 gratiae
242 1280 311 1312 eius
333 1280 485 1311 effectum
508 1280 542 1310 in
565 1279 657 1311 nobis
679 1280 846 1311 sentimus.

183 1323 233 1355 10.
256 1322 300 1354 In
325 1322 379 1355 hoc
407 1325 451 1354 est
470 1322 600 1354 dilectio.
645 1322 833 1363 Amplificat
856 1321 919 1354 alia
940 1322 1067 1354 ratione

95 1365 160 1397 Dei
188 1375 341 1404 amorem,
375 1364 460 1406 quod
488 1365 610 1397 00111001
639 1366 741 1396 filium
770 1375 865 1396 suum
895 1365 988 1397 nobis
1015 1364 1066 1396 de-

96 1408 189 1447 derit,
219 1419 281 1447 quo
311 1414 455 1449 tempore
478 1418 606 1440 eramus
628 1408 767 1440 inimici:
797 1407 1067 1448 quemadmodum

95 1451 193 1482 etiam
225 1450 347 1482 Paulus
381 1451 472 1483 docet
502 1451 542 1482 ad
573 1451 738 1482 Romanos
768 1461 838 1491 cap.
862 1451 891 1489 5,
921 1451 948 1482 8.
1001 1450 1066 1482 Sed

95 1494 168 1525 aliis
186 1494 293 1525 verbis
309 1494 420 1533 utitur,
442 1493 527 1534 quod
543 1493 635 1525 Deus
657 1493 747 1525 nullo
769 1493 938 1525 hominum
960 1503 1068 1526 amore

96 1540 291 1577 provocatus
307 1546 362 1568 eos
380 1537 464 1568 ultro
483 1536 642 1568 dilexerit.
675 1536 800 1575 Quibus
825 1536 933 1568 verbis
955 1536 1068 1568 docere

96 1579 218 1619 voluit,
253 1579 431 1620 gratuitum
470 1589 548 1619 erga
585 1590 643 1611 003
680 1579 776 1611 fuisse
814 1589 957 1611 amorem
995 1579 1067 1611 Dei.

96 1621 239 1654 Tametsi
269 1628 376 1653 autem
407 1622 543 1662 apostoli
572 1622 744 1654 eonsilium
774 1626 823 1654 est
847 1623 952 1654 Deum
976 1622 1068 1654 nobis

95 1664 292 1696 imitandum
326 1675 521 1705 proponere:
555 1675 620 1696 non
655 1669 761 1696 tamen
796 1665 992 1706 negligenda
1021 1670 1069 1697 est

95 1707 172 1740 fidei
206 1707 352 1740 doctrina
385 1718 481 1748 quam
515 1707 612 1739 simul
646 1707 808 1739 admiscet.
865 1708 978 1740 Gratis
1012 1718 1070 1740 000

96 1750 188 1782 13000
218 1751 349 1782 amavit.
396 1749 485 1782 Cur?
520 1750 596 1790 quia
618 1756 791 1790 antequam
817 1751 885 1782 nati
909 1760 1069 1782 essemus:

96 1793 213 1824 deinde
241 1793 316 1834 quia
344 1793 377 1824 10
406 1794 467 1825 ista
490 1799 626 1824 naturae
649 1793 812 1833 pravitate
835 1804 889 1825 cor
913 1793 1070 1825 habemus

96 1835 137 1867 ab
166 1846 204 1867 eo
233 1836 417 1873 adversum,
453 1840 485 1867 et
507 1836 547 1867 ad
571 1840 675 1867 rectos
699 1836 830 1877 piosque
854 1837 989 1868 affectus
1012 1837 1070 1868 mi-

96 1878 185 1910 nime
218 1878 369 1910 flexibile.
420 1878 457 1910 Si
488 1878 593 1910 Iocum
624 1878 758 1910 haberet
788 1880 988 1921 papistarum
1019 1890 1069 1911 ar·

96 1922 188 1962 gutia
230 1931 483 1962 unumquenque
527 1922 664 1953 electum
702 1932 772 1953 esse
810 1933 829 1954 a
869 1923 938 1953 Deo
976 1928 1071 1962 prout

96 1974 204 1996 amore
235 1964 369 2005 dignum
397 1964 568 2005 praevidit,
601 1975 663 1995 non
687 1969 787 1996 staret
810 1965 890 1997 haec
913 1965 1070 2003 doctrina,

95 2007 235 2047 priorem
253 2017 310 2038 000
334 2006 494 2039 dilexisse.
530 2008 624 2038 Tunc
647 2007 733 2038 enim
757 2018 847 2039 amor
869 2019 946 2049 erga
962 2008 1070 2039 Deum

96 2054 215 2088 noster,
239 2050 362 2090 priores
381 2050 493 2081 ordine
512 2055 647 2086 teneret,
671 2050 796 2081 etiamsi
820 2056 963 2090 tempore
985 2055 1071 2082 esset

96 2093 263 2132 posterior.
295 2092 360 2125 Sed
374 2093 536 2133 apostolus
549 2093 731 2125 consessum
745 2094 923 2134 scripturae
940 2094 1070 2125 axioma

96 2135 207 2175 sumit,
243 2135 329 2176 quod
359 2136 517 2176 prophani
546 2136 600 2167 isti
624 2136 788 2176 sophistae
810 2137 975 2177 ignorant:
1010 2146 1069 2168 nos

97 2177 142 2208 ita
165 2185 332 2218 corruptos
364 2184 397 2210 et
420 2189 537 2219 pravos
560 2179 658 2216 nasci,
690 2183 726 2209 ut
748 2179 842 2211 nobis
864 2180 954 2220 quasi
977 2180 1069 2220 inge-

97 2219 202 2252 nitum
227 2222 269 2252 sit
293 2221 355 2252 Dei
376 2221 495 2259 odium,
518 2227 554 2253 01
577 2221 661 2252 011111
684 2228 875 2262 appetamus
898 2222 961 2253 nisi
983 2222 1068 2263 quod

98 2262 144 2294 illi
168 2263 324 2304 displicet,
348 2269 384 2296 ut
406 2264 527 2305 singuli
549 2265 655 2296 carnis
679 2271 809 2296 nostrae
832 2265 966 2296 affectus
989 2265 1068 2296 assi-

98 2305 195 2337 duum
220 2317 291 2338 cum
316 2307 385 2338 eius
408 2308 532 2339 iustitia
554 2307 673 2339 bellum
697 2310 821 2347 gerant.

184 2347 228 2380 Et
256 2350 343 2381 misit
368 2349 481 2389 filium.
527 2350 615 2390 Ergo
645 2361 685 2381 ex
717 2361 805 2381 mera
830 2350 891 2381 Dei
914 2350 1069 2389 bonitate,

99 2395 252 2431 tanquam
282 2403 321 2423 ex
352 2393 448 2429 fonte,
482 2393 577 2424 fiuxit
607 2393 698 2424 001110
721 2392 873 2425 Christus
901 2403 975 2425 cum
1003 2394 1069 2425 suis

99 2434 248 2465 omnibus
275 2434 376 2467 bonis.
421 2435 704 2475 Quemadmodum
728 2442 834 2467 autem
860 2436 918 2467 hoc
940 2437 1070 2477 cognitu

99 2477 313 2508 necessarium
330 2482 388 2515 est,
412 2489 470 2510 003
486 2478 558 2510 11100
576 2479 712 2510 salutem
736 2479 856 2510 habere
878 2479 911 2510 in
929 2478 1069 2520 Christo,

99 2519 174 2558 quia
189 2525 304 2559 sponte
320 2531 379 2552 nos
395 2521 508 2552 dilexit
529 2521 676 2553 coelestis
699 2528 807 2562 pater:
832 2522 876 2553 ita
899 2521 952 2552 ubi
977 2532 1071 2562 quae-

100 2561 201 2592 renda
224 2567 274 2592 eet
296 2562 398 2594 solida
420 2569 451 2594 et
474 2564 569 2604 plena
593 2564 694 2595 divini
721 2565 754 2596 in
778 2575 836 2596 000
859 2564 977 2595 amoris
1001 2575 1068 2596 cer-

100 2604 213 2644 titudo,
245 2615 310 2636 non
340 2605 402 2636 alio
431 2616 526 2646 quam
557 2607 591 2638 in
615 2607 785 2639 Christum
814 2608 973 2648 respicere
995 2617 1070 2639 con-

100 2647 200 2678 venit.
233 2647 343 2686 Quare
359 2647 394 2678 in
417 2659 510 2679 suum
535 2649 670 2681 exitium
694 2650 865 2682 insaniunt
887 2650 1072 2690 quicunque

203 2706 313 2733 Calvim·
330 2715 421 2740 opera.
453 2707 510 2733 Vol.
529 2707 590 2734 LV.

964 199 1114 231 CAPUT
1145 200 1204 232 1V.

2020 198 2084 230 354

1110 296 1229 327 omisso
1252 295 1392 333 Christo,
1421 296 1575 336 quidnam
1606 295 1644 327 de
1667 306 1701 327 se
1724 295 1757 326 in
1781 304 1897 326 arcano
1922 294 1983 325 Dei
2006 304 2081 326 eon-

1111 338 1182 369 silio
1222 338 1435 370 constitutum
1474 339 1532 377 sit,
1580 338 1758 378 inquirunt.
1821 338 1922 369 Porro
1964 337 2081 368 iterum

1111 391 1239 412 causam
1264 380 1424 413 adventus
1446 381 1580 420 Christi,
1606 381 1738 421 eiusque
1760 379 1905 411 officium
1927 380 2082 420 ostendit,

1111 434 1210 464 quum
1239 423 1310 454 ideo
1336 424 1471 455 missum
1494 427 1733 462 commemorat,
1762 428 1798 454 ut
1822 428 1906 455 esset
1928 422 2081 463 propitia-

1112 466 1157 497 tio
1191 476 1249 506 pro
1282 466 1429 506 peccatis.
1481 467 1529 499 Ae
1563 467 1703 507 primum
1734 466 1863 506 quidem
1893 465 1944 497 his
1976 465 2083 497 verbis

1112 507 1274 548 doeemur,
1306 519 1363 540 003
1392 519 1503 541 001000
1532 520 1588 549 per
1616 512 1782 550 peccatum
1807 508 1903 540 fuisse
1927 507 2084 539 alienatos

1113 561 1131 581 a
1155 551 1236 590 Deo,
1266 555 1299 583 et
1321 561 1451 582 manere
1475 552 1534 584 1100
1557 551 1736 589 dissidium,
1764 550 1865 582 110000
1888 551 2084 582 interveniat

1114 593 1275 633 Christus,
1309 594 1363 633 qui
1397 604 1454 625 nos
1488 594 1680 626 reconciliet.
1736 593 1899 625 Docemur
1932 593 2084 631 00000110,

1113 636 1173 668 1100
1203 647 1272 668 esse
1304 637 1390 667 vitae
1422 641 1549 668 nostrae
1579 638 1717 675 initium,
1747 635 1828 677 quod
1863 635 1952 667 Deus
1980 640 2084 667 morte

1114 679 1172 710 filii
1189 679 1239 710 sui
1259 678 1413 719 placatus,
1437 689 1496 711 nos
1518 680 1551 711 in
1575 681 1714 721 gratiam
1737 678 1861 719 recipit.
1893 678 1977 709 Nam
2000 678 2084 718 quod

1115 721 1373 762 propitiatio
1401 721 1526 761 dicitur,
1558 723 1616 754 hoe
1639 722 1767 763 proprie
1790 721 1830 752 ad
1853 721 1967 752 mortis
1989 721 2085 752 sacri-

1114 764 1223 796 ficium
1254 764 1404 804 pertinet.
1449 765 1617 796 Habemus
1643 775 1732 806 ergo,
1761 764 1822 796 hoc
1845 764 1977 795 honoris
2000 773 2085 795 com-

1115 812 1224 847 petere
1243 807 1278 838 in
1301 807 1405 838 solum
1422 807 1598 845 Christum,
1623 812 1659 839 01
1681 807 1794 839 mundi
1818 810 1947 847 peccat-a
1969 806 2087 846 expiet,

1116 854 1214 890 atque
1236 850 1283 881 ita
1306 850 1491 881 inimicitias
1514 850 1607 882 tollat
1630 851 1715 881 inter
1738 861 1795 881 nos
1817 854 1849 881 et
1867 850 1982 880 Deum.
2019 848 2086 880 Sed

1116 892 1169 925 hic
1198 892 1336 933 emergit
1366 892 1523 933 quaedam
1553 893 1787 933 repugnantiae
1816 892 1948 933 species.
2000 891 2086 923 Nam

1116 936 1143 966 si
1167 935 1257 976 prius
1280 935 1409 967 amabat
1433 935 1533 975 13000,
1561 946 1657 976 quam
1680 945 1714 966 se
1738 935 1890 967 Christus
1913 945 1971 974 pro
1993 934 2088 966 nobis

1119 978 1153 1009 in
1184 982 1324 1009 mortem
1347 979 1487 1017 offerret,
1520 978 1596 1019 quid
1620 988 1702 1010 nova
1725 977 1987 1009 reconciliatione
2009 987 2090 1017 opus

1118 1021 1201 1052 fuit?
1253 1021 1305 1052 Ita
1336 1031 1538 1062 supervacua
1569 1020 1672 1052 videri
1701 1020 1824 1052 Christi
1857 1030 1942 1051 mors
1971 1022 2089 1060 posset.

1118 1064 1324 1104 Respondeo,
1358 1074 1457 1104 quum
1492 1064 1610 1095 dieitur
1638 1063 1790 1095 Christus
1824 1063 1967 1103 placasse
1996 1062 2091 1093 001110

1119 1112 1255 1148 patrem,
1287 1106 1348 1138 1100
1378 1107 1417 1138 ad
1446 1117 1578 1139 sensum
1609 1111 1756 1138 nostrum
1779 1106 1902 1137 referri.
1947 1105 2031 1136 Nam
2055 1109 2091 1136 ut

1119 1160 1232 1181 sumus
1261 1150 1345 1180 male
1374 1150 1466 1182 nobis
1496 1149 1623 1187 conscii,
1658 1149 1766 1180 Deum
1796 1159 1859 1180 non
1887 1148 1949 1179 nisi
1971 1149 2091 1179 iratum

1119 1198 1150 1224 et
1184 1192 1338 1224 infestum
1380 1193 1548 1233 concipere
1590 1202 1776 1232 possumus,
1813 1191 1914 1222 donec
1948 1201 1966 1222 a
1997 1194 2092 1222 reatu

1118 1235 1270 1267 Christus
1292 1245 1352 1266 nos
1375 1235 1530 1266 absolvat.
1567 1235 1657 1266 Deus
1680 1235 1766 1266 enim
1790 1233 1973 1274 ubicunque
1995 1243 2093 1274 appa-

1119 1284 1169 1310 ret
1198 1283 1373 1318 peecatum,
1408 1279 1488 1309 iram
1518 1288 1610 1309 suam
1640 1283 1674 1308 et
1700 1282 1851 1308 aeternae
1874 1276 1986 1308 mortis
2009 1276 2092 1307 iudi-

1119 1322 1206 1352 cium
1231 1321 1301 1352 vult
1324 1321 1446 1353 sentiri.
1486 1321 1574 1352 Hinc
1598 1320 1754 1360 sequitur,
1777 1319 1859 1350 nihil
1883 1329 1977 1359 quam
2000 1329 2091 1359 prae-

1120 1365 1204 1395 senti
1245 1363 1358 1395 mortis
1397 1364 1550 1404 adspectu
1591 1363 1704 1394 terreri
1744 1372 1803 1394 000
1844 1372 1950 1402 posse,
1991 1361 2092 1393 11οο00

1120 1408 1289 1447 peccatum
1303 1406 1455 1438 Christus
1467 1410 1569 1437 morte
1581 1416 1640 1437 sua
1655 1405 1791 1442 aboleat,
1807 1404 1909 1436 donec
1924 1404 2093 1445 sanguinis

1120 1450 1170 1481 001
1201 1449 1305 1490 pretio
1335 1460 1395 1481 nos
1424 1460 1443 1480 a
1465 1453 1567 1480 morte
1589 1449 1713 1480 liberet.
1747 1448 1894 1479 Rursum
1917 1447 1981 1478 Dei
2003 1457 2094 1478 amor

1120 1492 1278 1524 iustitiam
1296 1492 1446 1533 requirit:
1471 1502 1548 1533 ergo
1564 1496 1599 1523 ut
1618 1491 1764 1532 persuasi
1787 1490 1887 1522 simus
1910 1500 1968 1522 000
1990 1489 2093 1521 amari

1121 1536 1162 1567 ad
1187 1535 1356 1567 Christum
1387 1535 1498 1566 venire
1528 1545 1657 1566 necesse
1678 1538 1736 1573 est,
1766 1534 1800 1564 in
1823 1543 1886 1574 quo
1909 1533 1978 1564 0010
2001 1532 2092 1563 001110

1121 1582 1249 1610 0000101
1272 1578 1404 1610 iustitia.
1436 1578 1530 1610 Nunc
1555 1577 1701 1609 videmus
1724 1575 1876 1617 loquendi
1900 1576 2092 1608 varietatem

1122 1631 1206 1662 quae
1235 1621 1270 1652 in
1297 1621 1457 1661 scriptura
1479 1621 1629 1659 occurrit,
1658 1621 1837 1652 secundum
1861 1619 2005 1651 diversos
2028 1627 2094 1649 res-

1121 1669 1249 1705 pectus,
1283 1664 1484 1704 aptissimam
1518 1668 1550 1695 et
1583 1662 1658 1694 fidei
1692 1662 1838 1703 apprime
1869 1661 1983 1693 utilem
2014 1670 2095 1693 0030.

1122 1707 1199 1739 Ideo
1222 1707 1326 1738 filium
1350 1717 1444 1738 suum
1466 1706 1659 1747 interposuit
1684 1705 1782 1743 Deus,
1807 1704 1847 1736 ad
1870 1715 1904 1736 00
1927 1704 2021 1736 nobis
2044 1714 2095 1735 re-

1121 1750 1370 1789 conciliandum,
1403 1749 1477 1790 quia
1500 1760 1560 1781 nos
1582 1748 1726 1780 amabat:
1762 1747 1817 1780 sed
1849 1746 1994 1779 occultus
2024 1750 2095 1778 erat

1122 1803 1215 1825 amor
1248 1793 1319 1830 ille,
1353 1793 1427 1833 quia
1460 1792 1583 1824 interea
1617 1802 1674 1823 nos
1708 1791 1779 1822 Deo
1813 1800 1941 1822 eramus
1975 1789 2095 1830 hostes,

1123 1837 1204 1868 iram
1236 1836 1304 1868 eius
1336 1835 1462 1867 assidue
1486 1834 1699 1876 provocando.
1745 1833 1872 1866 Deinde
1895 1832 1999 1864 malae
2022 1843 2095 1865 000-

1122 1879 1274 1912 scientiae
1307 1878 1444 1910 formido
1476 1882 1508 1910 et
1542 1883 1646 1910 terror
1680 1887 1809 1908 omnem
1843 1876 1927 1908 vitae
1961 1879 2095 1917 gustum

1123 1923 1214 1954 nobis
1244 1921 1439 1953 adimebant.
1496 1921 1585 1963 Ergo
1615 1920 1719 1961 quoad
1760 1919 1837 1951 fidei
1866 1921 1996 1950 nostrae
2024 1929 2095 1950 sen-

1123 1976 1205 2003 sum,
1240 1964 1329 1996 13000
1361 1975 1417 1996 000
1447 1965 1481 1996 10
1510 1964 1642 1996 Christo
1670 1973 1779 1994 amare
1809 1961 1930 2002 incipit.
1975 1961 2097 2001 Quam-

1124 2018 1220 2049 quam
1248 2013 1355 2039 autem
1382 2007 1433 2039 hic
1457 2007 1621 2047 apostolus
1644 2005 1683 2037 de
1707 2006 1811 2046 prima
1834 2004 2095 2037 reconciliatione

1123 2056 1249 2088 tractat,
1281 2051 1420 2082 sciamus
1447 2054 1556 2081 tamen
1580 2049 1641 2081 hoc
1663 2055 1855 2089 perpetuum
1877 2058 1947 2079 esse
1969 2047 2097 2078 Christi

1123 2093 1322 2131 beneficium,
1354 2098 1390 2124 ut
1414 2097 1545 2133 peccata
1567 2091 1739 2132 expiando,
1771 2091 1878 2122 Deum
1902 2090 1996 2122 nobis
2019 2100 2094 2130 pro-

1122 2138 1222 2178 pitiet.
1269 2136 1339 2167 Hoc
1368 2136 1514 2176 papistae
1542 2145 1669 2176 quoque
1693 2135 1801 2174 aliqua
1829 2144 1869 2165 ex
1899 2137 1991 2174 parte
2021 2143 2096 2164 con-

1122 2179 1256 2211 cedunt:
1284 2178 1340 2210 sed
1363 2184 1474 2218 postea
1496 2181 1675 2210 extenuant
1698 2177 1781 2209 hanc
1804 2177 1943 2218 gratiam
1967 2186 2004 2207 ac
2026 2175 2096 2206 fere

1122 2224 1156 2254 in
1187 2222 1324 2253 nihilum
1348 2221 1508 2262 redigunt,
1537 2222 1629 2253 fictae
1652 2220 1884 2252 satisfactiones
1907 2218 2097 2259 ingerendo.

1121 2266 1221 2305 Atqui
1250 2265 1275 2296 01
1307 2264 1455 2296 homines
1477 2275 1511 2296 se
1534 2264 1700 2296 redimunt
1723 2273 1857 2304 operum
1881 2262 1993 2303 pretio,
2029 2271 2095 2292 non

1121 2309 1183 2339 erit
1207 2307 1357 2340 Christus
1386 2308 1480 2340 unica
1509 2307 1704 2348 propitiatio,
1739 2304 2011 2347 quemadmodum
2042 2303 2096 2336 hic

1123 2356 1265 2383 vocatur.

1210 2436 1258 2467 11.
1282 2435 1408 2476 Dilecti,
1437 2436 1467 2467 si
1494 2436 1540 2467 ita
1563 2434 1652 2467 Deus
1673 2444 1728 2466 nos
1749 2433 1869 2472 dilexit,
1899 2442 1956 2464 nos
1977 2442 2098 2473 quoque

1122 2479 1264 2511 debemus
1287 2479 1416 2510 invicem
1437 2478 1575 2519 diligere.
1623 2478 1673 2509 12.
1696 2477 1800 2508 Deum
1826 2485 1914 2508 nemo
1936 2476 2015 2507 vidit
2037 2486 2096 2507 un-

1123 2532 1226 2562 quam.
1289 2521 1326 2552 Si
1358 2521 1522 2562 diliyimus
1553 2531 1609 2552 nos
1636 2520 1783 2558 invicem,
1821 2519 1909 2550 Deus
1940 2519 1976 2550 in
2009 2518 2098 2550 nobis

1122 2567 1241 2597 manet.-
1271 2567 1297 2596 et
1325 2564 1447 2596 dilectio
1469 2564 1537 2595 eius
1554 2563 1693 2603 perfecta
1715 2564 1758 2594 est
1780 2563 1815 2594 in
1836 2561 1933 2593 nobis.
1979 2562 2030 2593 13.
2055 2562 2098 2593 In

1123 2608 1177 2639 hoc
1209 2607 1417 2648 coynoscimus
1445 2607 1525 2646 quod
1547 2607 1581 2638 in
1609 2607 1678 2646 ipso
1708 2615 1879 2644 manemus,
1912 2607 1940 2636 et
1969 2605 2035 2644 ipse
2062 2605 2099 2635 in

1123 2650 1225 2683 nobis:
1257 2650 1333 2690 quia
1362 2660 1399 2681 ex
1426 2649 1542 2689 spiritu
1570 2659 1628 2681 suo
1655 2649 1740 2681 dedit
1760 2648 1856 2680 nobis.
1904 2647 1952 2679 14.
1978 2647 2022 2679 Et
2043 2656 2100 2678 nos

1854 2707 1887 2733 23
