<?xml version="1.0" encoding="UTF-8"?>
<!DOCTYPE html PUBLIC "-//W3C//DTD XHTML 1.0 Transitional//EN"
    "http://www.w3.org/TR/xhtml1/DTD/xhtml1-transitional.dtd">
<html xmlns="http://www.w3.org/1999/xhtml" xml:lang="en" lang="en">
 <head>
  <title>
</title>
<meta http-equiv="Content-Type" content="text/html;charset=utf-8" />
  <meta name='ocr-system' content='tesseract 3.04.00' />
  <meta name='ocr-capabilities' content='ocr_page ocr_carea ocr_par ocr_line ocrx_word'/>
</head>
<body>
  <div class='ocr_page' id='page_1' title='image "./ioanniscalviniop55calv_0243.png"; bbox 0 0 2513 3126; ppageno 0'>
   <div class='ocr_carea' id='block_1_1' title="bbox 127 197 190 229">
    <p class='ocr_par' dir='ltr' id='par_1_1' title="bbox 127 197 190 229">
     <span class='ocr_line' id='line_1_1' title="bbox 127 197 190 229; baseline 0 -1"><span class='ocrx_word' id='word_1_1' title='bbox 127 197 190 229; x_wconf 81' lang='lat'>429</span> 
     </span>
    </p>
   </div>
   <div class='ocr_carea' id='block_1_2' title="bbox 130 288 1104 503">
    <p class='ocr_par' dir='ltr' id='par_1_2' title="bbox 130 288 1104 503">
     <span class='ocr_line' id='line_1_2' title="bbox 218 288 1103 330; baseline -0.003 -8"><span class='ocrx_word' id='word_1_2' title='bbox 218 291 268 323; x_wconf 86' lang='lat'>12.</span> <span class='ocrx_word' id='word_1_3' title='bbox 298 289 380 323; x_wconf 82' lang='lat' dir='ltr'>Ante</span> <span class='ocrx_word' id='word_1_4' title='bbox 412 291 516 322; x_wconf 83' lang='lat' dir='ltr'>omnia</span> <span class='ocrx_word' id='word_1_5' title='bbox 548 300 636 330; x_wconf 79' lang='lat' dir='ltr'>vero,</span> <span class='ocrx_word' id='word_1_6' title='bbox 667 289 786 329; x_wconf 81' lang='lat' dir='ltr'>fratres</span> <span class='ocrx_word' id='word_1_7' title='bbox 812 289 889 327; x_wconf 87' lang='lat' dir='ltr'>mei,</span> <span class='ocrx_word' id='word_1_8' title='bbox 924 298 962 320; x_wconf 80' lang='lat' dir='ltr'>ne</span> <span class='ocrx_word' id='word_1_9' title='bbox 991 288 1103 320; x_wconf 80' lang='lat' dir='ltr'>iaretis</span> 
     </span>
     <span class='ocr_line' id='line_1_3' title="bbox 130 330 1104 375; baseline -0.005 -9"><span class='ocrx_word' id='word_1_10' title='bbox 130 344 226 374; x_wconf 78' lang='lat' dir='ltr'>neque</span> <span class='ocrx_word' id='word_1_11' title='bbox 256 343 314 375; x_wconf 78' lang='lat' dir='ltr'>per</span> <span class='ocrx_word' id='word_1_12' title='bbox 346 332 475 372; x_wconf 77' lang='lat' dir='ltr'>coelum,</span> <span class='ocrx_word' id='word_1_13' title='bbox 509 342 604 373; x_wconf 75' lang='lat' dir='ltr'>neque</span> <span class='ocrx_word' id='word_1_14' title='bbox 630 341 692 372; x_wconf 76' lang='lat' dir='ltr'>per</span> <span class='ocrx_word' id='word_1_15' title='bbox 721 333 851 372; x_wconf 88' lang='lat' dir='ltr'>terram,</span> <span class='ocrx_word' id='word_1_16' title='bbox 885 341 980 371; x_wconf 77' lang='lat' dir='ltr'>neque</span> <span class='ocrx_word' id='word_1_17' title='bbox 1013 330 1104 362; x_wconf 83' lang='lat' dir='ltr'>aliud</span> 
     </span>
     <span class='ocr_line' id='line_1_4' title="bbox 131 375 1103 418; baseline -0.005 -9"><span class='ocrx_word' id='word_1_18' title='bbox 131 376 262 418; x_wconf 78' lang='lat' dir='ltr'><strong><em>quodvis</em></strong></span> <span class='ocrx_word' id='word_1_19' title='bbox 292 375 533 408; x_wconf 69' lang='lat' dir='ltr'>iusiurandum.-</span> <span class='ocrx_word' id='word_1_20' title='bbox 564 375 606 407; x_wconf 83' lang='lat' dir='ltr'>sit</span> <span class='ocrx_word' id='word_1_21' title='bbox 638 376 740 406; x_wconf 82' lang='lat' dir='ltr'>autem</span> <span class='ocrx_word' id='word_1_22' title='bbox 769 376 904 406; x_wconf 77' lang='lat' dir='ltr'>vestrum</span> <span class='ocrx_word' id='word_1_23' title='bbox 946 376 1006 414; x_wconf 86' lang='lat' dir='ltr'>est,</span> <span class='ocrx_word' id='word_1_24' title='bbox 1042 375 1103 405; x_wconf 83' lang='lat' dir='ltr'>est:</span> 
     </span>
     <span class='ocr_line' id='line_1_5' title="bbox 131 416 1104 459; baseline -0.005 -7"><span class='ocrx_word' id='word_1_25' title='bbox 131 429 211 459; x_wconf 77' lang='lat' dir='ltr'>non,</span> <span class='ocrx_word' id='word_1_26' title='bbox 242 429 318 451; x_wconf 81' lang='lat' dir='ltr'>mm:</span> <span class='ocrx_word' id='word_1_27' title='bbox 348 429 385 451; x_wconf 84' lang='lat' dir='ltr'>ne</span> <span class='ocrx_word' id='word_1_28' title='bbox 414 419 448 450; x_wconf 78' lang='lat' dir='ltr'>in</span> <span class='ocrx_word' id='word_1_29' title='bbox 478 417 627 450; x_wconf 73' lang='lat' dir='ltr'>iudicium</span> <span class='ocrx_word' id='word_1_30' title='bbox 655 416 812 448; x_wconf 77' lang='lat' dir='ltr'><em>incidatis.</em></span> <span class='ocrx_word' id='word_1_31' title='bbox 864 417 914 448; x_wconf 88' lang='lat'>13.</span> <span class='ocrx_word' id='word_1_32' title='bbox 937 416 1104 457; x_wconf 75' lang='lat' dir='ltr'>Affliqitar</span> 
     </span>
     <span class='ocr_line' id='line_1_6' title="bbox 131 459 1026 503; baseline -0.003 -9"><span class='ocrx_word' id='word_1_33' title='bbox 131 462 203 503; x_wconf 79' lang='lat' dir='ltr'>quis</span> <span class='ocrx_word' id='word_1_34' title='bbox 223 462 305 494; x_wconf 78' lang='lat' dir='ltr'>inter</span> <span class='ocrx_word' id='word_1_35' title='bbox 325 461 405 494; x_wconf 79' lang='lat' dir='ltr'>vos?</span> <span class='ocrx_word' id='word_1_36' title='bbox 427 462 498 492; x_wconf 81' lang='lat' dir='ltr'>oret.</span> <span class='ocrx_word' id='word_1_37' title='bbox 542 460 656 492; x_wconf 78' lang='lat' dir='ltr'><em>Hilari</em></span> <span class='ocrx_word' id='word_1_38' title='bbox 678 461 723 492; x_wconf 85' lang='lat' dir='ltr'>est</span> <span class='ocrx_word' id='word_1_39' title='bbox 744 460 877 491; x_wconf 76' lang='lat' dir='ltr'>animo?</span> <span class='ocrx_word' id='word_1_40' title='bbox 895 459 1026 499; x_wconf 76' lang='lat' dir='ltr'><em>psallat.</em></span> 
     </span>
    </p>
   </div>
   <div class='ocr_carea' id='block_1_3' title="bbox 127 544 1106 2685">
    <p class='ocr_par' dir='ltr' id='par_1_3' title="bbox 127 544 1106 2639">
     <span class='ocr_line' id='line_1_7' title="bbox 220 544 1102 588; baseline -0.01 -5"><span class='ocrx_word' id='word_1_41' title='bbox 220 550 269 583; x_wconf 84' lang='lat'>12.</span> <span class='ocrx_word' id='word_1_42' title='bbox 290 550 372 582; x_wconf 79' lang='lat' dir='ltr'>Ante</span> <span class='ocrx_word' id='word_1_43' title='bbox 393 549 506 588; x_wconf 83' lang='lat' dir='ltr'>omnia,</span> <span class='ocrx_word' id='word_1_44' title='bbox 528 549 580 579; x_wconf 83' lang='lat' dir='ltr'>etc.</span> <span class='ocrx_word' id='word_1_45' title='bbox 621 545 700 577; x_wconf 84' lang='lat' dir='ltr'>Fuit</span> <span class='ocrx_word' id='word_1_46' title='bbox 718 544 778 576; x_wconf 88' lang='lat' dir='ltr'>hoc</span> <span class='ocrx_word' id='word_1_47' title='bbox 796 554 967 577; x_wconf 87' lang='lat' dir='ltr'>commune</span> <span class='ocrx_word' id='word_1_48' title='bbox 986 544 1102 577; x_wconf 86' lang='lat' dir='ltr'>vitium</span> 
     </span>
     <span class='ocr_line' id='line_1_8' title="bbox 131 588 1101 630; baseline -0.008 -4"><span class='ocrx_word' id='word_1_49' title='bbox 131 593 281 626; x_wconf 87' lang='lat' dir='ltr'>omnibus</span> <span class='ocrx_word' id='word_1_50' title='bbox 299 593 363 625; x_wconf 78' lang='lat' dir='ltr'>fere</span> <span class='ocrx_word' id='word_1_51' title='bbox 378 590 524 630; x_wconf 86' lang='lat' dir='ltr'>saeculis,</span> <span class='ocrx_word' id='word_1_52' title='bbox 548 589 664 621; x_wconf 91' lang='lat' dir='ltr'>leviter</span> <span class='ocrx_word' id='word_1_53' title='bbox 679 593 710 620; x_wconf 89' lang='lat' dir='ltr'>et</span> <span class='ocrx_word' id='word_1_54' title='bbox 726 588 962 619; x_wconf 88' lang='lat' dir='ltr'>inconsiderate</span> <span class='ocrx_word' id='word_1_55' title='bbox 978 588 1101 619; x_wconf 83' lang='lat' dir='ltr'>iurare:</span> 
     </span>
     <span class='ocr_line' id='line_1_9' title="bbox 132 631 1102 677; baseline -0.007 -9"><span class='ocrx_word' id='word_1_56' title='bbox 132 646 223 677; x_wconf 91' lang='lat' dir='ltr'>nam,</span> <span class='ocrx_word' id='word_1_57' title='bbox 254 645 335 677; x_wconf 88' lang='lat' dir='ltr'>quae</span> <span class='ocrx_word' id='word_1_58' title='bbox 365 639 474 666; x_wconf 85' lang='lat' dir='ltr'>nostra</span> <span class='ocrx_word' id='word_1_59' title='bbox 504 637 552 664; x_wconf 90' lang='lat' dir='ltr'>est</span> <span class='ocrx_word' id='word_1_60' title='bbox 580 631 781 672; x_wconf 80' lang='lat' dir='ltr'>malignitas,</span> <span class='ocrx_word' id='word_1_61' title='bbox 816 641 881 662; x_wconf 92' lang='lat' dir='ltr'>non</span> <span class='ocrx_word' id='word_1_62' title='bbox 914 635 1102 671; x_wconf 87' lang='lat' dir='ltr'>reputamus</span> 
     </span>
     <span class='ocr_line' id='line_1_10' title="bbox 133 672 1101 719; baseline -0.007 -9"><span class='ocrx_word' id='word_1_63' title='bbox 133 689 228 719; x_wconf 87' lang='lat' dir='ltr'>quam</span> <span class='ocrx_word' id='word_1_64' title='bbox 253 683 344 710; x_wconf 79' lang='lat' dir='ltr'>atrox</span> <span class='ocrx_word' id='word_1_65' title='bbox 366 677 408 708; x_wconf 86' lang='lat' dir='ltr'>sit</span> <span class='ocrx_word' id='word_1_66' title='bbox 429 676 562 714; x_wconf 78' lang='lat' dir='ltr'><strong>crimen,</strong></span> <span class='ocrx_word' id='word_1_67' title='bbox 589 675 680 707; x_wconf 83' lang='lat' dir='ltr'>abuti</span> <span class='ocrx_word' id='word_1_68' title='bbox 705 673 766 705; x_wconf 88' lang='lat' dir='ltr'>Dei</span> <span class='ocrx_word' id='word_1_69' title='bbox 791 674 932 705; x_wconf 88' lang='lat' dir='ltr'>nomine.</span> <span class='ocrx_word' id='word_1_70' title='bbox 977 672 1101 704; x_wconf 87' lang='lat' dir='ltr'>Verum</span> 
     </span>
     <span class='ocr_line' id='line_1_11' title="bbox 133 716 1101 762; baseline -0.006 -10"><span class='ocrx_word' id='word_1_71' title='bbox 133 722 209 762; x_wconf 83' lang='lat' dir='ltr'>qnia</span> <span class='ocrx_word' id='word_1_72' title='bbox 230 720 388 752; x_wconf 80' lang='lat' dir='ltr'>Dominus</span> <span class='ocrx_word' id='word_1_73' title='bbox 416 719 544 750; x_wconf 87' lang='lat' dir='ltr'>interim</span> <span class='ocrx_word' id='word_1_74' title='bbox 575 727 687 750; x_wconf 85' lang='lat' dir='ltr'>severe</span> <span class='ocrx_word' id='word_1_75' title='bbox 717 717 858 748; x_wconf 89' lang='lat' dir='ltr'>nominis</span> <span class='ocrx_word' id='word_1_76' title='bbox 876 716 927 748; x_wconf 93' lang='lat' dir='ltr'>sui</span> <span class='ocrx_word' id='word_1_77' title='bbox 950 725 1101 747; x_wconf 88' lang='lat' dir='ltr'>reveren-</span> 
     </span>
     <span class='ocr_line' id='line_1_12' title="bbox 133 759 1102 799; baseline -0.007 -4"><span class='ocrx_word' id='word_1_78' title='bbox 133 766 212 796; x_wconf 85' lang='lat' dir='ltr'>tiam</span> <span class='ocrx_word' id='word_1_79' title='bbox 236 762 328 794; x_wconf 90' lang='lat' dir='ltr'>nobis</span> <span class='ocrx_word' id='word_1_80' title='bbox 343 761 565 793; x_wconf 79' lang='lat' dir='ltr'><strong>commendat:</strong></span> <span class='ocrx_word' id='word_1_81' title='bbox 591 760 680 792; x_wconf 78' lang='lat' dir='ltr'>varia</span> <span class='ocrx_word' id='word_1_82' title='bbox 699 759 900 799; x_wconf 85' lang='lat' dir='ltr'>subterfugia</span> <span class='ocrx_word' id='word_1_83' title='bbox 916 759 1102 799; x_wconf 80' lang='lat' dir='ltr'>excogitant</span> 
     </span>
     <span class='ocr_line' id='line_1_13' title="bbox 132 801 1102 844; baseline -0.006 -7"><span class='ocrx_word' id='word_1_84' title='bbox 132 806 289 842; x_wconf 86' lang='lat' dir='ltr'>homines,</span> <span class='ocrx_word' id='word_1_85' title='bbox 318 809 354 835; x_wconf 87' lang='lat' dir='ltr'>ut</span> <span class='ocrx_word' id='word_1_86' title='bbox 385 805 495 835; x_wconf 89' lang='lat' dir='ltr'>iurare</span> <span class='ocrx_word' id='word_1_87' title='bbox 523 805 653 844; x_wconf 91' lang='lat' dir='ltr'>impune</span> <span class='ocrx_word' id='word_1_88' title='bbox 679 802 785 833; x_wconf 89' lang='lat' dir='ltr'>liceat.</span> <span class='ocrx_word' id='word_1_89' title='bbox 830 801 979 843; x_wconf 85' lang='lat' dir='ltr'>Fingunt</span> <span class='ocrx_word' id='word_1_90' title='bbox 1001 802 1102 842; x_wconf 86' lang='lat' dir='ltr'>igitur</span> 
     </span>
     <span class='ocr_line' id='line_1_14' title="bbox 132 844 1103 886; baseline -0.006 -6"><span class='ocrx_word' id='word_1_91' title='bbox 132 848 215 881; x_wconf 89' lang='lat' dir='ltr'>nihil</span> <span class='ocrx_word' id='word_1_92' title='bbox 246 847 322 878; x_wconf 84' lang='lat' dir='ltr'>mali</span> <span class='ocrx_word' id='word_1_93' title='bbox 354 857 433 885; x_wconf 91' lang='lat' dir='ltr'>esse,</span> <span class='ocrx_word' id='word_1_94' title='bbox 467 847 562 878; x_wconf 90' lang='lat' dir='ltr'>modo</span> <span class='ocrx_word' id='word_1_95' title='bbox 591 856 656 877; x_wconf 93' lang='lat' dir='ltr'>non</span> <span class='ocrx_word' id='word_1_96' title='bbox 681 845 785 886; x_wconf 83' lang='lat' dir='ltr'>palam</span> <span class='ocrx_word' id='word_1_97' title='bbox 808 844 1035 885; x_wconf 86' lang='lat' dir='ltr'>interpositum</span> <span class='ocrx_word' id='word_1_98' title='bbox 1060 845 1103 875; x_wconf 92' lang='lat' dir='ltr'>sit</span> 
     </span>
     <span class='ocr_line' id='line_1_15' title="bbox 132 885 1103 930; baseline -0.005 -8"><span class='ocrx_word' id='word_1_99' title='bbox 132 890 195 923; x_wconf 90' lang='lat' dir='ltr'>Dei</span> <span class='ocrx_word' id='word_1_100' title='bbox 218 898 355 921; x_wconf 89' lang='lat' dir='ltr'>nomen:</span> <span class='ocrx_word' id='word_1_101' title='bbox 378 894 475 930; x_wconf 91' lang='lat' dir='ltr'>atque</span> <span class='ocrx_word' id='word_1_102' title='bbox 497 889 558 921; x_wconf 93' lang='lat' dir='ltr'>hoc</span> <span class='ocrx_word' id='word_1_103' title='bbox 579 893 674 920; x_wconf 86' lang='lat' dir='ltr'>vetus</span> <span class='ocrx_word' id='word_1_104' title='bbox 696 894 914 919; x_wconf 82' lang='lat' dir='ltr'>commentum</span> <span class='ocrx_word' id='word_1_105' title='bbox 937 887 1007 918; x_wconf 84' lang='lat' dir='ltr'>fuit.</span> <span class='ocrx_word' id='word_1_106' title='bbox 1051 885 1103 917; x_wconf 89' lang='lat' dir='ltr'>Ita</span> 
     </span>
     <span class='ocr_line' id='line_1_16' title="bbox 131 931 1102 973; baseline -0.006 -7"><span class='ocrx_word' id='word_1_107' title='bbox 131 932 244 966; x_wconf 82' lang='lat' dir='ltr'>Iudaei</span> <span class='ocrx_word' id='word_1_108' title='bbox 274 942 373 973; x_wconf 91' lang='lat' dir='ltr'>quum</span> <span class='ocrx_word' id='word_1_109' title='bbox 405 942 463 972; x_wconf 91' lang='lat' dir='ltr'>per</span> <span class='ocrx_word' id='word_1_110' title='bbox 492 932 616 965; x_wconf 90' lang='lat' dir='ltr'>coelum</span> <span class='ocrx_word' id='word_1_111' title='bbox 647 936 679 962; x_wconf 84' lang='lat' dir='ltr'>et</span> <span class='ocrx_word' id='word_1_112' title='bbox 703 936 823 963; x_wconf 85' lang='lat' dir='ltr'>terram</span> <span class='ocrx_word' id='word_1_113' title='bbox 849 931 1004 967; x_wconf 85' lang='lat' dir='ltr'>iurarent,</span> <span class='ocrx_word' id='word_1_114' title='bbox 1035 939 1102 960; x_wconf 89' lang='lat' dir='ltr'>non</span> 
     </span>
     <span class='ocr_line' id='line_1_17' title="bbox 129 972 1100 1017; baseline -0.003 -11"><span class='ocrx_word' id='word_1_115' title='bbox 129 974 286 1017; x_wconf 87' lang='lat' dir='ltr'>putabant</span> <span class='ocrx_word' id='word_1_116' title='bbox 320 985 355 1007; x_wconf 92' lang='lat' dir='ltr'>se</span> <span class='ocrx_word' id='word_1_117' title='bbox 386 974 450 1006; x_wconf 93' lang='lat' dir='ltr'>Dei</span> <span class='ocrx_word' id='word_1_118' title='bbox 484 975 616 1006; x_wconf 91' lang='lat' dir='ltr'>nomine</span> <span class='ocrx_word' id='word_1_119' title='bbox 649 973 736 1005; x_wconf 83' lang='lat' dir='ltr'>abuti</span> <span class='ocrx_word' id='word_1_120' title='bbox 772 973 853 1013; x_wconf 92' lang='lat' dir='ltr'>quod</span> <span class='ocrx_word' id='word_1_121' title='bbox 888 972 1100 1004; x_wconf 88' lang='lat' dir='ltr'>subticebant.</span> 
     </span>
     <span class='ocr_line' id='line_1_18' title="bbox 128 1015 1101 1059; baseline -0.003 -10"><span class='ocrx_word' id='word_1_122' title='bbox 128 1018 231 1058; x_wconf 83' lang='lat' dir='ltr'>Atqui</span> <span class='ocrx_word' id='word_1_123' title='bbox 255 1018 331 1049; x_wconf 88' lang='lat' dir='ltr'>dum</span> <span class='ocrx_word' id='word_1_124' title='bbox 354 1018 516 1059; x_wconf 82' lang='lat' dir='ltr'>ingeniosi</span> <span class='ocrx_word' id='word_1_125' title='bbox 539 1028 610 1049; x_wconf 91' lang='lat' dir='ltr'>esse</span> <span class='ocrx_word' id='word_1_126' title='bbox 632 1017 780 1048; x_wconf 90' lang='lat' dir='ltr'>homines</span> <span class='ocrx_word' id='word_1_127' title='bbox 799 1015 913 1047; x_wconf 91' lang='lat' dir='ltr'>volunt</span> <span class='ocrx_word' id='word_1_128' title='bbox 935 1021 971 1047; x_wconf 92' lang='lat' dir='ltr'>ut</span> <span class='ocrx_word' id='word_1_129' title='bbox 994 1016 1101 1047; x_wconf 77' lang='lat' dir='ltr'>fucum</span> 
     </span>
     <span class='ocr_line' id='line_1_19' title="bbox 128 1058 1103 1101; baseline -0.003 -10"><span class='ocrx_word' id='word_1_130' title='bbox 128 1061 248 1093; x_wconf 85' lang='lat' dir='ltr'>faciant</span> <span class='ocrx_word' id='word_1_131' title='bbox 272 1060 352 1101; x_wconf 90' lang='lat' dir='ltr'>Deo,</span> <span class='ocrx_word' id='word_1_132' title='bbox 382 1061 465 1092; x_wconf 89' lang='lat' dir='ltr'>nihil</span> <span class='ocrx_word' id='word_1_133' title='bbox 495 1071 592 1101; x_wconf 88' lang='lat' dir='ltr'>qnam</span> <span class='ocrx_word' id='word_1_134' title='bbox 623 1060 749 1091; x_wconf 87' lang='lat' dir='ltr'>frivolis</span> <span class='ocrx_word' id='word_1_135' title='bbox 778 1058 1039 1091; x_wconf 79' lang='lat' dir='ltr'>cavillationibus</span> <span class='ocrx_word' id='word_1_136' title='bbox 1069 1068 1103 1089; x_wconf 82' lang='lat' dir='ltr'>se</span> 
     </span>
     <span class='ocr_line' id='line_1_20' title="bbox 127 1102 1103 1144; baseline -0.003 -10"><span class='ocrx_word' id='word_1_137' title='bbox 127 1103 215 1144; x_wconf 91' lang='lat' dir='ltr'>ipsos</span> <span class='ocrx_word' id='word_1_138' title='bbox 250 1103 418 1135; x_wconf 89' lang='lat' dir='ltr'>deludunt.</span> <span class='ocrx_word' id='word_1_139' title='bbox 474 1103 513 1135; x_wconf 92' lang='lat' dir='ltr'>In</span> <span class='ocrx_word' id='word_1_140' title='bbox 548 1103 704 1135; x_wconf 89' lang='lat' dir='ltr'>eiusmodi</span> <span class='ocrx_word' id='word_1_141' title='bbox 739 1102 916 1134; x_wconf 86' lang='lat' dir='ltr'>vanitatem</span> <span class='ocrx_word' id='word_1_142' title='bbox 951 1102 1103 1132; x_wconf 86' lang='lat' dir='ltr'>invectus</span> 
     </span>
     <span class='ocr_line' id='line_1_21' title="bbox 128 1143 1103 1184; baseline -0.003 -7"><span class='ocrx_word' id='word_1_143' title='bbox 128 1146 235 1177; x_wconf 86' lang='lat' dir='ltr'>fuerat</span> <span class='ocrx_word' id='word_1_144' title='bbox 265 1146 433 1184; x_wconf 85' lang='lat' dir='ltr'>Christus,</span> <span class='ocrx_word' id='word_1_145' title='bbox 467 1151 504 1177; x_wconf 90' lang='lat' dir='ltr'>ut</span> <span class='ocrx_word' id='word_1_146' title='bbox 533 1145 670 1178; x_wconf 88' lang='lat' dir='ltr'>habetur</span> <span class='ocrx_word' id='word_1_147' title='bbox 698 1144 817 1177; x_wconf 86' lang='lat' dir='ltr'>Matth.</span> <span class='ocrx_word' id='word_1_148' title='bbox 841 1144 871 1181; x_wconf 80' lang='lat'>5,</span> <span class='ocrx_word' id='word_1_149' title='bbox 903 1143 956 1175; x_wconf 85' lang='lat'>34.</span> <span class='ocrx_word' id='word_1_150' title='bbox 1006 1143 1103 1175; x_wconf 91' lang='lat' dir='ltr'>Nunc</span> 
     </span>
     <span class='ocr_line' id='line_1_22' title="bbox 129 1186 1102 1230; baseline -0.003 -10"><span class='ocrx_word' id='word_1_151' title='bbox 129 1189 265 1220; x_wconf 86' lang='lat' dir='ltr'>Iacobus</span> <span class='ocrx_word' id='word_1_152' title='bbox 297 1189 445 1230; x_wconf 85' lang='lat' dir='ltr'>magistri</span> <span class='ocrx_word' id='word_1_153' title='bbox 477 1189 527 1221; x_wconf 91' lang='lat' dir='ltr'>sui</span> <span class='ocrx_word' id='word_1_154' title='bbox 557 1189 685 1221; x_wconf 88' lang='lat' dir='ltr'>decreto</span> <span class='ocrx_word' id='word_1_155' title='bbox 716 1187 930 1227; x_wconf 78' lang='lat' dir='ltr'>subscribens,</span> <span class='ocrx_word' id='word_1_156' title='bbox 960 1186 1000 1218; x_wconf 87' lang='lat' dir='ltr'>ab</span> <span class='ocrx_word' id='word_1_157' title='bbox 1023 1186 1102 1217; x_wconf 91' lang='lat' dir='ltr'>obli-</span> 
     </span>
     <span class='ocr_line' id='line_1_23' title="bbox 130 1228 1103 1272; baseline -0.002 -10"><span class='ocrx_word' id='word_1_158' title='bbox 130 1232 202 1272; x_wconf 89' lang='lat' dir='ltr'>quis</span> <span class='ocrx_word' id='word_1_159' title='bbox 236 1231 307 1263; x_wconf 90' lang='lat' dir='ltr'>istis</span> <span class='ocrx_word' id='word_1_160' title='bbox 340 1232 489 1264; x_wconf 88' lang='lat' dir='ltr'>formulis</span> <span class='ocrx_word' id='word_1_161' title='bbox 523 1230 688 1263; x_wconf 87' lang='lat' dir='ltr'>abstinere</span> <span class='ocrx_word' id='word_1_162' title='bbox 721 1230 896 1271; x_wconf 88' lang='lat' dir='ltr'>praecipit:</span> <span class='ocrx_word' id='word_1_163' title='bbox 934 1230 1007 1270; x_wconf 88' lang='lat' dir='ltr'>quia</span> <span class='ocrx_word' id='word_1_164' title='bbox 1041 1228 1103 1260; x_wconf 88' lang='lat' dir='ltr'>Dei</span> 
     </span>
     <span class='ocr_line' id='line_1_24' title="bbox 130 1272 1103 1315; baseline -0.003 -10"><span class='ocrx_word' id='word_1_165' title='bbox 130 1274 262 1306; x_wconf 90' lang='lat' dir='ltr'>nomine</span> <span class='ocrx_word' id='word_1_166' title='bbox 292 1274 438 1306; x_wconf 87' lang='lat' dir='ltr'>abutitur</span> <span class='ocrx_word' id='word_1_167' title='bbox 468 1275 613 1315; x_wconf 88' lang='lat' dir='ltr'>quisquis</span> <span class='ocrx_word' id='word_1_168' title='bbox 642 1274 763 1305; x_wconf 85' lang='lat' dir='ltr'>frustra</span> <span class='ocrx_word' id='word_1_169' title='bbox 793 1278 825 1304; x_wconf 88' lang='lat' dir='ltr'>et</span> <span class='ocrx_word' id='word_1_170' title='bbox 853 1273 894 1304; x_wconf 94' lang='lat' dir='ltr'>ob</span> <span class='ocrx_word' id='word_1_171' title='bbox 917 1283 984 1304; x_wconf 90' lang='lat' dir='ltr'>rem</span> <span class='ocrx_word' id='word_1_172' title='bbox 1008 1272 1103 1303; x_wconf 89' lang='lat' dir='ltr'>nihili</span> 
     </span>
     <span class='ocr_line' id='line_1_25' title="bbox 129 1315 1102 1358; baseline -0.003 -10"><span class='ocrx_word' id='word_1_173' title='bbox 129 1318 229 1355; x_wconf 80' lang='lat' dir='ltr'>iurat,</span> <span class='ocrx_word' id='word_1_174' title='bbox 264 1317 513 1358; x_wconf 87' lang='lat' dir='ltr'>qualencunque</span> <span class='ocrx_word' id='word_1_175' title='bbox 540 1318 679 1349; x_wconf 88' lang='lat' dir='ltr'>colorem</span> <span class='ocrx_word' id='word_1_176' title='bbox 710 1316 866 1348; x_wconf 87' lang='lat' dir='ltr'>obtendat</span> <span class='ocrx_word' id='word_1_177' title='bbox 896 1316 962 1346; x_wconf 87' lang='lat' dir='ltr'>suis</span> <span class='ocrx_word' id='word_1_178' title='bbox 986 1315 1102 1346; x_wconf 88' lang='lat' dir='ltr'>verbis.</span> 
     </span>
     <span class='ocr_line' id='line_1_26' title="bbox 129 1358 1103 1401; baseline -0.002 -11"><span class='ocrx_word' id='word_1_179' title='bbox 129 1358 268 1391; x_wconf 81' lang='lat' dir='ltr'>Summa</span> <span class='ocrx_word' id='word_1_180' title='bbox 297 1370 374 1401; x_wconf 93' lang='lat' dir='ltr'>ergo</span> <span class='ocrx_word' id='word_1_181' title='bbox 405 1365 469 1398; x_wconf 90' lang='lat' dir='ltr'>est,</span> <span class='ocrx_word' id='word_1_182' title='bbox 504 1360 608 1392; x_wconf 92' lang='lat' dir='ltr'>nihilo</span> <span class='ocrx_word' id='word_1_183' title='bbox 641 1361 745 1401; x_wconf 88' lang='lat' dir='ltr'>magis</span> <span class='ocrx_word' id='word_1_184' title='bbox 776 1369 845 1390; x_wconf 88' lang='lat' dir='ltr'>esse</span> <span class='ocrx_word' id='word_1_185' title='bbox 873 1358 1011 1396; x_wconf 85' lang='lat' dir='ltr'>licitum,</span> <span class='ocrx_word' id='word_1_186' title='bbox 1045 1368 1103 1398; x_wconf 91' lang='lat' dir='ltr'>per</span> 
     </span>
     <span class='ocr_line' id='line_1_27' title="bbox 129 1400 1103 1443; baseline -0.003 -9"><span class='ocrx_word' id='word_1_187' title='bbox 129 1402 256 1434; x_wconf 90' lang='lat' dir='ltr'>coelum</span> <span class='ocrx_word' id='word_1_188' title='bbox 291 1406 349 1434; x_wconf 86' lang='lat' dir='ltr'>aut</span> <span class='ocrx_word' id='word_1_189' title='bbox 377 1407 498 1435; x_wconf 90' lang='lat' dir='ltr'>terram</span> <span class='ocrx_word' id='word_1_190' title='bbox 533 1404 655 1442; x_wconf 87' lang='lat' dir='ltr'>iurare,</span> <span class='ocrx_word' id='word_1_191' title='bbox 689 1412 782 1443; x_wconf 87' lang='lat' dir='ltr'>quam</span> <span class='ocrx_word' id='word_1_192' title='bbox 817 1401 923 1442; x_wconf 88' lang='lat' dir='ltr'>palam</span> <span class='ocrx_word' id='word_1_193' title='bbox 953 1411 1011 1441; x_wconf 90' lang='lat' dir='ltr'>per</span> <span class='ocrx_word' id='word_1_194' title='bbox 1040 1400 1103 1431; x_wconf 91' lang='lat' dir='ltr'>Dei</span> 
     </span>
     <span class='ocr_line' id='line_1_28' title="bbox 129 1444 1102 1486; baseline -0.002 -10"><span class='ocrx_word' id='word_1_195' title='bbox 129 1454 258 1477; x_wconf 87' lang='lat' dir='ltr'>nomen.</span> <span class='ocrx_word' id='word_1_196' title='bbox 302 1445 400 1477; x_wconf 83' lang='lat' dir='ltr'>Ratio</span> <span class='ocrx_word' id='word_1_197' title='bbox 431 1456 450 1477; x_wconf 89' lang='lat' dir='ltr'>a</span> <span class='ocrx_word' id='word_1_198' title='bbox 479 1445 611 1478; x_wconf 84' lang='lat' dir='ltr'>Christo</span> <span class='ocrx_word' id='word_1_199' title='bbox 637 1445 848 1486; x_wconf 82' lang='lat' dir='ltr'>exprimitur:</span> <span class='ocrx_word' id='word_1_200' title='bbox 877 1444 953 1484; x_wconf 88' lang='lat' dir='ltr'>quia</span> <span class='ocrx_word' id='word_1_201' title='bbox 984 1444 1102 1484; x_wconf 91' lang='lat' dir='ltr'>ubique</span> 
     </span>
     <span class='ocr_line' id='line_1_29' title="bbox 129 1485 1103 1530; baseline -0.001 -12"><span class='ocrx_word' id='word_1_202' title='bbox 129 1487 292 1528; x_wconf 88' lang='lat' dir='ltr'>insculpta</span> <span class='ocrx_word' id='word_1_203' title='bbox 320 1488 363 1520; x_wconf 88' lang='lat' dir='ltr'>sit</span> <span class='ocrx_word' id='word_1_204' title='bbox 385 1488 448 1520; x_wconf 90' lang='lat' dir='ltr'>Dei</span> <span class='ocrx_word' id='word_1_205' title='bbox 471 1489 583 1530; x_wconf 89' lang='lat' dir='ltr'>gloria,</span> <span class='ocrx_word' id='word_1_206' title='bbox 613 1493 645 1520; x_wconf 90' lang='lat' dir='ltr'>et</span> <span class='ocrx_word' id='word_1_207' title='bbox 675 1489 792 1528; x_wconf 91' lang='lat' dir='ltr'>ubique</span> <span class='ocrx_word' id='word_1_208' title='bbox 816 1487 986 1528; x_wconf 83' lang='lat' dir='ltr'>refulgeat.</span> <span class='ocrx_word' id='word_1_209' title='bbox 1031 1485 1103 1518; x_wconf 92' lang='lat' dir='ltr'>Imo</span> 
     </span>
     <span class='ocr_line' id='line_1_30' title="bbox 129 1530 1103 1564; baseline -0.001 -2"><span class='ocrx_word' id='word_1_210' title='bbox 129 1540 196 1562; x_wconf 90' lang='lat' dir='ltr'>non</span> <span class='ocrx_word' id='word_1_211' title='bbox 228 1531 289 1562; x_wconf 83' lang='lat' dir='ltr'>alio</span> <span class='ocrx_word' id='word_1_212' title='bbox 319 1541 416 1563; x_wconf 89' lang='lat' dir='ltr'>sensu</span> <span class='ocrx_word' id='word_1_213' title='bbox 440 1532 493 1564; x_wconf 84' lang='lat' dir='ltr'>vel</span> <span class='ocrx_word' id='word_1_214' title='bbox 522 1532 657 1563; x_wconf 86' lang='lat' dir='ltr'>consilio</span> <span class='ocrx_word' id='word_1_215' title='bbox 687 1530 767 1563; x_wconf 90' lang='lat' dir='ltr'>coeli</span> <span class='ocrx_word' id='word_1_216' title='bbox 798 1535 853 1562; x_wconf 83' lang='lat' dir='ltr'>aut</span> <span class='ocrx_word' id='word_1_217' title='bbox 879 1535 985 1561; x_wconf 87' lang='lat' dir='ltr'>terrae</span> <span class='ocrx_word' id='word_1_218' title='bbox 1009 1539 1103 1561; x_wconf 87' lang='lat' dir='ltr'>voces</span> 
     </span>
     <span class='ocr_line' id='line_1_31' title="bbox 130 1572 1101 1614; baseline -0.001 -10"><span class='ocrx_word' id='word_1_219' title='bbox 130 1574 165 1604; x_wconf 87' lang='lat' dir='ltr'>in</span> <span class='ocrx_word' id='word_1_220' title='bbox 198 1573 390 1605; x_wconf 86' lang='lat' dir='ltr'>iuramentis</span> <span class='ocrx_word' id='word_1_221' title='bbox 421 1575 569 1606; x_wconf 89' lang='lat' dir='ltr'>homines</span> <span class='ocrx_word' id='word_1_222' title='bbox 604 1578 777 1614; x_wconf 82' lang='lat' dir='ltr'>usurpant,</span> <span class='ocrx_word' id='word_1_223' title='bbox 812 1583 908 1614; x_wconf 86' lang='lat' dir='ltr'>quam</span> <span class='ocrx_word' id='word_1_224' title='bbox 938 1573 963 1604; x_wconf 89' lang='lat' dir='ltr'>si</span> <span class='ocrx_word' id='word_1_225' title='bbox 994 1572 1101 1604; x_wconf 91' lang='lat' dir='ltr'>Deum</span> 
     </span>
     <span class='ocr_line' id='line_1_32' title="bbox 128 1615 1102 1658; baseline -0.001 -11"><span class='ocrx_word' id='word_1_226' title='bbox 128 1616 237 1656; x_wconf 87' lang='lat' dir='ltr'>ipsum</span> <span class='ocrx_word' id='word_1_227' title='bbox 270 1617 495 1648; x_wconf 84' lang='lat' dir='ltr'>nominarent:</span> <span class='ocrx_word' id='word_1_228' title='bbox 524 1618 598 1658; x_wconf 89' lang='lat' dir='ltr'>quia</span> <span class='ocrx_word' id='word_1_229' title='bbox 621 1618 666 1649; x_wconf 90' lang='lat' dir='ltr'>sic</span> <span class='ocrx_word' id='word_1_230' title='bbox 690 1617 857 1657; x_wconf 89' lang='lat' dir='ltr'>loquendo,</span> <span class='ocrx_word' id='word_1_231' title='bbox 887 1620 1013 1647; x_wconf 88' lang='lat' dir='ltr'>tantum</span> <span class='ocrx_word' id='word_1_232' title='bbox 1037 1615 1102 1655; x_wconf 91' lang='lat' dir='ltr'>opi-</span> 
     </span>
     <span class='ocr_line' id='line_1_33' title="bbox 130 1659 1104 1702; baseline 0 -13"><span class='ocrx_word' id='word_1_233' title='bbox 130 1659 223 1690; x_wconf 89' lang='lat' dir='ltr'>ficem</span> <span class='ocrx_word' id='word_1_234' title='bbox 248 1659 420 1700; x_wconf 88' lang='lat' dir='ltr'>designant</span> <span class='ocrx_word' id='word_1_235' title='bbox 443 1670 461 1690; x_wconf 83' lang='lat' dir='ltr'>a</span> <span class='ocrx_word' id='word_1_236' title='bbox 484 1661 553 1692; x_wconf 89' lang='lat' dir='ltr'>suis</span> <span class='ocrx_word' id='word_1_237' title='bbox 575 1660 734 1702; x_wconf 89' lang='lat' dir='ltr'>operibus.</span> <span class='ocrx_word' id='word_1_238' title='bbox 771 1659 858 1691; x_wconf 85' lang='lat' dir='ltr'>Dicit</span> <span class='ocrx_word' id='word_1_239' title='bbox 881 1664 989 1690; x_wconf 88' lang='lat' dir='ltr'>autem</span> <span class='ocrx_word' id='word_1_240' title='bbox 1012 1662 1104 1690; x_wconf 85' lang='lat' dir='ltr'>ante</span> 
     </span>
     <span class='ocr_line' id='line_1_34' title="bbox 128 1700 1104 1742; baseline 0 -10"><span class='ocrx_word' id='word_1_241' title='bbox 128 1711 186 1732; x_wconf 92' lang='lat' dir='ltr'>om</span> <span class='ocrx_word' id='word_1_242' title='bbox 198 1702 283 1732; x_wconf 88' lang='lat' dir='ltr'>nia:</span> <span class='ocrx_word' id='word_1_243' title='bbox 311 1702 387 1742; x_wconf 87' lang='lat' dir='ltr'>quia</span> <span class='ocrx_word' id='word_1_244' title='bbox 417 1713 480 1734; x_wconf 90' lang='lat' dir='ltr'>non</span> <span class='ocrx_word' id='word_1_245' title='bbox 509 1703 579 1734; x_wconf 91' lang='lat' dir='ltr'>leve</span> <span class='ocrx_word' id='word_1_246' title='bbox 609 1703 758 1734; x_wconf 89' lang='lat' dir='ltr'>delictum</span> <span class='ocrx_word' id='word_1_247' title='bbox 789 1705 838 1733; x_wconf 86' lang='lat' dir='ltr'>est</span> <span class='ocrx_word' id='word_1_248' title='bbox 867 1702 1006 1733; x_wconf 85' lang='lat' dir='ltr'>nominis</span> <span class='ocrx_word' id='word_1_249' title='bbox 1041 1700 1104 1732; x_wconf 89' lang='lat' dir='ltr'>Dei</span> 
     </span>
     <span class='ocr_line' id='line_1_35' title="bbox 132 1744 1104 1786; baseline 0.001 -12"><span class='ocrx_word' id='word_1_250' title='bbox 132 1744 326 1784; x_wconf 77' lang='lat' dir='ltr'>profanatio.</span> <span class='ocrx_word' id='word_1_251' title='bbox 361 1744 458 1784; x_wconf 81' lang='lat' dir='ltr'>Quod</span> <span class='ocrx_word' id='word_1_252' title='bbox 475 1746 709 1786; x_wconf 83' lang='lat' dir='ltr'>Anabaptistae</span> <span class='ocrx_word' id='word_1_253' title='bbox 732 1745 830 1776; x_wconf 91' lang='lat' dir='ltr'>huius</span> <span class='ocrx_word' id='word_1_254' title='bbox 854 1744 912 1775; x_wconf 90' lang='lat' dir='ltr'>loci</span> <span class='ocrx_word' id='word_1_255' title='bbox 932 1750 1104 1784; x_wconf 81' lang='lat' dir='ltr'>praetextu</span> 
     </span>
     <span class='ocr_line' id='line_1_36' title="bbox 132 1787 1105 1829; baseline 0 -11"><span class='ocrx_word' id='word_1_256' title='bbox 132 1787 315 1818; x_wconf 88' lang='lat' dir='ltr'>iuramenta</span> <span class='ocrx_word' id='word_1_257' title='bbox 337 1788 447 1820; x_wconf 85' lang='lat' dir='ltr'>omnia</span> <span class='ocrx_word' id='word_1_258' title='bbox 471 1789 636 1827; x_wconf 84' lang='lat' dir='ltr'>damnant,</span> <span class='ocrx_word' id='word_1_259' title='bbox 660 1788 809 1829; x_wconf 88' lang='lat' dir='ltr'>imperite</span> <span class='ocrx_word' id='word_1_260' title='bbox 827 1788 957 1819; x_wconf 81' lang='lat' dir='ltr'>faciunt.</span> <span class='ocrx_word' id='word_1_261' title='bbox 992 1788 1105 1827; x_wconf 87' lang='lat' dir='ltr'>Neque</span> 
     </span>
     <span class='ocr_line' id='line_1_37' title="bbox 131 1829 1103 1870; baseline 0 -10"><span class='ocrx_word' id='word_1_262' title='bbox 131 1829 217 1860; x_wconf 90' lang='lat' dir='ltr'>enim</span> <span class='ocrx_word' id='word_1_263' title='bbox 237 1829 374 1861; x_wconf 89' lang='lat' dir='ltr'>Iacobus</span> <span class='ocrx_word' id='word_1_264' title='bbox 398 1831 431 1861; x_wconf 92' lang='lat' dir='ltr'>in</span> <span class='ocrx_word' id='word_1_265' title='bbox 456 1833 645 1863; x_wconf 89' lang='lat' dir='ltr'>universum</span> <span class='ocrx_word' id='word_1_266' title='bbox 666 1831 705 1862; x_wconf 92' lang='lat' dir='ltr'>de</span> <span class='ocrx_word' id='word_1_267' title='bbox 727 1831 919 1862; x_wconf 88' lang='lat' dir='ltr'>iuramentis</span> <span class='ocrx_word' id='word_1_268' title='bbox 942 1830 1103 1870; x_wconf 84' lang='lat' dir='ltr'>disputat:</span> 
     </span>
     <span class='ocr_line' id='line_1_38' title="bbox 130 1872 1104 1914; baseline 0.002 -12"><span class='ocrx_word' id='word_1_269' title='bbox 130 1872 400 1912; x_wconf 90' lang='lat' dir='ltr'>quemadmodum</span> <span class='ocrx_word' id='word_1_270' title='bbox 431 1883 490 1905; x_wconf 91' lang='lat' dir='ltr'>nec</span> <span class='ocrx_word' id='word_1_271' title='bbox 515 1874 670 1906; x_wconf 88' lang='lat' dir='ltr'>Christus</span> <span class='ocrx_word' id='word_1_272' title='bbox 698 1884 735 1905; x_wconf 93' lang='lat' dir='ltr'>eo</span> <span class='ocrx_word' id='word_1_273' title='bbox 764 1884 858 1914; x_wconf 93' lang='lat' dir='ltr'>quem</span> <span class='ocrx_word' id='word_1_274' title='bbox 889 1873 988 1905; x_wconf 87' lang='lat' dir='ltr'>citavi</span> <span class='ocrx_word' id='word_1_275' title='bbox 1018 1873 1104 1904; x_wconf 86' lang='lat' dir='ltr'>loco:</span> 
     </span>
     <span class='ocr_line' id='line_1_39' title="bbox 130 1913 1103 1956; baseline 0.001 -11"><span class='ocrx_word' id='word_1_276' title='bbox 130 1913 186 1946; x_wconf 91' lang='lat' dir='ltr'>sed</span> <span class='ocrx_word' id='word_1_277' title='bbox 221 1920 354 1956; x_wconf 88' lang='lat' dir='ltr'>uterque</span> <span class='ocrx_word' id='word_1_278' title='bbox 391 1916 630 1948; x_wconf 88' lang='lat' dir='ltr'>cavillationem</span> <span class='ocrx_word' id='word_1_279' title='bbox 667 1916 758 1948; x_wconf 87' lang='lat' dir='ltr'>illam</span> <span class='ocrx_word' id='word_1_280' title='bbox 796 1916 915 1948; x_wconf 85' lang='lat' dir='ltr'>refellit</span> <span class='ocrx_word' id='word_1_281' title='bbox 952 1925 1035 1956; x_wconf 82' lang='lat' dir='ltr'>quae</span> <span class='ocrx_word' id='word_1_282' title='bbox 1068 1917 1103 1946; x_wconf 92' lang='lat' dir='ltr'>in</span> 
     </span>
     <span class='ocr_line' id='line_1_40' title="bbox 135 1956 1106 1999; baseline 0.002 -11"><span class='ocrx_word' id='word_1_283' title='bbox 135 1956 281 1989; x_wconf 81' lang='lat' dir='ltr'>fraudem</span> <span class='ocrx_word' id='word_1_284' title='bbox 304 1958 384 1999; x_wconf 87' lang='lat' dir='ltr'>legis</span> <span class='ocrx_word' id='word_1_285' title='bbox 406 1959 541 1991; x_wconf 89' lang='lat' dir='ltr'>inventa</span> <span class='ocrx_word' id='word_1_286' title='bbox 564 1960 677 1997; x_wconf 87' lang='lat' dir='ltr'>fuerat,</span> <span class='ocrx_word' id='word_1_287' title='bbox 704 1959 779 1991; x_wconf 90' lang='lat' dir='ltr'>dum</span> <span class='ocrx_word' id='word_1_288' title='bbox 803 1963 935 1999; x_wconf 81' lang='lat' dir='ltr'>captant</span> <span class='ocrx_word' id='word_1_289' title='bbox 959 1959 1106 1990; x_wconf 89' lang='lat' dir='ltr'>homines</span> 
     </span>
     <span class='ocr_line' id='line_1_41' title="bbox 133 2000 1104 2043; baseline 0.001 -12"><span class='ocrx_word' id='word_1_290' title='bbox 133 2000 262 2031; x_wconf 86' lang='lat' dir='ltr'>iurandi</span> <span class='ocrx_word' id='word_1_291' title='bbox 291 2000 471 2041; x_wconf 87' lang='lat' dir='ltr'>licentiam,</span> <span class='ocrx_word' id='word_1_292' title='bbox 503 2013 567 2034; x_wconf 92' lang='lat' dir='ltr'>non</span> <span class='ocrx_word' id='word_1_293' title='bbox 597 2012 750 2043; x_wconf 84' lang='lat' dir='ltr'>expresso</span> <span class='ocrx_word' id='word_1_294' title='bbox 774 2002 836 2033; x_wconf 92' lang='lat' dir='ltr'>Dei</span> <span class='ocrx_word' id='word_1_295' title='bbox 865 2002 1003 2033; x_wconf 89' lang='lat' dir='ltr'>nomine.</span> <span class='ocrx_word' id='word_1_296' title='bbox 1049 2001 1104 2033; x_wconf 91' lang='lat' dir='ltr'>Li-</span> 
     </span>
     <span class='ocr_line' id='line_1_42' title="bbox 132 2042 1105 2086; baseline 0.003 -13"><span class='ocrx_word' id='word_1_297' title='bbox 132 2042 273 2074; x_wconf 91' lang='lat' dir='ltr'>centiam</span> <span class='ocrx_word' id='word_1_298' title='bbox 291 2043 360 2076; x_wconf 90' lang='lat' dir='ltr'>dico</span> <span class='ocrx_word' id='word_1_299' title='bbox 376 2054 458 2084; x_wconf 86' lang='lat' dir='ltr'>quae</span> <span class='ocrx_word' id='word_1_300' title='bbox 474 2045 556 2086; x_wconf 87' lang='lat' dir='ltr'>legis</span> <span class='ocrx_word' id='word_1_301' title='bbox 572 2045 781 2086; x_wconf 88' lang='lat' dir='ltr'>prohibitioni</span> <span class='ocrx_word' id='word_1_302' title='bbox 798 2049 966 2085; x_wconf 88' lang='lat' dir='ltr'>repugnat.</span> <span class='ocrx_word' id='word_1_303' title='bbox 995 2044 1105 2085; x_wconf 84' lang='lat' dir='ltr'>Atque</span> 
     </span>
     <span class='ocr_line' id='line_1_43' title="bbox 131 2084 1104 2129; baseline 0.002 -13"><span class='ocrx_word' id='word_1_304' title='bbox 131 2084 192 2117; x_wconf 86' lang='lat' dir='ltr'>hoc</span> <span class='ocrx_word' id='word_1_305' title='bbox 226 2085 312 2117; x_wconf 90' lang='lat' dir='ltr'>clare</span> <span class='ocrx_word' id='word_1_306' title='bbox 346 2090 465 2118; x_wconf 86' lang='lat' dir='ltr'>sonant</span> <span class='ocrx_word' id='word_1_307' title='bbox 498 2089 612 2129; x_wconf 89' lang='lat' dir='ltr'>verba,</span> <span class='ocrx_word' id='word_1_308' title='bbox 650 2098 781 2129; x_wconf 91' lang='lat' dir='ltr'>neque</span> <span class='ocrx_word' id='word_1_309' title='bbox 819 2098 889 2129; x_wconf 89' lang='lat' dir='ltr'>per</span> <span class='ocrx_word' id='word_1_310' title='bbox 926 2087 1104 2126; x_wconf 91' lang='lat' dir='ltr'>coelum,</span> 
     </span>
     <span class='ocr_line' id='line_1_44' title="bbox 131 2130 1105 2169; baseline 0.002 -10"><span class='ocrx_word' id='word_1_311' title='bbox 131 2138 261 2169; x_wconf 90' lang='lat' dir='ltr'>neque</span> <span class='ocrx_word' id='word_1_312' title='bbox 295 2139 367 2169; x_wconf 91' lang='lat' dir='ltr'>per</span> <span class='ocrx_word' id='word_1_313' title='bbox 396 2134 562 2162; x_wconf 87' lang='lat' dir='ltr'>terram:</span> <span class='ocrx_word' id='word_1_314' title='bbox 595 2141 670 2162; x_wconf 91' lang='lat' dir='ltr'>nam</span> <span class='ocrx_word' id='word_1_315' title='bbox 701 2132 726 2162; x_wconf 87' lang='lat' dir='ltr'>si</span> <span class='ocrx_word' id='word_1_316' title='bbox 757 2131 795 2162; x_wconf 93' lang='lat' dir='ltr'>de</span> <span class='ocrx_word' id='word_1_317' title='bbox 818 2130 999 2162; x_wconf 89' lang='lat' dir='ltr'>substantia</span> <span class='ocrx_word' id='word_1_318' title='bbox 1021 2135 1105 2161; x_wconf 88' lang='lat' dir='ltr'>esset</span> 
     </span>
     <span class='ocr_line' id='line_1_45' title="bbox 132 2172 1105 2212; baseline 0.002 -10"><span class='ocrx_word' id='word_1_319' title='bbox 132 2172 287 2211; x_wconf 87' lang='lat' dir='ltr'>quaestio,</span> <span class='ocrx_word' id='word_1_320' title='bbox 318 2182 470 2212; x_wconf 90' lang='lat' dir='ltr'>quorsum</span> <span class='ocrx_word' id='word_1_321' title='bbox 501 2173 661 2205; x_wconf 85' lang='lat' dir='ltr'>attinebat</span> <span class='ocrx_word' id='word_1_322' title='bbox 688 2173 844 2205; x_wconf 74' lang='lat' dir='ltr'>formulas</span> <span class='ocrx_word' id='word_1_323' title='bbox 867 2173 946 2204; x_wconf 86' lang='lat' dir='ltr'>istas</span> <span class='ocrx_word' id='word_1_324' title='bbox 970 2172 1105 2204; x_wconf 77' lang='lat' dir='ltr'>notare?</span> 
     </span>
     <span class='ocr_line' id='line_1_46' title="bbox 134 2213 1104 2257; baseline 0.002 -12"><span class='ocrx_word' id='word_1_325' title='bbox 134 2213 272 2246; x_wconf 86' lang='lat' dir='ltr'>Constat</span> <span class='ocrx_word' id='word_1_326' title='bbox 294 2215 405 2255; x_wconf 88' lang='lat' dir='ltr'>itaque</span> <span class='ocrx_word' id='word_1_327' title='bbox 429 2220 494 2246; x_wconf 90' lang='lat' dir='ltr'>tam</span> <span class='ocrx_word' id='word_1_328' title='bbox 517 2225 536 2246; x_wconf 84' lang='lat' dir='ltr'>a</span> <span class='ocrx_word' id='word_1_329' title='bbox 555 2215 686 2248; x_wconf 86' lang='lat' dir='ltr'>Christo</span> <span class='ocrx_word' id='word_1_330' title='bbox 709 2226 805 2256; x_wconf 90' lang='lat' dir='ltr'>quam</span> <span class='ocrx_word' id='word_1_331' title='bbox 828 2227 845 2247; x_wconf 92' lang='lat' dir='ltr'>a</span> <span class='ocrx_word' id='word_1_332' title='bbox 864 2216 980 2248; x_wconf 83' lang='lat' dir='ltr'>Iacobo</span> <span class='ocrx_word' id='word_1_333' title='bbox 998 2217 1104 2257; x_wconf 88' lang='lat' dir='ltr'>pueri-</span> 
     </span>
     <span class='ocr_line' id='line_1_47' title="bbox 131 2255 1104 2299; baseline 0.003 -12"><span class='ocrx_word' id='word_1_334' title='bbox 131 2255 196 2288; x_wconf 86' lang='lat' dir='ltr'>lem</span> <span class='ocrx_word' id='word_1_335' title='bbox 226 2267 336 2289; x_wconf 90' lang='lat' dir='ltr'>eorum</span> <span class='ocrx_word' id='word_1_336' title='bbox 360 2258 513 2289; x_wconf 89' lang='lat' dir='ltr'>astutiam</span> <span class='ocrx_word' id='word_1_337' title='bbox 537 2259 741 2299; x_wconf 86' lang='lat' dir='ltr'>reprehendi,</span> <span class='ocrx_word' id='word_1_338' title='bbox 765 2259 818 2299; x_wconf 88' lang='lat' dir='ltr'>qui</span> <span class='ocrx_word' id='word_1_339' title='bbox 842 2260 972 2299; x_wconf 89' lang='lat' dir='ltr'>impune</span> <span class='ocrx_word' id='word_1_340' title='bbox 995 2260 1104 2290; x_wconf 88' lang='lat' dir='ltr'>iurare</span> 
     </span>
     <span class='ocr_line' id='line_1_48' title="bbox 132 2301 1103 2342; baseline 0.003 -12"><span class='ocrx_word' id='word_1_341' title='bbox 132 2308 166 2330; x_wconf 84' lang='lat' dir='ltr'>se</span> <span class='ocrx_word' id='word_1_342' title='bbox 188 2301 357 2340; x_wconf 83' lang='lat' dir='ltr'>putabant,</span> <span class='ocrx_word' id='word_1_343' title='bbox 380 2301 476 2332; x_wconf 90' lang='lat' dir='ltr'>modo</span> <span class='ocrx_word' id='word_1_344' title='bbox 499 2301 709 2333; x_wconf 89' lang='lat' dir='ltr'>circumirent</span> <span class='ocrx_word' id='word_1_345' title='bbox 731 2312 788 2342; x_wconf 90' lang='lat' dir='ltr'>per</span> <span class='ocrx_word' id='word_1_346' title='bbox 811 2302 973 2342; x_wconf 86' lang='lat' dir='ltr'>ambages.</span> <span class='ocrx_word' id='word_1_347' title='bbox 1014 2301 1103 2342; x_wconf 88' lang='lat' dir='ltr'>Ergo</span> 
     </span>
     <span class='ocr_line' id='line_1_49' title="bbox 133 2343 1104 2385; baseline 0.003 -13"><span class='ocrx_word' id='word_1_348' title='bbox 133 2345 170 2372; x_wconf 91' lang='lat' dir='ltr'>ut</span> <span class='ocrx_word' id='word_1_349' title='bbox 192 2347 358 2375; x_wconf 86' lang='lat' dir='ltr'>teneamus</span> <span class='ocrx_word' id='word_1_350' title='bbox 382 2343 489 2376; x_wconf 87' lang='lat' dir='ltr'>Iacobi</span> <span class='ocrx_word' id='word_1_351' title='bbox 521 2349 674 2382; x_wconf 86' lang='lat' dir='ltr'>mentem,</span> <span class='ocrx_word' id='word_1_352' title='bbox 706 2345 809 2385; x_wconf 90' lang='lat' dir='ltr'>primo</span> <span class='ocrx_word' id='word_1_353' title='bbox 833 2344 903 2376; x_wconf 90' lang='lat' dir='ltr'>loco</span> <span class='ocrx_word' id='word_1_354' title='bbox 927 2344 1104 2376; x_wconf 89' lang='lat' dir='ltr'>tenendum</span> 
     </span>
     <span class='ocr_line' id='line_1_50' title="bbox 132 2385 1104 2428; baseline 0.004 -14"><span class='ocrx_word' id='word_1_355' title='bbox 132 2388 182 2414; x_wconf 90' lang='lat' dir='ltr'>est</span> <span class='ocrx_word' id='word_1_356' title='bbox 210 2385 290 2426; x_wconf 86' lang='lat' dir='ltr'>legis</span> <span class='ocrx_word' id='word_1_357' title='bbox 320 2390 541 2427; x_wconf 86' lang='lat' dir='ltr'>praeceptum,</span> <span class='ocrx_word' id='word_1_358' title='bbox 571 2397 635 2418; x_wconf 91' lang='lat' dir='ltr'>non</span> <span class='ocrx_word' id='word_1_359' title='bbox 666 2387 804 2428; x_wconf 85' lang='lat' dir='ltr'>accipies</span> <span class='ocrx_word' id='word_1_360' title='bbox 828 2397 944 2418; x_wconf 91' lang='lat' dir='ltr'>nomen</span> <span class='ocrx_word' id='word_1_361' title='bbox 968 2386 1032 2419; x_wconf 91' lang='lat' dir='ltr'>Dei</span> <span class='ocrx_word' id='word_1_362' title='bbox 1055 2388 1104 2419; x_wconf 90' lang='lat' dir='ltr'>tui</span> 
     </span>
     <span class='ocr_line' id='line_1_51' title="bbox 133 2426 1104 2470; baseline 0.004 -13"><span class='ocrx_word' id='word_1_363' title='bbox 133 2426 268 2459; x_wconf 77' lang='lat' dir='ltr'>frustra:</span> <span class='ocrx_word' id='word_1_364' title='bbox 306 2429 392 2460; x_wconf 89' lang='lat' dir='ltr'>unde</span> <span class='ocrx_word' id='word_1_365' title='bbox 428 2432 555 2461; x_wconf 87' lang='lat' dir='ltr'>constat</span> <span class='ocrx_word' id='word_1_366' title='bbox 592 2430 710 2462; x_wconf 90' lang='lat' dir='ltr'>iustam</span> <span class='ocrx_word' id='word_1_367' title='bbox 749 2440 786 2462; x_wconf 91' lang='lat' dir='ltr'>ac</span> <span class='ocrx_word' id='word_1_368' title='bbox 823 2429 1000 2470; x_wconf 80' lang='lat' dir='ltr'>legitimam</span> <span class='ocrx_word' id='word_1_369' title='bbox 1035 2439 1104 2461; x_wconf 88' lang='lat' dir='ltr'>esse</span> 
     </span>
     <span class='ocr_line' id='line_1_52' title="bbox 134 2468 1104 2514; baseline 0.005 -15"><span class='ocrx_word' id='word_1_370' title='bbox 134 2468 272 2509; x_wconf 90' lang='lat' dir='ltr'>aliquam</span> <span class='ocrx_word' id='word_1_371' title='bbox 301 2471 439 2504; x_wconf 88' lang='lat' dir='ltr'>nominis</span> <span class='ocrx_word' id='word_1_372' title='bbox 463 2471 526 2503; x_wconf 83' lang='lat' dir='ltr'>Dei</span> <span class='ocrx_word' id='word_1_373' title='bbox 554 2474 805 2514; x_wconf 87' lang='lat' dir='ltr'>usurpationem.</span> <span class='ocrx_word' id='word_1_374' title='bbox 851 2472 946 2505; x_wconf 91' lang='lat' dir='ltr'>Nunc</span> <span class='ocrx_word' id='word_1_375' title='bbox 968 2472 1104 2505; x_wconf 88' lang='lat' dir='ltr'>Iacobus</span> 
     </span>
     <span class='ocr_line' id='line_1_53' title="bbox 133 2512 1104 2556; baseline 0.005 -14"><span class='ocrx_word' id='word_1_376' title='bbox 133 2522 186 2543; x_wconf 91' lang='lat' dir='ltr'>eos</span> <span class='ocrx_word' id='word_1_377' title='bbox 221 2512 354 2544; x_wconf 89' lang='lat' dir='ltr'>damnat</span> <span class='ocrx_word' id='word_1_378' title='bbox 387 2515 440 2555; x_wconf 91' lang='lat' dir='ltr'>qui</span> <span class='ocrx_word' id='word_1_379' title='bbox 474 2515 594 2547; x_wconf 90' lang='lat' dir='ltr'>directe</span> <span class='ocrx_word' id='word_1_380' title='bbox 627 2516 756 2556; x_wconf 92' lang='lat' dir='ltr'>quidem</span> <span class='ocrx_word' id='word_1_381' title='bbox 791 2526 854 2547; x_wconf 94' lang='lat' dir='ltr'>non</span> <span class='ocrx_word' id='word_1_382' title='bbox 888 2516 1009 2547; x_wconf 89' lang='lat' dir='ltr'>audent</span> <span class='ocrx_word' id='word_1_383' title='bbox 1040 2515 1104 2547; x_wconf 87' lang='lat' dir='ltr'>Dei</span> 
     </span>
     <span class='ocr_line' id='line_1_54' title="bbox 132 2555 1103 2599; baseline 0.005 -14"><span class='ocrx_word' id='word_1_384' title='bbox 132 2555 261 2586; x_wconf 92' lang='lat' dir='ltr'>nomine</span> <span class='ocrx_word' id='word_1_385' title='bbox 292 2556 397 2587; x_wconf 82' lang='lat' dir='ltr'>abuti:</span> <span class='ocrx_word' id='word_1_386' title='bbox 433 2558 488 2589; x_wconf 90' lang='lat' dir='ltr'>sed</span> <span class='ocrx_word' id='word_1_387' title='bbox 519 2557 691 2591; x_wconf 89' lang='lat' dir='ltr'>verborum</span> <span class='ocrx_word' id='word_1_388' title='bbox 720 2559 855 2591; x_wconf 88' lang='lat' dir='ltr'>circuitu</span> <span class='ocrx_word' id='word_1_389' title='bbox 885 2559 1028 2599; x_wconf 87' lang='lat' dir='ltr'>effugere</span> <span class='ocrx_word' id='word_1_390' title='bbox 1051 2568 1103 2590; x_wconf 93' lang='lat' dir='ltr'>co-</span> 
     </span>
     <span class='ocr_line' id='line_1_55' title="bbox 133 2598 773 2639; baseline 0.008 -11"><span class='ocrx_word' id='word_1_391' title='bbox 133 2603 254 2629; x_wconf 86' lang='lat' dir='ltr'>nantur</span> <span class='ocrx_word' id='word_1_392' title='bbox 277 2598 411 2630; x_wconf 89' lang='lat' dir='ltr'>abusum</span> <span class='ocrx_word' id='word_1_393' title='bbox 436 2610 530 2639; x_wconf 91' lang='lat' dir='ltr'>quem</span> <span class='ocrx_word' id='word_1_394' title='bbox 555 2601 608 2632; x_wconf 82' lang='lat' dir='ltr'>lex</span> <span class='ocrx_word' id='word_1_395' title='bbox 631 2601 773 2633; x_wconf 88' lang='lat' dir='ltr'>damnat.</span> 
     </span>
    </p>

    <p class='ocr_par' dir='ltr' id='par_1_4' title="bbox 223 2640 1104 2685">
     <span class='ocr_line' id='line_1_56' title="bbox 223 2640 1104 2685; baseline 0.006 -14"><span class='ocrx_word' id='word_1_396' title='bbox 223 2640 260 2672; x_wconf 85' lang='lat' dir='ltr'>Si</span> <span class='ocrx_word' id='word_1_397' title='bbox 288 2643 391 2673; x_wconf 78' lang='lat' dir='ltr'>autem</span> <span class='ocrx_word' id='word_1_398' title='bbox 421 2645 564 2683; x_wconf 78' lang='lat' dir='ltr'>vestrum,</span> <span class='ocrx_word' id='word_1_399' title='bbox 595 2646 646 2676; x_wconf 81' lang='lat' dir='ltr'>est.</span> <span class='ocrx_word' id='word_1_400' title='bbox 692 2643 863 2685; x_wconf 90' lang='lat' dir='ltr'>Optimum</span> <span class='ocrx_word' id='word_1_401' title='bbox 896 2644 988 2683; x_wconf 85' lang='lat' dir='ltr'>vitio,</span> <span class='ocrx_word' id='word_1_402' title='bbox 1019 2644 1104 2684; x_wconf 89' lang='lat' dir='ltr'>quod</span> 
     </span>
    </p>
   </div>
   <div class='ocr_carea' id='block_1_4' title="bbox 1033 193 1246 226">
    <p class='ocr_par' dir='ltr' id='par_1_5' title="bbox 1033 193 1246 226">
     <span class='ocr_line' id='line_1_57' title="bbox 1033 193 1246 226; baseline -0.005 0"><span class='ocrx_word' id='word_1_403' title='bbox 1033 193 1182 226; x_wconf 78' lang='lat' dir='ltr'>CAPUT</span> <span class='ocrx_word' id='word_1_404' title='bbox 1207 194 1246 225; x_wconf 92' lang='lat' dir='ltr'>V.</span> 
     </span>
    </p>
   </div>
   <div class='ocr_carea' id='block_1_5' title="bbox 1129 1213 1132 2016">
    <p class='ocr_par' dir='ltr' id='par_1_6' title="bbox 1129 1213 1132 2016">
     <span class='ocr_line' id='line_1_58' title="bbox 1129 1213 1132 2016; baseline 0 0"><span class='ocrx_word' id='word_1_405' title='bbox 1129 1213 1132 2016; x_wconf 95' lang='lat' dir='ltr'> </span> 
     </span>
    </p>
   </div>
   <div class='ocr_carea' id='block_1_6' title="bbox 2060 197 2124 228">
    <p class='ocr_par' dir='ltr' id='par_1_7' title="bbox 2060 197 2124 228">
     <span class='ocr_line' id='line_1_59' title="bbox 2060 197 2124 228; baseline 0.016 -1"><span class='ocrx_word' id='word_1_406' title='bbox 2060 197 2124 228; x_wconf 80' lang='lat'>430</span> 
     </span>
    </p>
   </div>
   <div class='ocr_carea' id='block_1_7' title="bbox 1155 288 2129 2042">
    <p class='ocr_par' dir='ltr' id='par_1_8' title="bbox 1155 288 2127 1055">
     <span class='ocr_line' id='line_1_60' title="bbox 1157 288 2123 329; baseline 0.002 -10"><span class='ocrx_word' id='word_1_407' title='bbox 1157 289 1375 329; x_wconf 89' lang='lat' dir='ltr'>reprehendit,</span> <span class='ocrx_word' id='word_1_408' title='bbox 1397 288 1587 329; x_wconf 86' lang='lat' dir='ltr'>corrigendo</span> <span class='ocrx_word' id='word_1_409' title='bbox 1611 290 1787 322; x_wconf 91' lang='lat' dir='ltr'>remedium</span> <span class='ocrx_word' id='word_1_410' title='bbox 1808 291 1916 322; x_wconf 82' lang='lat' dir='ltr'>affert:</span> <span class='ocrx_word' id='word_1_411' title='bbox 1941 295 1975 321; x_wconf 93' lang='lat' dir='ltr'>ut</span> <span class='ocrx_word' id='word_1_412' title='bbox 1995 290 2123 321; x_wconf 83' lang='lat' dir='ltr'>veritati</span> 
     </span>
     <span class='ocr_line' id='line_1_61' title="bbox 1156 332 2123 365; baseline 0.002 -3"><span class='ocrx_word' id='word_1_413' title='bbox 1156 336 1189 362; x_wconf 86' lang='lat' dir='ltr'>et</span> <span class='ocrx_word' id='word_1_414' title='bbox 1222 332 1423 363; x_wconf 85' lang='lat' dir='ltr'>constantiae</span> <span class='ocrx_word' id='word_1_415' title='bbox 1457 332 1490 362; x_wconf 92' lang='lat' dir='ltr'>in</span> <span class='ocrx_word' id='word_1_416' title='bbox 1521 332 1669 363; x_wconf 90' lang='lat' dir='ltr'>omnibus</span> <span class='ocrx_word' id='word_1_417' title='bbox 1703 334 1770 364; x_wconf 87' lang='lat' dir='ltr'>suis</span> <span class='ocrx_word' id='word_1_418' title='bbox 1803 333 1897 365; x_wconf 88' lang='lat' dir='ltr'>dictis</span> <span class='ocrx_word' id='word_1_419' title='bbox 1927 336 2123 364; x_wconf 85' lang='lat' dir='ltr'>assuescant.</span> 
     </span>
     <span class='ocr_line' id='line_1_62' title="bbox 1156 373 2124 416; baseline 0.002 -11"><span class='ocrx_word' id='word_1_420' title='bbox 1156 373 1254 405; x_wconf 90' lang='lat' dir='ltr'>Unde</span> <span class='ocrx_word' id='word_1_421' title='bbox 1278 375 1364 406; x_wconf 89' lang='lat' dir='ltr'>enim</span> <span class='ocrx_word' id='word_1_422' title='bbox 1389 384 1511 414; x_wconf 87' lang='lat' dir='ltr'>pravus</span> <span class='ocrx_word' id='word_1_423' title='bbox 1533 384 1604 405; x_wconf 91' lang='lat' dir='ltr'>mos</span> <span class='ocrx_word' id='word_1_424' title='bbox 1627 375 1765 415; x_wconf 89' lang='lat' dir='ltr'>iurandi,</span> <span class='ocrx_word' id='word_1_425' title='bbox 1790 377 1850 407; x_wconf 87' lang='lat' dir='ltr'>nisi</span> <span class='ocrx_word' id='word_1_426' title='bbox 1873 377 1947 416; x_wconf 81' lang='lat' dir='ltr'>quia</span> <span class='ocrx_word' id='word_1_427' title='bbox 1966 381 2056 406; x_wconf 87' lang='lat' dir='ltr'>tanta</span> <span class='ocrx_word' id='word_1_428' title='bbox 2074 381 2124 407; x_wconf 90' lang='lat' dir='ltr'>est</span> 
     </span>
     <span class='ocr_line' id='line_1_63' title="bbox 1157 416 2124 459; baseline 0.001 -11"><span class='ocrx_word' id='word_1_429' title='bbox 1157 416 1327 448; x_wconf 89' lang='lat' dir='ltr'>hominum</span> <span class='ocrx_word' id='word_1_430' title='bbox 1358 417 1501 457; x_wconf 79' lang='lat' dir='ltr'>vanitas,</span> <span class='ocrx_word' id='word_1_431' title='bbox 1535 422 1572 448; x_wconf 89' lang='lat' dir='ltr'>ut</span> <span class='ocrx_word' id='word_1_432' title='bbox 1603 417 1791 457; x_wconf 86' lang='lat' dir='ltr'>simpliciter</span> <span class='ocrx_word' id='word_1_433' title='bbox 1825 419 2029 459; x_wconf 88' lang='lat' dir='ltr'>loquentibus</span> <span class='ocrx_word' id='word_1_434' title='bbox 2059 428 2124 449; x_wconf 89' lang='lat' dir='ltr'>non</span> 
     </span>
     <span class='ocr_line' id='line_1_64' title="bbox 1156 459 2124 499; baseline 0.002 -9"><span class='ocrx_word' id='word_1_435' title='bbox 1156 459 1330 491; x_wconf 81' lang='lat' dir='ltr'>credatur?</span> <span class='ocrx_word' id='word_1_436' title='bbox 1375 459 1459 491; x_wconf 86' lang='lat' dir='ltr'>Nam</span> <span class='ocrx_word' id='word_1_437' title='bbox 1491 460 1518 491; x_wconf 86' lang='lat' dir='ltr'>si</span> <span class='ocrx_word' id='word_1_438' title='bbox 1549 460 1646 490; x_wconf 88' lang='lat' dir='ltr'>fidem</span> <span class='ocrx_word' id='word_1_439' title='bbox 1672 460 1705 490; x_wconf 89' lang='lat' dir='ltr'>in</span> <span class='ocrx_word' id='word_1_440' title='bbox 1730 461 1835 492; x_wconf 89' lang='lat' dir='ltr'>verbis</span> <span class='ocrx_word' id='word_1_441' title='bbox 1858 463 1933 499; x_wconf 82' lang='lat' dir='ltr'>suis,</span> <span class='ocrx_word' id='word_1_442' title='bbox 1964 466 2001 492; x_wconf 88' lang='lat' dir='ltr'>ut</span> <span class='ocrx_word' id='word_1_443' title='bbox 2024 461 2124 498; x_wconf 90' lang='lat' dir='ltr'>decet,</span> 
     </span>
     <span class='ocr_line' id='line_1_65' title="bbox 1155 501 2123 543; baseline 0.002 -10"><span class='ocrx_word' id='word_1_444' title='bbox 1155 501 1306 539; x_wconf 91' lang='lat' dir='ltr'>colerent,</span> <span class='ocrx_word' id='word_1_445' title='bbox 1336 513 1398 534; x_wconf 91' lang='lat' dir='ltr'>non</span> <span class='ocrx_word' id='word_1_446' title='bbox 1427 513 1508 542; x_wconf 89' lang='lat' dir='ltr'>opus</span> <span class='ocrx_word' id='word_1_447' title='bbox 1538 507 1624 534; x_wconf 89' lang='lat' dir='ltr'>esset</span> <span class='ocrx_word' id='word_1_448' title='bbox 1654 508 1702 534; x_wconf 90' lang='lat' dir='ltr'>tot</span> <span class='ocrx_word' id='word_1_449' title='bbox 1725 504 1898 543; x_wconf 86' lang='lat' dir='ltr'>superfluis</span> <span class='ocrx_word' id='word_1_450' title='bbox 1921 503 2123 535; x_wconf 87' lang='lat' dir='ltr'>iuramentis.</span> 
     </span>
     <span class='ocr_line' id='line_1_66' title="bbox 1156 543 2126 586; baseline 0.002 -10"><span class='ocrx_word' id='word_1_451' title='bbox 1156 543 1242 584; x_wconf 82' lang='lat' dir='ltr'>Quia</span> <span class='ocrx_word' id='word_1_452' title='bbox 1270 546 1372 586; x_wconf 86' lang='lat' dir='ltr'>igitur</span> <span class='ocrx_word' id='word_1_453' title='bbox 1389 545 1559 577; x_wconf 90' lang='lat' dir='ltr'>hominum</span> <span class='ocrx_word' id='word_1_454' title='bbox 1590 545 1724 586; x_wconf 88' lang='lat' dir='ltr'>perfidia</span> <span class='ocrx_word' id='word_1_455' title='bbox 1746 545 1798 577; x_wconf 85' lang='lat' dir='ltr'>vel</span> <span class='ocrx_word' id='word_1_456' title='bbox 1829 546 1942 578; x_wconf 89' lang='lat' dir='ltr'>levitas</span> <span class='ocrx_word' id='word_1_457' title='bbox 1969 548 2040 578; x_wconf 87' lang='lat' dir='ltr'>fons</span> <span class='ocrx_word' id='word_1_458' title='bbox 2063 551 2126 584; x_wconf 86' lang='lat' dir='ltr'>est,</span> 
     </span>
     <span class='ocr_line' id='line_1_67' title="bbox 1156 587 2125 628; baseline 0.002 -10"><span class='ocrx_word' id='word_1_459' title='bbox 1156 587 1241 619; x_wconf 90' lang='lat' dir='ltr'>unde</span> <span class='ocrx_word' id='word_1_460' title='bbox 1264 587 1391 619; x_wconf 85' lang='lat' dir='ltr'>iurandi</span> <span class='ocrx_word' id='word_1_461' title='bbox 1415 588 1599 628; x_wconf 87' lang='lat' dir='ltr'>corruptela</span> <span class='ocrx_word' id='word_1_462' title='bbox 1622 589 1740 619; x_wconf 89' lang='lat' dir='ltr'>oritur:</span> <span class='ocrx_word' id='word_1_463' title='bbox 1767 594 1803 619; x_wconf 90' lang='lat' dir='ltr'>ut</span> <span class='ocrx_word' id='word_1_464' title='bbox 1826 590 1985 628; x_wconf 83' lang='lat' dir='ltr'>posterius</span> <span class='ocrx_word' id='word_1_465' title='bbox 2008 590 2125 620; x_wconf 89' lang='lat' dir='ltr'>vitium</span> 
     </span>
     <span class='ocr_line' id='line_1_68' title="bbox 1156 630 2125 671; baseline 0.003 -11"><span class='ocrx_word' id='word_1_466' title='bbox 1156 630 1251 661; x_wconf 89' lang='lat' dir='ltr'>tollat</span> <span class='ocrx_word' id='word_1_467' title='bbox 1282 630 1426 668; x_wconf 90' lang='lat' dir='ltr'>Iacobus,</span> <span class='ocrx_word' id='word_1_468' title='bbox 1461 630 1639 662; x_wconf 89' lang='lat' dir='ltr'>tollendum</span> <span class='ocrx_word' id='word_1_469' title='bbox 1669 641 1739 663; x_wconf 89' lang='lat' dir='ltr'>esse</span> <span class='ocrx_word' id='word_1_470' title='bbox 1769 631 1859 671; x_wconf 89' lang='lat' dir='ltr'>prius</span> <span class='ocrx_word' id='word_1_471' title='bbox 1889 631 1988 663; x_wconf 89' lang='lat' dir='ltr'>docet.</span> <span class='ocrx_word' id='word_1_472' title='bbox 2040 631 2125 663; x_wconf 88' lang='lat' dir='ltr'>Nam</span> 
     </span>
     <span class='ocr_line' id='line_1_69' title="bbox 1155 673 2125 714; baseline 0.002 -11"><span class='ocrx_word' id='word_1_473' title='bbox 1155 673 1293 704; x_wconf 85' lang='lat' dir='ltr'>sanandi</span> <span class='ocrx_word' id='word_1_474' title='bbox 1330 674 1412 704; x_wconf 90' lang='lat' dir='ltr'>ratio</span> <span class='ocrx_word' id='word_1_475' title='bbox 1445 683 1464 704; x_wconf 82' lang='lat' dir='ltr'>a</span> <span class='ocrx_word' id='word_1_476' title='bbox 1497 684 1593 705; x_wconf 83' lang='lat' dir='ltr'>causa</span> <span class='ocrx_word' id='word_1_477' title='bbox 1629 674 1771 714; x_wconf 89' lang='lat' dir='ltr'>incipere</span> <span class='ocrx_word' id='word_1_478' title='bbox 1808 673 1912 705; x_wconf 87' lang='lat' dir='ltr'>debet.</span> <span class='ocrx_word' id='word_1_479' title='bbox 1969 674 2125 705; x_wconf 89' lang='lat' dir='ltr'>Nonnulli</span> 
     </span>
     <span class='ocr_line' id='line_1_70' title="bbox 1156 715 2123 757; baseline 0.001 -10"><span class='ocrx_word' id='word_1_480' title='bbox 1156 716 1280 747; x_wconf 90' lang='lat' dir='ltr'>codices</span> <span class='ocrx_word' id='word_1_481' title='bbox 1305 715 1435 754; x_wconf 90' lang='lat' dir='ltr'>habent,</span> <span class='ocrx_word' id='word_1_482' title='bbox 1458 717 1500 748; x_wconf 89' lang='lat' dir='ltr'>sit</span> <span class='ocrx_word' id='word_1_483' title='bbox 1515 726 1622 748; x_wconf 90' lang='lat' dir='ltr'>sermo</span> <span class='ocrx_word' id='word_1_484' title='bbox 1639 720 1757 757; x_wconf 90' lang='lat' dir='ltr'>vester,</span> <span class='ocrx_word' id='word_1_485' title='bbox 1780 722 1838 754; x_wconf 88' lang='lat' dir='ltr'>est,</span> <span class='ocrx_word' id='word_1_486' title='bbox 1862 721 1928 748; x_wconf 88' lang='lat' dir='ltr'>est:</span> <span class='ocrx_word' id='word_1_487' title='bbox 1952 727 2027 755; x_wconf 90' lang='lat' dir='ltr'>non,</span> <span class='ocrx_word' id='word_1_488' title='bbox 2049 727 2123 748; x_wconf 90' lang='lat' dir='ltr'>non.</span> 
     </span>
     <span class='ocr_line' id='line_1_71' title="bbox 1156 757 2127 799; baseline 0.001 -10"><span class='ocrx_word' id='word_1_489' title='bbox 1156 757 1310 789; x_wconf 84' lang='lat' dir='ltr'>Genuina</span> <span class='ocrx_word' id='word_1_490' title='bbox 1341 764 1448 789; x_wconf 89' lang='lat' dir='ltr'>tamen</span> <span class='ocrx_word' id='word_1_491' title='bbox 1480 759 1574 791; x_wconf 90' lang='lat' dir='ltr'>lectio</span> <span class='ocrx_word' id='word_1_492' title='bbox 1606 764 1655 791; x_wconf 88' lang='lat' dir='ltr'>est</span> <span class='ocrx_word' id='word_1_493' title='bbox 1685 769 1722 791; x_wconf 93' lang='lat' dir='ltr'>ea</span> <span class='ocrx_word' id='word_1_494' title='bbox 1745 769 1843 799; x_wconf 88' lang='lat' dir='ltr'>quam</span> <span class='ocrx_word' id='word_1_495' title='bbox 1867 759 2002 798; x_wconf 89' lang='lat' dir='ltr'>reddidi,</span> <span class='ocrx_word' id='word_1_496' title='bbox 2032 764 2127 799; x_wconf 91' lang='lat' dir='ltr'>atque</span> 
     </span>
     <span class='ocr_line' id='line_1_72' title="bbox 1156 801 2126 843; baseline 0.001 -12"><span class='ocrx_word' id='word_1_497' title='bbox 1156 801 1254 832; x_wconf 89' lang='lat' dir='ltr'>etiam</span> <span class='ocrx_word' id='word_1_498' title='bbox 1283 801 1388 841; x_wconf 85' lang='lat' dir='ltr'>magis</span> <span class='ocrx_word' id='word_1_499' title='bbox 1418 807 1555 841; x_wconf 87' lang='lat' dir='ltr'>recepta.</span> <span class='ocrx_word' id='word_1_500' title='bbox 1601 802 1689 841; x_wconf 78' lang='lat' dir='ltr'>Quid</span> <span class='ocrx_word' id='word_1_501' title='bbox 1720 807 1829 834; x_wconf 87' lang='lat' dir='ltr'>autem</span> <span class='ocrx_word' id='word_1_502' title='bbox 1861 803 2032 843; x_wconf 87' lang='lat' dir='ltr'>significet,</span> <span class='ocrx_word' id='word_1_503' title='bbox 2062 802 2126 833; x_wconf 91' lang='lat' dir='ltr'>iam</span> 
     </span>
     <span class='ocr_line' id='line_1_73' title="bbox 1156 843 2125 885; baseline 0.002 -11"><span class='ocrx_word' id='word_1_504' title='bbox 1156 843 1310 884; x_wconf 85' lang='lat' dir='ltr'>exposui:</span> <span class='ocrx_word' id='word_1_505' title='bbox 1349 847 1386 874; x_wconf 91' lang='lat' dir='ltr'>ut</span> <span class='ocrx_word' id='word_1_506' title='bbox 1423 844 1546 876; x_wconf 88' lang='lat' dir='ltr'>seilicet</span> <span class='ocrx_word' id='word_1_507' title='bbox 1580 855 1709 876; x_wconf 79' lang='lat' dir='ltr'>veraces</span> <span class='ocrx_word' id='word_1_508' title='bbox 1746 846 1865 884; x_wconf 89' lang='lat' dir='ltr'>simus,</span> <span class='ocrx_word' id='word_1_509' title='bbox 1903 846 2053 885; x_wconf 89' lang='lat' dir='ltr'>firmique</span> <span class='ocrx_word' id='word_1_510' title='bbox 2091 845 2125 875; x_wconf 88' lang='lat' dir='ltr'>in</span> 
     </span>
     <span class='ocr_line' id='line_1_74' title="bbox 1156 885 2126 919; baseline 0.002 -2"><span class='ocrx_word' id='word_1_511' title='bbox 1156 886 1305 918; x_wconf 89' lang='lat' dir='ltr'>omnibus</span> <span class='ocrx_word' id='word_1_512' title='bbox 1329 885 1432 918; x_wconf 85' lang='lat' dir='ltr'>dictis.</span> <span class='ocrx_word' id='word_1_513' title='bbox 1465 886 1588 918; x_wconf 88' lang='lat' dir='ltr'>Eodem</span> <span class='ocrx_word' id='word_1_514' title='bbox 1612 897 1709 919; x_wconf 91' lang='lat' dir='ltr'>sensu</span> <span class='ocrx_word' id='word_1_515' title='bbox 1732 891 1869 919; x_wconf 89' lang='lat' dir='ltr'>testatur</span> <span class='ocrx_word' id='word_1_516' title='bbox 1886 887 2008 919; x_wconf 88' lang='lat' dir='ltr'>Paulus</span> <span class='ocrx_word' id='word_1_517' title='bbox 2030 887 2061 919; x_wconf 81' lang='lat'>2.</span> <span class='ocrx_word' id='word_1_518' title='bbox 2085 887 2126 918; x_wconf 84' lang='lat' dir='ltr'>ad</span> 
     </span>
     <span class='ocr_line' id='line_1_75' title="bbox 1156 929 2125 971; baseline 0 -11"><span class='ocrx_word' id='word_1_519' title='bbox 1156 929 1305 961; x_wconf 87' lang='lat' dir='ltr'>Corinth.</span> <span class='ocrx_word' id='word_1_520' title='bbox 1330 929 1357 966; x_wconf 91' lang='lat'>1,</span> <span class='ocrx_word' id='word_1_521' title='bbox 1383 929 1432 966; x_wconf 88' lang='grc'>18,</span> <span class='ocrx_word' id='word_1_522' title='bbox 1463 939 1526 960; x_wconf 92' lang='lat' dir='ltr'>non</span> <span class='ocrx_word' id='word_1_523' title='bbox 1558 930 1658 962; x_wconf 87' lang='lat' dir='ltr'>fuisse</span> <span class='ocrx_word' id='word_1_524' title='bbox 1683 930 1918 971; x_wconf 87' lang='lat' dir='ltr'>deprehensum</span> <span class='ocrx_word' id='word_1_525' title='bbox 1941 931 1976 961; x_wconf 89' lang='lat' dir='ltr'>in</span> <span class='ocrx_word' id='word_1_526' title='bbox 1999 929 2125 971; x_wconf 88' lang='lat' dir='ltr'>praedi-</span> 
     </span>
     <span class='ocr_line' id='line_1_76' title="bbox 1156 972 2126 1013; baseline 0.002 -10"><span class='ocrx_word' id='word_1_527' title='bbox 1156 972 1282 1004; x_wconf 87' lang='lat' dir='ltr'>catione</span> <span class='ocrx_word' id='word_1_528' title='bbox 1305 982 1364 1003; x_wconf 87' lang='lat' dir='ltr'>sua</span> <span class='ocrx_word' id='word_1_529' title='bbox 1388 972 1448 1003; x_wconf 86' lang='lat' dir='ltr'>Est</span> <span class='ocrx_word' id='word_1_530' title='bbox 1477 977 1509 1003; x_wconf 90' lang='lat' dir='ltr'>et</span> <span class='ocrx_word' id='word_1_531' title='bbox 1535 982 1617 1004; x_wconf 89' lang='lat' dir='ltr'>non:</span> <span class='ocrx_word' id='word_1_532' title='bbox 1648 973 1703 1004; x_wconf 90' lang='lat' dir='ltr'>sed</span> <span class='ocrx_word' id='word_1_533' title='bbox 1727 973 1836 1004; x_wconf 91' lang='lat' dir='ltr'>eodem</span> <span class='ocrx_word' id='word_1_534' title='bbox 1862 979 1973 1005; x_wconf 91' lang='lat' dir='ltr'>tenore</span> <span class='ocrx_word' id='word_1_535' title='bbox 1995 983 2030 1005; x_wconf 89' lang='lat' dir='ltr'>se</span> <span class='ocrx_word' id='word_1_536' title='bbox 2053 983 2126 1013; x_wconf 88' lang='lat' dir='ltr'>pro-</span> 
     </span>
     <span class='ocr_line' id='line_1_77' title="bbox 1156 1019 1688 1055; baseline -0.002 -8"><span class='ocrx_word' id='word_1_537' title='bbox 1156 1019 1330 1055; x_wconf 85' lang='lat' dir='ltr'>sequutum</span> <span class='ocrx_word' id='word_1_538' title='bbox 1353 1025 1424 1046; x_wconf 90' lang='lat' dir='ltr'>esse</span> <span class='ocrx_word' id='word_1_539' title='bbox 1447 1024 1510 1054; x_wconf 92' lang='lat' dir='ltr'>quo</span> <span class='ocrx_word' id='word_1_540' title='bbox 1532 1021 1688 1055; x_wconf 86' lang='lat' dir='ltr'>coeperat.</span> 
     </span>
    </p>

    <p class='ocr_par' dir='ltr' id='par_1_9' title="bbox 1155 1057 2128 1484">
     <span class='ocr_line' id='line_1_78' title="bbox 1244 1057 2127 1099; baseline 0.001 -11"><span class='ocrx_word' id='word_1_541' title='bbox 1244 1057 1294 1089; x_wconf 89' lang='lat' dir='ltr'>Ne</span> <span class='ocrx_word' id='word_1_542' title='bbox 1314 1057 1348 1089; x_wconf 80' lang='lat' dir='ltr'>in</span> <span class='ocrx_word' id='word_1_543' title='bbox 1365 1057 1529 1090; x_wconf 78' lang='lat' dir='ltr'>iudicium.</span> <span class='ocrx_word' id='word_1_544' title='bbox 1565 1058 1667 1089; x_wconf 86' lang='lat' dir='ltr'>Varia</span> <span class='ocrx_word' id='word_1_545' title='bbox 1685 1063 1733 1090; x_wconf 90' lang='lat' dir='ltr'>est</span> <span class='ocrx_word' id='word_1_546' title='bbox 1756 1058 1851 1090; x_wconf 90' lang='lat' dir='ltr'>lectio</span> <span class='ocrx_word' id='word_1_547' title='bbox 1867 1063 1996 1099; x_wconf 90' lang='lat' dir='ltr'>propter</span> <span class='ocrx_word' id='word_1_548' title='bbox 2013 1067 2127 1090; x_wconf 91' lang='lat' dir='ltr'>vocum</span> 
     </span>
     <span class='ocr_line' id='line_1_79' title="bbox 1157 1100 2127 1143; baseline 0.001 -12"><span class='ocrx_word' id='word_1_549' title='bbox 1157 1101 1349 1132; x_wconf 85' lang='lat' dir='ltr'>affinitatem</span> <span class='ocrx_word' id='word_1_550' title='bbox 1378 1100 1544 1142; x_wconf 81' lang='grc' dir='ltr'></span> <span class='ocrx_word' id='word_1_551' title='bbox 1573 1101 1627 1132; x_wconf 76' lang='grc' dir='ltr'></span> <span class='ocrx_word' id='word_1_552' title='bbox 1661 1100 1834 1143; x_wconf 76' lang='grc' dir='ltr'>.</span> <span class='ocrx_word' id='word_1_553' title='bbox 1888 1101 1925 1133; x_wconf 86' lang='lat' dir='ltr'>Si</span> <span class='ocrx_word' id='word_1_554' title='bbox 1955 1101 2058 1142; x_wconf 84' lang='lat' dir='ltr'>legas,</span> <span class='ocrx_word' id='word_1_555' title='bbox 2092 1101 2127 1132; x_wconf 91' lang='lat' dir='ltr'>in</span> 
     </span>
     <span class='ocr_line' id='line_1_80' title="bbox 1157 1143 2125 1182; baseline 0.001 -8"><span class='ocrx_word' id='word_1_556' title='bbox 1157 1143 1321 1180; x_wconf 83' lang='lat' dir='ltr'>iudicium,</span> <span class='ocrx_word' id='word_1_557' title='bbox 1346 1144 1398 1175; x_wconf 85' lang='lat' dir='ltr'>vel</span> <span class='ocrx_word' id='word_1_558' title='bbox 1418 1145 1451 1174; x_wconf 90' lang='lat' dir='ltr'>in</span> <span class='ocrx_word' id='word_1_559' title='bbox 1468 1144 1780 1182; x_wconf 86' lang='lat' dir='ltr'>condemnationem,</span> <span class='ocrx_word' id='word_1_560' title='bbox 1800 1154 1914 1176; x_wconf 85' lang='lat' dir='ltr'>sensus</span> <span class='ocrx_word' id='word_1_561' title='bbox 1932 1144 1994 1175; x_wconf 87' lang='lat' dir='ltr'>erit</span> <span class='ocrx_word' id='word_1_562' title='bbox 2008 1143 2125 1181; x_wconf 87' lang='lat' dir='ltr'>clarus,</span> 
     </span>
     <span class='ocr_line' id='line_1_81' title="bbox 1156 1186 2127 1227; baseline 0.001 -10"><span class='ocrx_word' id='word_1_563' title='bbox 1156 1186 1218 1218; x_wconf 90' lang='lat' dir='ltr'>Dei</span> <span class='ocrx_word' id='word_1_564' title='bbox 1242 1186 1365 1218; x_wconf 81' lang='lat' dir='ltr'>scilicet</span> <span class='ocrx_word' id='word_1_565' title='bbox 1387 1196 1505 1218; x_wconf 91' lang='lat' dir='ltr'>nomen</span> <span class='ocrx_word' id='word_1_566' title='bbox 1525 1197 1589 1218; x_wconf 92' lang='lat' dir='ltr'>non</span> <span class='ocrx_word' id='word_1_567' title='bbox 1606 1188 1738 1227; x_wconf 90' lang='lat' dir='ltr'>impune</span> <span class='ocrx_word' id='word_1_568' title='bbox 1754 1193 1920 1227; x_wconf 90' lang='lat' dir='ltr'>sumptum</span> <span class='ocrx_word' id='word_1_569' title='bbox 1937 1187 1976 1218; x_wconf 93' lang='lat' dir='ltr'>iri</span> <span class='ocrx_word' id='word_1_570' title='bbox 1993 1187 2127 1218; x_wconf 82' lang='lat' dir='ltr'>frustra:</span> 
     </span>
     <span class='ocr_line' id='line_1_82' title="bbox 1155 1229 2128 1270; baseline 0 -10"><span class='ocrx_word' id='word_1_571' title='bbox 1155 1229 1212 1260; x_wconf 88' lang='lat' dir='ltr'>sed</span> <span class='ocrx_word' id='word_1_572' title='bbox 1246 1239 1310 1260; x_wconf 91' lang='lat' dir='ltr'>non</span> <span class='ocrx_word' id='word_1_573' title='bbox 1350 1229 1434 1260; x_wconf 82' lang='lat' dir='ltr'>male</span> <span class='ocrx_word' id='word_1_574' title='bbox 1468 1230 1652 1270; x_wconf 83' lang='lat' dir='ltr'>quadrabit,</span> <span class='ocrx_word' id='word_1_575' title='bbox 1691 1231 1722 1261; x_wconf 89' lang='lat' dir='ltr'>in</span> <span class='ocrx_word' id='word_1_576' title='bbox 1757 1230 2014 1262; x_wconf 85' lang='lat' dir='ltr'>simulationem:</span> <span class='ocrx_word' id='word_1_577' title='bbox 2051 1229 2128 1270; x_wconf 91' lang='lat' dir='ltr'>quia</span> 
     </span>
     <span class='ocr_line' id='line_1_83' title="bbox 1155 1271 2127 1314; baseline 0 -11"><span class='ocrx_word' id='word_1_578' title='bbox 1155 1271 1264 1314; x_wconf 90' lang='lat' dir='ltr'>(sicuti</span> <span class='ocrx_word' id='word_1_579' title='bbox 1297 1272 1360 1303; x_wconf 85' lang='lat' dir='ltr'>iam</span> <span class='ocrx_word' id='word_1_580' title='bbox 1396 1272 1515 1304; x_wconf 90' lang='lat' dir='ltr'>dictum</span> <span class='ocrx_word' id='word_1_581' title='bbox 1550 1272 1612 1314; x_wconf 84' lang='lat' dir='ltr'>est)</span> <span class='ocrx_word' id='word_1_582' title='bbox 1645 1272 1699 1304; x_wconf 89' lang='lat' dir='ltr'>ubi</span> <span class='ocrx_word' id='word_1_583' title='bbox 1732 1273 1923 1313; x_wconf 88' lang='lat' dir='ltr'>simplicitas</span> <span class='ocrx_word' id='word_1_584' title='bbox 1956 1273 2040 1304; x_wconf 91' lang='lat' dir='ltr'>inter</span> <span class='ocrx_word' id='word_1_585' title='bbox 2068 1281 2127 1303; x_wconf 92' lang='lat' dir='ltr'>nos</span> 
     </span>
     <span class='ocr_line' id='line_1_84' title="bbox 1156 1315 2127 1357; baseline 0 -11"><span class='ocrx_word' id='word_1_586' title='bbox 1156 1315 1261 1356; x_wconf 87' lang='lat' dir='ltr'>viget,</span> <span class='ocrx_word' id='word_1_587' title='bbox 1299 1315 1443 1355; x_wconf 89' lang='lat' dir='ltr'>praecisa</span> <span class='ocrx_word' id='word_1_588' title='bbox 1481 1320 1528 1347; x_wconf 90' lang='lat' dir='ltr'>est</span> <span class='ocrx_word' id='word_1_589' title='bbox 1564 1326 1644 1347; x_wconf 89' lang='lat' dir='ltr'>ansa</span> <span class='ocrx_word' id='word_1_590' title='bbox 1681 1316 1893 1357; x_wconf 87' lang='lat' dir='ltr'>supervacuis</span> <span class='ocrx_word' id='word_1_591' title='bbox 1926 1315 2127 1347; x_wconf 82' lang='lat' dir='ltr'>iuramentis.</span> 
     </span>
     <span class='ocr_line' id='line_1_85' title="bbox 1157 1357 2127 1398; baseline -0.001 -9"><span class='ocrx_word' id='word_1_592' title='bbox 1157 1358 1246 1398; x_wconf 89' lang='lat' dir='ltr'>Ergo</span> <span class='ocrx_word' id='word_1_593' title='bbox 1276 1359 1302 1389; x_wconf 90' lang='lat' dir='ltr'>si</span> <span class='ocrx_word' id='word_1_594' title='bbox 1336 1357 1429 1389; x_wconf 88' lang='lat' dir='ltr'>dictis</span> <span class='ocrx_word' id='word_1_595' title='bbox 1453 1358 1572 1390; x_wconf 89' lang='lat' dir='ltr'>nostris</span> <span class='ocrx_word' id='word_1_596' title='bbox 1601 1359 1749 1390; x_wconf 86' lang='lat' dir='ltr'>omnibus</span> <span class='ocrx_word' id='word_1_597' title='bbox 1780 1362 1905 1391; x_wconf 86' lang='lat' dir='ltr'>constet</span> <span class='ocrx_word' id='word_1_598' title='bbox 1931 1357 2021 1396; x_wconf 88' lang='lat' dir='ltr'>fides,</span> <span class='ocrx_word' id='word_1_599' title='bbox 2051 1357 2127 1389; x_wconf 91' lang='lat' dir='ltr'>sub-</span> 
     </span>
     <span class='ocr_line' id='line_1_86' title="bbox 1156 1401 2127 1441; baseline -0.002 -9"><span class='ocrx_word' id='word_1_600' title='bbox 1156 1401 1223 1432; x_wconf 89' lang='lat' dir='ltr'>lata</span> <span class='ocrx_word' id='word_1_601' title='bbox 1253 1401 1316 1432; x_wconf 86' lang='lat' dir='ltr'>erit</span> <span class='ocrx_word' id='word_1_602' title='bbox 1349 1401 1513 1432; x_wconf 86' lang='lat' dir='ltr'>simulatio</span> <span class='ocrx_word' id='word_1_603' title='bbox 1541 1411 1623 1441; x_wconf 84' lang='lat' dir='ltr'>quae</span> <span class='ocrx_word' id='word_1_604' title='bbox 1653 1412 1711 1433; x_wconf 90' lang='lat' dir='ltr'>nos</span> <span class='ocrx_word' id='word_1_605' title='bbox 1741 1401 1781 1433; x_wconf 91' lang='lat' dir='ltr'>ad</span> <span class='ocrx_word' id='word_1_606' title='bbox 1809 1407 1929 1433; x_wconf 86' lang='lat' dir='ltr'>temere</span> <span class='ocrx_word' id='word_1_607' title='bbox 1952 1401 2127 1432; x_wconf 90' lang='lat' dir='ltr'>iurandum</span> 
     </span>
     <span class='ocr_line' id='line_1_87' title="bbox 1155 1449 1317 1484; baseline -0.006 -9"><span class='ocrx_word' id='word_1_608' title='bbox 1155 1449 1317 1484; x_wconf 84' lang='lat' dir='ltr'>provocat.</span> 
     </span>
    </p>

    <p class='ocr_par' dir='ltr' id='par_1_10' title="bbox 1156 1486 2129 2042">
     <span class='ocr_line' id='line_1_88' title="bbox 1243 1486 2128 1528; baseline 0 -11"><span class='ocrx_word' id='word_1_609' title='bbox 1243 1486 1291 1518; x_wconf 89' lang='lat'>13.</span> <span class='ocrx_word' id='word_1_610' title='bbox 1317 1486 1484 1527; x_wconf 75' lang='lat' dir='ltr'>Affliyitur</span> <span class='ocrx_word' id='word_1_611' title='bbox 1505 1486 1586 1527; x_wconf 77' lang='lat' dir='ltr'>quis.</span> <span class='ocrx_word' id='word_1_612' title='bbox 1625 1486 1798 1528; x_wconf 85' lang='lat' dir='ltr'>Significat</span> <span class='ocrx_word' id='word_1_613' title='bbox 1821 1487 1945 1519; x_wconf 90' lang='lat' dir='ltr'>nullum</span> <span class='ocrx_word' id='word_1_614' title='bbox 1963 1496 2033 1519; x_wconf 86' lang='lat' dir='ltr'>esse</span> <span class='ocrx_word' id='word_1_615' title='bbox 2049 1491 2128 1518; x_wconf 89' lang='lat' dir='ltr'>tem-</span> 
     </span>
     <span class='ocr_line' id='line_1_89' title="bbox 1156 1529 2127 1570; baseline 0.001 -10"><span class='ocrx_word' id='word_1_616' title='bbox 1156 1540 1217 1570; x_wconf 88' lang='lat' dir='ltr'>pus</span> <span class='ocrx_word' id='word_1_617' title='bbox 1248 1540 1312 1570; x_wconf 92' lang='lat' dir='ltr'>quo</span> <span class='ocrx_word' id='word_1_618' title='bbox 1341 1541 1405 1561; x_wconf 93' lang='lat' dir='ltr'>non</span> <span class='ocrx_word' id='word_1_619' title='bbox 1433 1530 1471 1560; x_wconf 88' lang='lat' dir='ltr'>ad</span> <span class='ocrx_word' id='word_1_620' title='bbox 1495 1541 1529 1561; x_wconf 87' lang='lat' dir='ltr'>se</span> <span class='ocrx_word' id='word_1_621' title='bbox 1554 1530 1642 1561; x_wconf 85' lang='lat' dir='ltr'>Deus</span> <span class='ocrx_word' id='word_1_622' title='bbox 1665 1540 1725 1562; x_wconf 87' lang='lat' dir='ltr'>nos</span> <span class='ocrx_word' id='word_1_623' title='bbox 1748 1530 1873 1562; x_wconf 89' lang='lat' dir='ltr'>invitet.</span> <span class='ocrx_word' id='word_1_624' title='bbox 1919 1530 2005 1562; x_wconf 87' lang='lat' dir='ltr'>Nam</span> <span class='ocrx_word' id='word_1_625' title='bbox 2028 1529 2127 1561; x_wconf 81' lang='lat' dir='ltr'>afflic-</span> 
     </span>
     <span class='ocr_line' id='line_1_90' title="bbox 1156 1572 2128 1613; baseline 0 -10"><span class='ocrx_word' id='word_1_626' title='bbox 1156 1572 1260 1604; x_wconf 90' lang='lat' dir='ltr'>tiones</span> <span class='ocrx_word' id='word_1_627' title='bbox 1294 1572 1333 1604; x_wconf 89' lang='lat' dir='ltr'>ad</span> <span class='ocrx_word' id='word_1_628' title='bbox 1368 1573 1567 1613; x_wconf 87' lang='lat' dir='ltr'>precandum</span> <span class='ocrx_word' id='word_1_629' title='bbox 1605 1573 1773 1604; x_wconf 89' lang='lat' dir='ltr'>stimulare</span> <span class='ocrx_word' id='word_1_630' title='bbox 1810 1583 1868 1604; x_wconf 93' lang='lat' dir='ltr'>nos</span> <span class='ocrx_word' id='word_1_631' title='bbox 1902 1573 2036 1605; x_wconf 88' lang='lat' dir='ltr'>debent:</span> <span class='ocrx_word' id='word_1_632' title='bbox 2075 1582 2128 1603; x_wconf 84' lang='lat' dir='ltr'>res</span> 
     </span>
     <span class='ocr_line' id='line_1_91' title="bbox 1157 1615 2127 1657; baseline -0.001 -11"><span class='ocrx_word' id='word_1_633' title='bbox 1157 1625 1330 1656; x_wconf 84' lang='lat' dir='ltr'>prosperae</span> <span class='ocrx_word' id='word_1_634' title='bbox 1346 1615 1498 1647; x_wconf 89' lang='lat' dir='ltr'>laudandi</span> <span class='ocrx_word' id='word_1_635' title='bbox 1516 1615 1578 1647; x_wconf 92' lang='lat' dir='ltr'>Dei</span> <span class='ocrx_word' id='word_1_636' title='bbox 1594 1617 1764 1648; x_wconf 85' lang='lat' dir='ltr'>materiam</span> <span class='ocrx_word' id='word_1_637' title='bbox 1782 1615 2003 1657; x_wconf 42' lang='lat' dir='ltr'>suppeditant.</span> <span class='ocrx_word' id='word_1_638' title='bbox 2026 1615 2127 1655; x_wconf 83' lang='lat' dir='ltr'>Atqui</span> 
     </span>
     <span class='ocr_line' id='line_1_92' title="bbox 1156 1658 2127 1700; baseline 0 -11"><span class='ocrx_word' id='word_1_639' title='bbox 1156 1668 1194 1690; x_wconf 92' lang='lat' dir='ltr'>ea</span> <span class='ocrx_word' id='word_1_640' title='bbox 1217 1663 1266 1690; x_wconf 90' lang='lat' dir='ltr'>est</span> <span class='ocrx_word' id='word_1_641' title='bbox 1292 1659 1459 1689; x_wconf 89' lang='lat' dir='ltr'>hominum</span> <span class='ocrx_word' id='word_1_642' title='bbox 1484 1658 1639 1699; x_wconf 86' lang='lat' dir='ltr'>pravitas,</span> <span class='ocrx_word' id='word_1_643' title='bbox 1667 1665 1703 1690; x_wconf 91' lang='lat' dir='ltr'>ut</span> <span class='ocrx_word' id='word_1_644' title='bbox 1728 1659 1840 1690; x_wconf 86' lang='lat' dir='ltr'>laetari</span> <span class='ocrx_word' id='word_1_645' title='bbox 1863 1663 2026 1700; x_wconf 88' lang='lat' dir='ltr'>nequeant</span> <span class='ocrx_word' id='word_1_646' title='bbox 2048 1658 2127 1698; x_wconf 89' lang='lat' dir='ltr'>quin</span> 
     </span>
     <span class='ocr_line' id='line_1_93' title="bbox 1156 1700 2128 1741; baseline 0 -9"><span class='ocrx_word' id='word_1_647' title='bbox 1156 1700 1221 1732; x_wconf 91' lang='lat' dir='ltr'>Dei</span> <span class='ocrx_word' id='word_1_648' title='bbox 1244 1701 1496 1733; x_wconf 87' lang='lat' dir='ltr'>obliviscantur:</span> <span class='ocrx_word' id='word_1_649' title='bbox 1525 1701 1635 1734; x_wconf 86' lang='lat' dir='ltr'>afflicti</span> <span class='ocrx_word' id='word_1_650' title='bbox 1660 1711 1736 1733; x_wconf 87' lang='lat' dir='ltr'>vero</span> <span class='ocrx_word' id='word_1_651' title='bbox 1760 1702 1908 1734; x_wconf 84' lang='lat' dir='ltr'>deiiciant</span> <span class='ocrx_word' id='word_1_652' title='bbox 1932 1702 2068 1741; x_wconf 89' lang='lat' dir='ltr'>animos,</span> <span class='ocrx_word' id='word_1_653' title='bbox 2096 1706 2128 1732; x_wconf 85' lang='lat' dir='ltr'>et</span> 
     </span>
     <span class='ocr_line' id='line_1_94' title="bbox 1157 1743 2128 1786; baseline -0.001 -11"><span class='ocrx_word' id='word_1_654' title='bbox 1157 1743 1381 1785; x_wconf 88' lang='lat' dir='ltr'>desperatione</span> <span class='ocrx_word' id='word_1_655' title='bbox 1421 1744 1657 1785; x_wconf 86' lang='lat' dir='ltr'>opprimantur.</span> <span class='ocrx_word' id='word_1_656' title='bbox 1716 1745 1870 1776; x_wconf 76' lang='lat' dir='ltr'>&#39;Ponenda</span> <span class='ocrx_word' id='word_1_657' title='bbox 1909 1745 2010 1786; x_wconf 89' lang='lat' dir='ltr'>igitur</span> <span class='ocrx_word' id='word_1_658' title='bbox 2047 1744 2128 1775; x_wconf 90' lang='lat' dir='ltr'>haec</span> 
     </span>
     <span class='ocr_line' id='line_1_95' title="bbox 1156 1786 2129 1828; baseline -0.001 -10"><span class='ocrx_word' id='word_1_659' title='bbox 1156 1787 1343 1827; x_wconf 87' lang='lat' dir='ltr'>moderatio,</span> <span class='ocrx_word' id='word_1_660' title='bbox 1366 1792 1400 1819; x_wconf 89' lang='lat' dir='ltr'>ut</span> <span class='ocrx_word' id='word_1_661' title='bbox 1421 1787 1552 1825; x_wconf 83' lang='lat' dir='ltr'>laetitia,</span> <span class='ocrx_word' id='word_1_662' title='bbox 1576 1797 1658 1828; x_wconf 83' lang='lat' dir='ltr'>quae</span> <span class='ocrx_word' id='word_1_663' title='bbox 1678 1787 1738 1819; x_wconf 91' lang='lat' dir='ltr'>Dei</span> <span class='ocrx_word' id='word_1_664' title='bbox 1757 1788 1952 1819; x_wconf 91' lang='lat' dir='ltr'>oblivionem</span> <span class='ocrx_word' id='word_1_665' title='bbox 1975 1786 2129 1818; x_wconf 87' lang='lat' dir='ltr'>inducere</span> 
     </span>
     <span class='ocr_line' id='line_1_96' title="bbox 1156 1830 2127 1871; baseline -0.001 -10"><span class='ocrx_word' id='word_1_666' title='bbox 1156 1830 1246 1867; x_wconf 90' lang='lat' dir='ltr'>solet,</span> <span class='ocrx_word' id='word_1_667' title='bbox 1277 1840 1334 1861; x_wconf 91' lang='lat' dir='ltr'>nos</span> <span class='ocrx_word' id='word_1_668' title='bbox 1365 1830 1404 1861; x_wconf 90' lang='lat' dir='ltr'>ad</span> <span class='ocrx_word' id='word_1_669' title='bbox 1434 1830 1683 1871; x_wconf 81' lang='lat' dir='ltr'>praedicandam</span> <span class='ocrx_word' id='word_1_670' title='bbox 1707 1830 1769 1862; x_wconf 91' lang='lat' dir='ltr'>Dei</span> <span class='ocrx_word' id='word_1_671' title='bbox 1796 1830 1973 1861; x_wconf 86' lang='lat' dir='ltr'>bonitatem</span> <span class='ocrx_word' id='word_1_672' title='bbox 1996 1830 2127 1861; x_wconf 87' lang='lat' dir='ltr'>incitet:</span> 
     </span>
     <span class='ocr_line' id='line_1_97' title="bbox 1157 1872 2126 1913; baseline 0 -10"><span class='ocrx_word' id='word_1_673' title='bbox 1157 1873 1289 1904; x_wconf 88' lang='lat' dir='ltr'>tristitia</span> <span class='ocrx_word' id='word_1_674' title='bbox 1322 1878 1428 1904; x_wconf 90' lang='lat' dir='ltr'>autem</span> <span class='ocrx_word' id='word_1_675' title='bbox 1463 1883 1523 1905; x_wconf 90' lang='lat' dir='ltr'>nos</span> <span class='ocrx_word' id='word_1_676' title='bbox 1557 1873 1596 1904; x_wconf 83' lang='lat' dir='ltr'>ad</span> <span class='ocrx_word' id='word_1_677' title='bbox 1631 1873 1827 1913; x_wconf 84' lang='lat' dir='ltr'>precandum</span> <span class='ocrx_word' id='word_1_678' title='bbox 1856 1873 1990 1904; x_wconf 89' lang='lat' dir='ltr'>erudiat.</span> <span class='ocrx_word' id='word_1_679' title='bbox 2042 1872 2126 1904; x_wconf 84' lang='lat' dir='ltr'>Nam</span> 
     </span>
     <span class='ocr_line' id='line_1_98' title="bbox 1157 1914 2128 1956; baseline -0.001 -9"><span class='ocrx_word' id='word_1_680' title='bbox 1157 1915 1364 1956; x_wconf 83' lang='lat' dir='ltr'>psallendi</span> <span class='ocrx_word' id='word_1_681' title='bbox 1386 1916 1521 1948; x_wconf 85' lang='lat' dir='ltr'>verbum</span> <span class='ocrx_word' id='word_1_682' title='bbox 1544 1915 1678 1956; x_wconf 82' lang='lat' dir='ltr'>profano</span> <span class='ocrx_word' id='word_1_683' title='bbox 1702 1916 1753 1948; x_wconf 91' lang='lat' dir='ltr'>vel</span> <span class='ocrx_word' id='word_1_684' title='bbox 1777 1916 1909 1947; x_wconf 86' lang='lat' dir='ltr'>effraeni</span> <span class='ocrx_word' id='word_1_685' title='bbox 1932 1914 2050 1956; x_wconf 83' lang='lat' dir='ltr'>gaudio</span> <span class='ocrx_word' id='word_1_686' title='bbox 2071 1925 2128 1955; x_wconf 89' lang='lat' dir='ltr'>op-</span> 
     </span>
     <span class='ocr_line' id='line_1_99' title="bbox 1157 1957 2127 2000; baseline -0.001 -10"><span class='ocrx_word' id='word_1_687' title='bbox 1157 1959 1274 1999; x_wconf 89' lang='lat' dir='ltr'>posuit,</span> <span class='ocrx_word' id='word_1_688' title='bbox 1299 1969 1360 1999; x_wconf 93' lang='lat' dir='ltr'>quo</span> <span class='ocrx_word' id='word_1_689' title='bbox 1383 1959 1549 1990; x_wconf 86' lang='lat' dir='ltr'>exsultant</span> <span class='ocrx_word' id='word_1_690' title='bbox 1572 1959 1626 1999; x_wconf 90' lang='lat' dir='ltr'>qui</span> <span class='ocrx_word' id='word_1_691' title='bbox 1650 1959 1746 1991; x_wconf 89' lang='lat' dir='ltr'>rebus</span> <span class='ocrx_word' id='word_1_692' title='bbox 1769 1959 1931 2000; x_wconf 88' lang='lat' dir='ltr'>prosperis</span> <span class='ocrx_word' id='word_1_693' title='bbox 1949 1957 1989 1990; x_wconf 80' lang='lat' dir='ltr'>ad</span> <span class='ocrx_word' id='word_1_694' title='bbox 2020 1958 2127 1990; x_wconf 92' lang='lat' dir='ltr'>Deum</span> 
     </span>
     <span class='ocr_line' id='line_1_100' title="bbox 1157 2001 1660 2042; baseline 0.002 -10"><span class='ocrx_word' id='word_1_695' title='bbox 1157 2006 1194 2033; x_wconf 90' lang='lat' dir='ltr'>ut</span> <span class='ocrx_word' id='word_1_696' title='bbox 1216 2012 1274 2042; x_wconf 91' lang='lat' dir='ltr'>par</span> <span class='ocrx_word' id='word_1_697' title='bbox 1297 2006 1377 2042; x_wconf 84' lang='lat' dir='ltr'>erat,</span> <span class='ocrx_word' id='word_1_698' title='bbox 1399 2012 1463 2033; x_wconf 92' lang='lat' dir='ltr'>non</span> <span class='ocrx_word' id='word_1_699' title='bbox 1488 2001 1660 2033; x_wconf 90' lang='lat' dir='ltr'>ducuntur.</span> 
     </span>
    </p>
   </div>
   <div class='ocr_carea' id='block_1_8' title="bbox 1155 2087 2127 2291">
    <p class='ocr_par' dir='ltr' id='par_1_11' title="bbox 1155 2087 2127 2291">
     <span class='ocr_line' id='line_1_101' title="bbox 1244 2087 2127 2128; baseline 0.002 -10"><span class='ocrx_word' id='word_1_700' title='bbox 1244 2087 1292 2118; x_wconf 87' lang='lat'>14.</span> <span class='ocrx_word' id='word_1_701' title='bbox 1318 2087 1504 2127; x_wconf 73' lang='lat' dir='ltr'>Infirmatar</span> <span class='ocrx_word' id='word_1_702' title='bbox 1519 2088 1591 2127; x_wconf 80' lang='lat' dir='ltr'>quis</span> <span class='ocrx_word' id='word_1_703' title='bbox 1608 2088 1689 2119; x_wconf 84' lang='lat' dir='ltr'>inter</span> <span class='ocrx_word' id='word_1_704' title='bbox 1703 2087 1779 2118; x_wconf 74' lang='lat' dir='ltr'>vos?</span> <span class='ocrx_word' id='word_1_705' title='bbox 1801 2087 1922 2119; x_wconf 83' lang='lat' dir='ltr'>advocet</span> <span class='ocrx_word' id='word_1_706' title='bbox 1933 2087 2127 2128; x_wconf 70' lang='lat' dir='ltr'>presbyteros</span> 
     </span>
     <span class='ocr_line' id='line_1_102' title="bbox 1156 2130 2127 2172; baseline -0.001 -10"><span class='ocrx_word' id='word_1_707' title='bbox 1156 2130 1305 2165; x_wconf 85' lang='lat' dir='ltr'>ecclesiae,</span> <span class='ocrx_word' id='word_1_708' title='bbox 1336 2133 1362 2161; x_wconf 87' lang='lat' dir='ltr'>et</span> <span class='ocrx_word' id='word_1_709' title='bbox 1390 2133 1475 2162; x_wconf 76' lang='lat' dir='ltr'>orent</span> <span class='ocrx_word' id='word_1_710' title='bbox 1502 2140 1596 2172; x_wconf 78' lang='lat' dir='ltr'>super</span> <span class='ocrx_word' id='word_1_711' title='bbox 1626 2140 1705 2167; x_wconf 83' lang='lat' dir='ltr'>eum,</span> <span class='ocrx_word' id='word_1_712' title='bbox 1736 2133 1878 2170; x_wconf 71' lang='lat' dir='ltr'>unqentes</span> <span class='ocrx_word' id='word_1_713' title='bbox 1904 2139 1972 2161; x_wconf 81' lang='lat' dir='ltr'>eam</span> <span class='ocrx_word' id='word_1_714' title='bbox 2001 2130 2064 2162; x_wconf 87' lang='lat' dir='ltr'>oleo</span> <span class='ocrx_word' id='word_1_715' title='bbox 2092 2131 2127 2161; x_wconf 77' lang='lat' dir='ltr'>in</span> 
     </span>
     <span class='ocr_line' id='line_1_103' title="bbox 1155 2172 2125 2213; baseline 0 -9"><span class='ocrx_word' id='word_1_716' title='bbox 1155 2174 1278 2205; x_wconf 77' lang='lat' dir='ltr'>nomine</span> <span class='ocrx_word' id='word_1_717' title='bbox 1292 2172 1440 2205; x_wconf 78' lang='lat' dir='ltr'>Domini:</span> <span class='ocrx_word' id='word_1_718' title='bbox 1471 2173 1520 2205; x_wconf 80' lang='lat'>15.</span> <span class='ocrx_word' id='word_1_719' title='bbox 1542 2173 1586 2205; x_wconf 88' lang='lat' dir='ltr'>Et</span> <span class='ocrx_word' id='word_1_720' title='bbox 1602 2174 1701 2205; x_wconf 87' lang='lat' dir='ltr'>oratio</span> <span class='ocrx_word' id='word_1_721' title='bbox 1716 2173 1790 2212; x_wconf 75' lang='lat' dir='ltr'>fidei</span> <span class='ocrx_word' id='word_1_722' title='bbox 1808 2173 1941 2204; x_wconf 76' lang='lat' dir='ltr'>servabit</span> <span class='ocrx_word' id='word_1_723' title='bbox 1958 2175 2125 2213; x_wconf 73' lang='lat' dir='ltr'>aeqrotum,</span> 
     </span>
     <span class='ocr_line' id='line_1_104' title="bbox 1156 2215 2125 2256; baseline -0.002 -9"><span class='ocrx_word' id='word_1_724' title='bbox 1156 2219 1184 2247; x_wconf 88' lang='lat' dir='ltr'>et</span> <span class='ocrx_word' id='word_1_725' title='bbox 1213 2215 1356 2248; x_wconf 72' lang='lat' dir='ltr'>ezcitabit</span> <span class='ocrx_word' id='word_1_726' title='bbox 1384 2226 1454 2248; x_wconf 83' lang='lat' dir='ltr'>eum</span> <span class='ocrx_word' id='word_1_727' title='bbox 1483 2216 1656 2248; x_wconf 76' lang='lat' dir='ltr'>Dominus.-</span> <span class='ocrx_word' id='word_1_728' title='bbox 1689 2218 1716 2247; x_wconf 88' lang='lat' dir='ltr'>et</span> <span class='ocrx_word' id='word_1_729' title='bbox 1743 2216 1772 2247; x_wconf 84' lang='lat' dir='ltr'>si</span> <span class='ocrx_word' id='word_1_730' title='bbox 1794 2218 1922 2256; x_wconf 75' lang='lat' dir='ltr'>peccata</span> <span class='ocrx_word' id='word_1_731' title='bbox 1953 2215 2125 2254; x_wconf 78' lang='lat' dir='ltr'>admiserit,</span> 
     </span>
     <span class='ocr_line' id='line_1_105' title="bbox 1155 2259 1429 2291; baseline 0 -1"><span class='ocrx_word' id='word_1_732' title='bbox 1155 2259 1348 2291; x_wconf 76' lang='lat' dir='ltr'>remittentur</span> <span class='ocrx_word' id='word_1_733' title='bbox 1370 2259 1429 2290; x_wconf 86' lang='lat' dir='ltr'>illi.</span> 
     </span>
    </p>
   </div>
   <div class='ocr_carea' id='block_1_9' title="bbox 1156 2343 2126 2680">
    <p class='ocr_par' dir='ltr' id='par_1_12' title="bbox 1156 2343 2126 2680">
     <span class='ocr_line' id='line_1_106' title="bbox 1244 2343 2126 2385; baseline -0.002 -9"><span class='ocrx_word' id='word_1_734' title='bbox 1244 2345 1293 2376; x_wconf 87' lang='lat'>14.</span> <span class='ocrx_word' id='word_1_735' title='bbox 1324 2344 1512 2384; x_wconf 77' lang='lat' dir='ltr'>Infirmatur</span> <span class='ocrx_word' id='word_1_736' title='bbox 1540 2345 1620 2385; x_wconf 75' lang='lat' dir='ltr'>quis.</span> <span class='ocrx_word' id='word_1_737' title='bbox 1666 2344 1827 2383; x_wconf 85' lang='lat' dir='ltr'>Quoniam</span> <span class='ocrx_word' id='word_1_738' title='bbox 1851 2349 1927 2375; x_wconf 90' lang='lat' dir='ltr'>tunc</span> <span class='ocrx_word' id='word_1_739' title='bbox 1951 2343 2056 2375; x_wconf 89' lang='lat' dir='ltr'>adhuc</span> <span class='ocrx_word' id='word_1_740' title='bbox 2079 2343 2126 2374; x_wconf 88' lang='lat' dir='ltr'>vi-</span> 
     </span>
     <span class='ocr_line' id='line_1_107' title="bbox 1156 2386 2125 2429; baseline -0.003 -10"><span class='ocrx_word' id='word_1_741' title='bbox 1156 2388 1252 2429; x_wconf 78' lang='lat' dir='ltr'>gebat</span> <span class='ocrx_word' id='word_1_742' title='bbox 1279 2388 1399 2419; x_wconf 91' lang='lat' dir='ltr'>donum</span> <span class='ocrx_word' id='word_1_743' title='bbox 1430 2387 1618 2425; x_wconf 84' lang='lat' dir='ltr'>sanationis,</span> <span class='ocrx_word' id='word_1_744' title='bbox 1650 2387 1805 2427; x_wconf 87' lang='lat' dir='ltr'>praecipit</span> <span class='ocrx_word' id='word_1_745' title='bbox 1834 2391 1872 2417; x_wconf 90' lang='lat' dir='ltr'>ut</span> <span class='ocrx_word' id='word_1_746' title='bbox 1900 2386 2021 2426; x_wconf 88' lang='lat' dir='ltr'>aegroti</span> <span class='ocrx_word' id='word_1_747' title='bbox 2051 2396 2125 2417; x_wconf 90' lang='lat' dir='ltr'>con-</span> 
     </span>
     <span class='ocr_line' id='line_1_108' title="bbox 1156 2428 2125 2472; baseline -0.001 -11"><span class='ocrx_word' id='word_1_748' title='bbox 1156 2431 1282 2472; x_wconf 83' lang='lat' dir='ltr'>fugiant</span> <span class='ocrx_word' id='word_1_749' title='bbox 1306 2431 1345 2461; x_wconf 91' lang='lat' dir='ltr'>ad</span> <span class='ocrx_word' id='word_1_750' title='bbox 1371 2430 1430 2462; x_wconf 87' lang='lat' dir='ltr'>hoc</span> <span class='ocrx_word' id='word_1_751' title='bbox 1452 2431 1640 2462; x_wconf 87' lang='lat' dir='ltr'>remedium.</span> <span class='ocrx_word' id='word_1_752' title='bbox 1681 2429 1815 2461; x_wconf 87' lang='lat' dir='ltr'>Certum</span> <span class='ocrx_word' id='word_1_753' title='bbox 1837 2428 1964 2468; x_wconf 88' lang='lat' dir='ltr'>quidem</span> <span class='ocrx_word' id='word_1_754' title='bbox 1988 2431 2037 2459; x_wconf 90' lang='lat' dir='ltr'>est</span> <span class='ocrx_word' id='word_1_755' title='bbox 2060 2438 2125 2460; x_wconf 89' lang='lat' dir='ltr'>uon</span> 
     </span>
     <span class='ocr_line' id='line_1_109' title="bbox 1156 2471 2125 2512; baseline -0.002 -8"><span class='ocrx_word' id='word_1_756' title='bbox 1156 2484 1268 2504; x_wconf 85' lang='lat' dir='ltr'>omnes</span> <span class='ocrx_word' id='word_1_757' title='bbox 1299 2474 1399 2504; x_wconf 85' lang='lat' dir='ltr'>fuisse</span> <span class='ocrx_word' id='word_1_758' title='bbox 1428 2479 1572 2512; x_wconf 84' lang='lat' dir='ltr'>sanatos,</span> <span class='ocrx_word' id='word_1_759' title='bbox 1604 2473 1659 2503; x_wconf 87' lang='lat' dir='ltr'>sed</span> <span class='ocrx_word' id='word_1_760' title='bbox 1688 2472 1867 2502; x_wconf 90' lang='lat' dir='ltr'>Dominum</span> <span class='ocrx_word' id='word_1_761' title='bbox 1897 2471 1973 2503; x_wconf 91' lang='lat' dir='ltr'>huic</span> <span class='ocrx_word' id='word_1_762' title='bbox 2001 2472 2125 2512; x_wconf 86' lang='lat' dir='ltr'>gratiae</span> 
     </span>
     <span class='ocr_line' id='line_1_110' title="bbox 1156 2514 2124 2557; baseline -0.003 -9"><span class='ocrx_word' id='word_1_763' title='bbox 1156 2516 1260 2548; x_wconf 92' lang='lat' dir='ltr'>locum</span> <span class='ocrx_word' id='word_1_764' title='bbox 1285 2516 1419 2557; x_wconf 89' lang='lat' dir='ltr'>dedisse,</span> <span class='ocrx_word' id='word_1_765' title='bbox 1443 2516 1567 2556; x_wconf 87' lang='lat' dir='ltr'>quoties</span> <span class='ocrx_word' id='word_1_766' title='bbox 1583 2520 1614 2546; x_wconf 87' lang='lat' dir='ltr'>et</span> <span class='ocrx_word' id='word_1_767' title='bbox 1630 2521 1787 2555; x_wconf 86' lang='lat' dir='ltr'>quatenus</span> <span class='ocrx_word' id='word_1_768' title='bbox 1804 2514 1956 2554; x_wconf 83' lang='lat' dir='ltr'>expedire</span> <span class='ocrx_word' id='word_1_769' title='bbox 1972 2519 2124 2545; x_wconf 86' lang='lat' dir='ltr'>noverat:</span> 
     </span>
     <span class='ocr_line' id='line_1_111' title="bbox 1156 2556 2124 2599; baseline -0.002 -9"><span class='ocrx_word' id='word_1_770' title='bbox 1156 2569 1217 2591; x_wconf 89' lang='lat' dir='ltr'>nec</span> <span class='ocrx_word' id='word_1_771' title='bbox 1233 2559 1408 2590; x_wconf 88' lang='lat' dir='ltr'>verisimile</span> <span class='ocrx_word' id='word_1_772' title='bbox 1431 2565 1479 2591; x_wconf 91' lang='lat' dir='ltr'>est</span> <span class='ocrx_word' id='word_1_773' title='bbox 1499 2559 1677 2599; x_wconf 85' lang='lat' dir='ltr'>promiscue</span> <span class='ocrx_word' id='word_1_774' title='bbox 1697 2556 1876 2588; x_wconf 85' lang='lat' dir='ltr'>adhibitum</span> <span class='ocrx_word' id='word_1_775' title='bbox 1894 2557 1993 2588; x_wconf 83' lang='lat' dir='ltr'>fuisse</span> <span class='ocrx_word' id='word_1_776' title='bbox 2007 2557 2124 2594; x_wconf 91' lang='lat' dir='ltr'>oleum,</span> 
     </span>
     <span class='ocr_line' id='line_1_112' title="bbox 1156 2599 2125 2640; baseline -0.003 -7"><span class='ocrx_word' id='word_1_777' title='bbox 1156 2601 1212 2633; x_wconf 91' lang='lat' dir='ltr'>sed</span> <span class='ocrx_word' id='word_1_778' title='bbox 1246 2607 1373 2633; x_wconf 89' lang='lat' dir='ltr'>tantum</span> <span class='ocrx_word' id='word_1_779' title='bbox 1406 2601 1459 2633; x_wconf 93' lang='lat' dir='ltr'>ubi</span> <span class='ocrx_word' id='word_1_780' title='bbox 1495 2607 1582 2634; x_wconf 88' lang='lat' dir='ltr'>certa</span> <span class='ocrx_word' id='word_1_781' title='bbox 1614 2610 1688 2640; x_wconf 90' lang='lat' dir='ltr'>spes</span> <span class='ocrx_word' id='word_1_782' title='bbox 1721 2605 1791 2631; x_wconf 89' lang='lat' dir='ltr'>erat</span> <span class='ocrx_word' id='word_1_783' title='bbox 1824 2600 1995 2640; x_wconf 86' lang='lat' dir='ltr'>profectus.</span> <span class='ocrx_word' id='word_1_784' title='bbox 2050 2599 2125 2631; x_wconf 84' lang='lat' dir='ltr'>Una</span> 
     </span>
     <span class='ocr_line' id='line_1_113' title="bbox 1157 2642 2124 2680; baseline -0.004 -4"><span class='ocrx_word' id='word_1_785' title='bbox 1157 2645 1242 2676; x_wconf 91' lang='lat' dir='ltr'>enim</span> <span class='ocrx_word' id='word_1_786' title='bbox 1267 2654 1339 2676; x_wconf 87' lang='lat' dir='ltr'>cum</span> <span class='ocrx_word' id='word_1_787' title='bbox 1362 2645 1482 2676; x_wconf 89' lang='lat' dir='ltr'>virtute</span> <span class='ocrx_word' id='word_1_788' title='bbox 1505 2644 1640 2675; x_wconf 88' lang='lat' dir='ltr'>dabatur</span> <span class='ocrx_word' id='word_1_789' title='bbox 1664 2643 1759 2674; x_wconf 86' lang='lat' dir='ltr'>etiam</span> <span class='ocrx_word' id='word_1_790' title='bbox 1785 2643 1942 2675; x_wconf 89' lang='lat' dir='ltr'>ministris</span> <span class='ocrx_word' id='word_1_791' title='bbox 1965 2642 2124 2680; x_wconf 70' lang='lat' dir='ltr'>discretio,</span> 
     </span>
    </p>
   </div>
  </div>
 </body>
</html>
