2513 3126
288 228 348 258 :311

292 325 428 357 scicntia
452 334 491 354 ne
515 323 650 354 minima
674 320 800 361 quidem
822 320 963 352 scintilla
980 321 1108 360 pietatis
1127 320 1264 352 emicare

292 372 399 408 queat
443 367 484 396 Et
509 365 626 404 passim
658 363 774 396 curiosi
806 363 952 395 homines
977 366 1103 394 tantum
1136 363 1264 395 discunt

291 421 331 442 ex
368 409 466 440 verbo
491 408 573 455 Dei,
609 406 694 447 quod
725 406 874 447 garriant
903 406 1127 438 ostentationis
1158 415 1264 437 causa.

291 452 442 491 Denique
466 450 562 481 nimis
587 449 720 490 vulgare
756 449 815 481 hoc
849 449 909 480 fuit
942 449 1078 481 saeculis
1113 449 1264 480 omnibus

290 495 422 529 malum,
446 503 563 524 nomeu
577 493 638 524 Dci
663 493 784 524 frustra
807 493 936 523 iactare.
983 491 1091 523 Sumit
1114 502 1191 532 ergo
1215 491 1262 523 lo-

291 538 416 568 hannes
433 536 492 567 hoc
510 535 714 576 principium,
735 535 819 575 quod
834 534 896 566 Dei
916 534 1057 575 cognitio
1075 534 1118 566 sit.
1137 534 1263 566 efficax.

288 580 386 611 Unde
408 578 541 620 colligit,
570 578 705 609 minime
730 577 837 609 Deum
867 587 1060 620 cognoscere
1094 577 1148 618 qui
1172 587 1263 618 prae-

290 628 382 663 cepta
417 622 486 653 eius
521 632 583 653 non
618 624 760 652 servant.
817 620 912 653 Plato
947 620 1021 652 licet
1053 620 1085 651 in
1121 620 1263 652 tenebris

291 665 465 705 palpitans,
494 675 589 696 suum
622 670 731 694 tamen
762 663 841 695 illud
866 663 1053 704 pulchrum,
1078 663 1162 704 quod
1186 663 1264 694 ima-

289 709 432 756 ginatur‚
456 707 603 748 cognosci
624 716 715 754 posse
735 710 843 754 negat,
867 707 943 747 quin
967 706 1133 737 hominem
1157 706 1262 746 rapiat

290 751 325 782 in
361 750 607 782 admirationem
643 749 711 780 sui:
746 749 778 780 in
814 748 979 788 Phaedro,
1013 751 1046 780 et
1076 749 1147 780 aliis
1177 749 1263 780 locis.

290 792 398 825 Deum
427 804 480 834 er‹
471 803 503 824 o
532 795 587 832 qui
618 792 687 823 ficri
718 797 822 832 potest
846 797 882 823 ut
905 802 1087 833 cognoscas,
1119 798 1148 823 et
1174 792 1263 823 nullo

290 836 408 868 affectu
442 836 601 876 tangaris:
644 834 712 866 Nec
751 845 825 866 vero
866 835 926 867 hoc
966 840 1092 866 tantum
1127 845 1167 866 ex
1201 834 1263 865 Dei

290 884 407 910 natura
441 884 566 916 manat,
602 882 637 909 ut
670 878 839 918 cognitum
871 878 979 910 statim
1010 888 1173 909 amemus:
1209 876 1263 908 sed

290 921 374 953 idem
397 922 542 962 spiritus,
566 921 620 961 qui
643 926 770 952 mentes
789 925 915 953 nostras
931 921 1103 957 illuminat,
1127 920 1265 960 inspirat

292 964 390 995 etiam
401 963 552 996 cordibus
566 964 761 995 conformem
775 964 928 996 scientiae
942 964 1104 995 affectum.
1141 962 1263 1001 Quam-

289 1017 384 1047 quam
409 1007 468 1039 hoc
491 1017 600 1039 secum
626 1006 688 1038 fert
711 1006 774 1038 Dei
797 1007 944 1047 cognitio,
979 1011 1015 1037 ut
1044 1016 1116 1037 eum
1152 1006 1263 1035 timea-

290 1061 363 1081 mus
387 1054 419 1081 et
442 1060 598 1081 amemus.
630 1049 745 1089 Neque
769 1049 852 1080 enim
871 1049 1049 1081 Dominum
1073 1053 1104 1079 et
1129 1050 1264 1088 patrem,

290 1097 326 1124 ut
349 1103 383 1124 se
413 1093 564 1130 ostendit,
594 1103 766 1133 possumus
790 1103 975 1133 agnoscere,
1007 1092 1084 1131 quin
1115 1090 1266 1131 praebea-

291 1146 363 1167 mus
386 1146 444 1167 nos
467 1135 513 1166 illi
537 1135 679 1167 vicissim
703 1135 881 1176 morigeros
903 1135 996 1171 filios,
1027 1138 1057 1165 et
1079 1141 1191 1165 servos
1213 1133 1266 1163 ob-

290 1185 470 1219 sequentes.
516 1178 668 1210 Breviter
702 1178 861 1218 evangelii
897 1177 1042 1209 doctrina
1074 1176 1186 1208 vivum
1218 1180 1265 1207 est

290 1221 467 1262 speculum,
502 1221 533 1252 in
566 1230 629 1261 quo
666 1220 728 1252 Dei
763 1221 899 1261 effigiem
931 1218 1197 1259 contemplantes,
1231 1218 1264 1250 in

289 1274 359 1295 eam
396 1264 685 1303 transfiguramur:
719 1263 989 1303 quomadmodum
1020 1261 1142 1293 Paulus
1173 1261 1265 1293 docet

289 1307 319 1339 2.
345 1306 384 1338 ad
408 1307 609 1345 Cor.3,18.
657 1306 767 1355 Quare
792 1306 843 1337 ubi
871 1316 935 1337 non
959 1305 1050 1336 adest
1079 1315 1161 1345 pura
1189 1315 1263 1336 con-

289 1350 442 1390 scientia,
477 1359 543 1380 non
581 1349 643 1380 nisi
679 1350 775 1380 inane
810 1349 963 1380 scientiae
999 1354 1163 1387 spectrum
1195 1358 1264 1379 esse

289 1396 404 1433 potest.
449 1392 621 1423 Notandus
653 1396 701 1422 est
731 1391 783 1422 hic
815 1391 908 1428 ordo,
943 1401 1042 1431 quum
1068 1391 1159 1429 dicit,
1194 1400 1264 1422 nos

291 1445 549 1476 cognoscere
600 1434 707 1475 quod
758 1434 1014 1466 noverimus.
1093 1415 1265 1474 Sighificat

291 1478 388 1516 enim,
411 1477 474 1509 Dei
497 1477 711 1509 obedientiam
737 1477 783 1508 sic
801 1477 1005 1509 coniunctam
1019 1487 1088 1508 esse
1101 1476 1264 1514 scientiae,

291 1525 326 1552 ut
351 1524 457 1552 tamen
482 1520 561 1552 haee
588 1520 700 1551 ordine
731 1520 771 1550 sit
801 1520 905 1560 prior:
936 1520 1032 1552 sicuti
1062 1529 1193 1551 necesse
1217 1523 1265 1551 est

291 1573 422 1595 causam
445 1563 563 1595 effectu
586 1573 643 1594 suo
666 1573 736 1594 esse
756 1562 965 1603 superiorem.

378 1605 415 1638 Si
441 1608 606 1646 praecepta
635 1605 712 1637 eius.
757 1605 858 1646 Atqui
888 1616 983 1637 nemo
1014 1610 1062 1637 est
1092 1605 1147 1646 qui
1177 1605 1264 1637 omni

289 1659 331 1680 ex
366 1653 460 1689 parte
494 1654 615 1681 servet:
651 1648 695 1680 ita
727 1648 817 1679 nulla
850 1653 936 1680 esset
965 1649 1028 1680 Dei
1061 1648 1201 1689 cognitio
1231 1648 1264 1679 in

291 1691 427 1723 mundo.
473 1692 676 1732 Respondeo‚
701 1691 881 1731 apostolum
899 1691 1032 1723 minime
1052 1702 1162 1724 secum
1185 1701 1265 1731 pug-

291 1745 380 1767 nare.
416 1733 525 1773 Quum
550 1745 626 1775 ergo
650 1744 752 1775 nuper
768 1744 879 1766 omnes
896 1745 966 1766 reos
989 1735 1142 1766 statuerit
1158 1744 1264 1766 coram

290 1777 372 1818 Deo,
396 1788 461 1808 non
485 1776 638 1817 intelligit
660 1787 791 1809 servare
813 1777 983 1818 mandata,
1014 1778 1068 1818 qui
1090 1777 1155 1826 legi
1178 1777 1264 1817 peni-

289 1824 343 1851 tus
365 1820 568 1852 satisfaciant
591 1819 688 1861 (quod
719 1819 903 1860 exemplum
935 1831 1094 1861 nusquam
1125 1819 1265 1852 inveniri

290 1868 396 1903 potest
418 1863 451 1894 in
475 1862 623 1903 mundo),
646 1862 703 1894 sed
726 1863 780 1902 qui
803 1873 861 1903 pro
885 1862 1047 1895 humanae
1063 1862 1265 1894 infirmitatis

290 1911 386 1946 captu
419 1907 519 1938 vitam
549 1917 641 1937 suam
674 1906 812 1937 formare
844 1905 974 1937 student
1014 1906 1052 1937 ad
1085 1905 1147 1937 Dei
1176 1905 1265 1937 obse-

292 1949 416 1988 quium.
461 1948 545 1980 Nam
571 1949 696 1988 quoties
720 1948 758 1979 de
782 1947 925 1980 fidelium
957 1949 1081 1980 iustitia
1104 1949 1265 1990 scriptura

290 1990 442 2030 loquitur,
467 1992 545 2022 adeo
565 1996 769 2032 peccatorum
787 1991 1007 2023 remissionem
1028 2003 1094 2023 non
1112 1991 1264 2032 excludit,

294 2039 331 2064 ut
354 2033 461 2072 potius
485 2034 526 2064 ab
550 2043 587 2065 ea
621 2034 717 2065 faciat
752 2034 933 2065 exordium.
978 2034 1047 2066 Nec
1082 2045 1157 2066 vero
1191 2033 1265 2066 inde

293 2075 509 2116 colligendum
530 2082 588 2115 est,
612 2077 707 2108 fidem
725 2077 757 2108 in
779 2086 875 2117 opera
896 2078 1091 2109 recumbere.
1122 2077 1266 2109 Tametsi

291 2119 378 2149 enim
395 2129 471 2149 suae
488 2120 620 2159 quisque
637 2119 711 2150 fidei
730 2120 948 2151 testimonium
970 2120 1069 2152 habet
1099 2121 1138 2152 ab
1162 2120 1266 2160 operi-

294 2160 372 2192 bus:
395 2171 459 2192 non
485 2169 593 2192 tamen
616 2163 761 2202 sequitur
784 2162 850 2193 illic
872 2163 1039 2194 fundatam
1064 2174 1142 2201 esse,
1166 2173 1266 2203 quum

291 2204 450 2244 posterior
473 2203 552 2235 haee
575 2205 721 2244 probatio
744 2206 847 2236 instar
870 2205 954 2246 signi
978 2206 1118 2238 accedat.
1162 2206 1265 2238 Certi-

293 2246 371 2278 tudo
394 2246 502 2287 itaque
526 2246 601 2278 fidei
624 2247 657 2278 in
680 2247 748 2279 sola
772 2247 896 2279 Christi
918 2250 1023 2289 gratia
1046 2249 1179 2281 residet:
1211 2247 1266 2280 sed

294 2289 398 2330 pietas
414 2293 446 2320 et
468 2289 622 2321 sanctitas
640 2290 725 2321 vitae
747 2300 859 2321 veram
876 2291 971 2322 fidem
995 2303 1013 2323 a
1032 2293 1107 2324 fieta
1129 2296 1162 2323 et
1184 2302 1267 2323 mor-

297 2336 355 2363 tua
377 2331 442 2363 Dei
466 2332 580 2363 notitia
603 2331 774 2364 discernit:
810 2333 884 2373 quia
915 2334 992 2366 haec
1016 2335 1138 2366 veritas
1161 2339 1209 2366 est
1232 2334 1267 2365 in

294 2374 428 2406 Christo
452 2376 500 2415 (ut
523 2375 568 2406 ait
590 2375 712 2407 Paulus
733 2375 838 2407 Colos.
862 2376 890 2414 3,
914 2376 947 2418 9)
971 2378 1099 2410 exuisse
1124 2382 1266 2409 veterem

294 2417 468 2454 hominem,
494 2421 554 2449 etc.

381 2460 410 2492 4.
448 2461 509 2500 Qui
531 2460 615 2501 dicit,
640 2460 723 2492 Novi
744 2471 823 2493 eum.
867 2461 961 2493 Unde
988 2463 1101 2503 probat
1123 2463 1268 2502 mentiri,

297 2503 351 2543 qui
381 2503 477 2534 fidem
508 2484 630 2535 iactarit
666 2503 787 2544 absque
826 2504 960 2544 pietate:
996 2516 1110 2546 nempe
1145 2517 1163 2538 a
1196 2516 1269 2538 con-

296 2546 409 2585 trario,
433 2547 508 2586 quia
531 2547 594 2577 iam
619 2546 697 2578 illud
721 2547 837 2588 posuit,
863 2547 944 2587 quod
969 2547 1031 2579 Dei
1054 2549 1194 2597 cognitio
1217 2559 1268 2580 res

295 2588 337 2619 sit
361 2589 486 2619 efficax.
532 2589 643 2629 Neque
667 2590 752 2621 enim
777 2589 865 2621 nuda
895 2590 1125 2631 imaginatione
1148 2601 1268 2640 cogno-

296 2630 398 2662 scitur
422 2630 530 2662 Deus.
561 2632 616 2663 sed
652 2643 751 2673 quum
786 2643 819 2664 se
852 2633 942 2663 intus
975 2634 1123 2666 cordibus
1147 2635 1268 2666 nostris

295 2683 353 2714 per
375 2674 521 2714 spiritum
546 2675 706 2715 patefacit.
752 2675 925 2707 Caeterum
950 2676 1022 2716 quia
1045 2677 1137 2708 multi
1164 2678 1267 2718 hypo-

1095 223 1236 254 lel’ls'r.
1260 222 1484 254 IOHANNIS

2223 225 2286 258 312

1317 321 1416 352 eritae
1439 320 1512 352 fidei
1538 319 1632 351 titulo
1657 320 1777 351 frustra
1796 321 2001 362 superbiunt,
2026 321 2106 354 tales
2131 321 2287 354 mendacii

1317 363 1451 395 damnat
1480 363 1653 403 apostolus.
1700 363 1782 394 Nam
1813 364 1897 404 quod
1928 363 2020 403 dicit,
2050 374 2286 404 supervacuum

1289 443 1291 448 Ι
1317 407 1407 443 foret,
1434 406 1493 437 nisi
1519 416 1575 446 per
1600 405 1773 437 multorum
1797 416 1853 438 ora
1878 406 2026 439 volitaret
2045 407 2123 439 falsa
2137 411 2169 438 et
2182 407 2288 439 inanis

1317 449 1548 481 christianismi
1573 449 1736 488 professio.

1403 492 1431 523 Γ).
1469 491 1529 531 Qui
1551 501 1621 523 vero
1636 494 1744 523 servat.
1781 491 1876 524 Nunc
1900 491 2012 523 definit
2029 502 2187 532 quaenam
2213 502 2288 524 vera

1315 535 1356 567 sit
1381 534 1460 575 legis
1485 534 1544 565 Dci
1563 534 1762 566 observatio:
1786 545 1903 575 nempe
1926 534 2034 566 Deum
2058 545 2175 567 amare.
2223 535 2287 567 Lo-

1317 588 1373 609 cus
1409 578 1459 608 hic
1491 587 1658 617 perperam
1692 576 1778 618 (meo
1811 577 1943 619 iudicio)
1973 578 2012 610 ab
2044 579 2082 609 iis
2105 578 2290 618 exponitur,

1317 620 1370 660 qui
1406 619 1607 659 intelligunt,
1641 630 1718 652 vere
1754 621 1822 652 Deo
1856 620 1984 661 placere
2019 622 2072 661 qui
2107 631 2288 669 sermonem

1317 664 1385 694 eius
1409 669 1551 694 servant.
1598 663 1712 694 Potius
1742 664 1787 695 sic
1816 663 1957 702 resolve,
1987 663 2134 712 Diligere
2164 663 2290 695 sincero

1317 705 1422 738 cordis
1457 706 1574 737 affectu
1610 704 1733 744 Deum,
1771 710 1820 738 est
1854 706 2008 738 mandata
2045 707 2114 738 eius
2149 716 2288 738 servare.

1318 749 1470 780 Breviter
1504 749 1588 779 enim
1625 748 1674 788 (ut
1708 749 1770 780 iam
1806 749 1973 791 admonui)
2007 748 2151 781 indicare
2188 749 2290 781 voluit

1318 791 1393 832 quid
1419 803 1435 822 a
1460 792 1550 823 nobis
1574 791 1665 823 Deus
1689 792 1811 832 exigat:
1835 796 1867 824 et
1890 792 1924 823 in
1948 802 2009 832 quo
2025 792 2128 833 posita
2146 792 2188 823 sit
2212 791 2290 823 fide-

1318 835 1397 865 lium
1421 835 1582 866 sanctitas.
1629 833 1719 865 Idem
1743 834 1852 867 Moses
1876 845 2001 875 quoque
2024 835 2166 873 dicebat,
2190 844 2288 875 quum

1318 877 1399 918 legis
1422 887 1583 909 summam
1605 877 1785 917 colligeret:
1827 878 1922 909 Nunc
1945 878 2063 916 Israel,
2094 877 2172 919 quid
2211 878 2291 918 petit

1318 919 1375 951 abs
1399 924 1430 951 te
1456 920 1630 958 Dominus,
1661 920 1720 951 nisi
1752 925 1787 951 ut
1816 921 1931 952 timeas
1955 921 2077 961 ipsum,
2110 925 2142 952 et
2165 920 2291 961 diligas,

1319 963 1527 1003 ambulcsque
1551 963 1582 994 in
1608 963 1785 1003 praeceptis
1808 964 1893 995 eius:
1928 963 2160 995 Deuteronom.
2184 963 2292 1004 capite

1321 1005 1369 1043 10,
1395 1006 1445 1036 12.
1490 1006 1574 1037 Item
1598 1006 1702 1046 capite
1726 1006 1783 1044 30,
1817 1006 1873 1038 19:
1905 1006 1999 1047 Elige
2024 1007 2140 1046 vitam,
2175 1015 2292 1046 nempe

1318 1054 1355 1079 ut
1384 1048 1500 1090 diligas
1524 1048 1701 1080 Dominum
1732 1048 1842 1081 Deum
1874 1053 1984 1087 tuum,
2015 1050 2138 1081 servias
2167 1049 2229 1088 illi,
2260 1054 2292 1080 et

1319 1090 1512 1129 adhaereas,
1544 1098 1603 1123 etc.
1650 1091 1761 1132 Neque
1784 1093 1870 1124 enim
1905 1092 1974 1131 lex,
2009 1102 2091 1132 quae
2114 1091 2292 1132 spiritualis

1318 1138 1378 1173 est,
1402 1133 1441 1165 de
1464 1135 1608 1166 externis
1631 1139 1759 1166 tantum
1782 1135 1932 1176 operibus
1956 1135 2125 1176 praecipit:
2153 1135 2207 1167 sed
2232 1134 2292 1166 hoc

1320 1177 1490 1217 praecipue
1507 1177 1598 1209 nobis
1615 1178 1828 1216 commendat,
1852 1181 1886 1209 ut
1909 1178 2017 1210 Deum
2041 1188 2081 1209 ex
2105 1179 2173 1209 toto
2196 1177 2293 1210 corde

1319 1219 1502 1260 diligamus.
1548 1220 1643 1260 Quod
1678 1221 1767 1252 nulla
1801 1221 1854 1253 hic
1887 1221 1923 1252 fit
1957 1221 2125 1252 hominum
2160 1220 2292 1261 mentio,

1318 1273 1376 1302 pro
1408 1262 1547 1294 absurdo
1578 1263 1689 1295 haberi
1723 1274 1787 1296 non
1818 1263 1928 1296 debet:
1959 1264 2109 1296 continuo
2140 1263 2226 1295 enim
2251 1273 2291 1294 ex

1318 1304 1380 1336 Dei
1398 1316 1507 1337 amore
1526 1306 1597 1337 fluit
1614 1306 1757 1338 fraterna
1774 1307 1902 1347 caritas,
1922 1312 1956 1338 ut
1975 1311 2085 1347 postea
2102 1306 2292 1338 videbimus.

1318 1347 1477 1388 Quisquis
1512 1349 1622 1390 itaque
1657 1350 1756 1381 vitam
1792 1360 1882 1381 suam
1917 1349 1989 1381 Deo
2022 1349 2156 1390 probare
2193 1349 2291 1390 cupit,

1319 1390 1358 1422 ad
1394 1391 1480 1423 hunc
1513 1402 1644 1432 scopum
1677 1403 1788 1424 omnes
1823 1393 1892 1424 eius
1926 1397 2034 1432 partes
2069 1391 2197 1433 dirigat.
2255 1391 2291 1423 Si

1318 1434 1388 1474 quis
1422 1434 1567 1473 obiiciat,
1606 1435 1769 1466 neminem
1811 1445 1952 1475 unquam
1994 1435 2091 1466 fuisse
2125 1439 2290 1475 repertum

1319 1486 1372 1517 qul
1386 1475 1492 1508 Deum
1516 1477 1561 1508 ita
1585 1477 1723 1518 perfecte
1748 1478 1908 1519 diligeret:
1933 1477 2120 1518 respondeo,
2144 1477 2291 1509 sufficere

1319 1519 1413 1551 modo
1438 1520 1572 1560 quisque
1596 1530 1654 1560 pro
1677 1522 1801 1561 gratiae
1835 1520 1895 1552 sibi
1925 1520 2020 1552 datae
2051 1530 2221 1559 mensura,
2251 1518 2291 1550 ad

1319 1562 1403 1593 hanc
1426 1563 1652 1603 perfectionem
1677 1564 1830 1604 adspiret.
1883 1563 2019 1595 Interim
2054 1567 2182 1594 constat
2215 1562 2290 1593 defi-

1318 1605 1408 1646 nitio,
1433 1606 1515 1645 quod
1541 1607 1700 1646 perfectus
1714 1606 1776 1637 Dei
1793 1616 1883 1637 amor
1902 1607 1945 1637 sit
1971 1606 2114 1647 legitima
2132 1606 2291 1638 sermonis

1319 1650 1387 1679 eius
1404 1648 1594 1680 observatio.
1627 1649 1665 1680 In
1690 1659 1727 1680 ea
1752 1659 1808 1680 nos
1825 1648 1987 1690 progredi,
2011 1649 2095 1680 sicut
2117 1649 2151 1679 in
2175 1648 2292 1680 notitia

1319 1691 1475 1731 proficere
1500 1691 1599 1723 decet.

1405 1733 1621 1775 Cognoscimus
1643 1735 1724 1775 quod
1746 1735 1780 1766 in
1802 1735 1879 1774 ipso.
1910 1734 2010 1766 Redit
2026 1734 2065 1765 ad
2083 1734 2177 1765 illum
2193 1743 2292 1766 evan-

1318 1777 1393 1818 gelii
1417 1777 1568 1816 fructum,
1600 1779 1690 1809 cuius
1715 1779 1922 1818 meminerat,
1955 1788 2071 1818 nempe
2106 1777 2293 1809 societatem

1317 1830 1390 1851 cum
1416 1819 1485 1852 Deo
1509 1825 1540 1852 et
1563 1820 1629 1852 filio
1653 1821 1738 1852 eius:
1770 1826 1865 1861 atque
1889 1822 1934 1852 ita
1956 1821 2126 1853 confirmat
2149 1820 2291 1861 superio-

1317 1874 1384 1894 rem
1409 1864 1602 1894 sententiam
1626 1874 1644 1894 a
1667 1863 1946 1904 consequentibus.
1979 1863 2063 1895 Nam
2086 1863 2113 1894 si
2129 1862 2289 1904 evangelii

1317 1906 1391 1937 finis
1409 1911 1456 1937 est
1473 1912 1508 1937 ut
1523 1906 1592 1938 Deo
1609 1908 1899 1938 communicemus:
1924 1906 2172 1939 communicatio
2184 1911 2291 1937 autem

1318 1948 1407 1980 nulla
1430 1959 1499 1981 esse
1530 1954 1635 1989 potest
1663 1950 1784 1989 absque
1808 1959 1932 1982 amore:
1965 1959 2058 1981 nemo
2088 1950 2148 1980 rite
2171 1949 2205 1980 in
2228 1948 2292 1980 fide

1321 1992 1457 2032 profecit
1480 1992 1543 2023 nisi
1566 1993 1621 2032 qui
1646 1993 1715 2024 Deo
1738 2003 1777 2023 ex
1805 1992 1900 2024 corde
1923 1991 2085 2024 adhaeret.

1405 2034 1433 2065 6.
1462 2034 1521 2074 Qui
1549 2035 1624 2067 dicit
1652 2045 1684 2066 se
1712 2035 1746 2066 in
1773 2045 1806 2066 eo
1829 2045 1962 2067 manere.
2009 2033 2292 2074 Quemadmodum

1319 2078 1409 2118 prius
1433 2078 1537 2110 lucem
1555 2078 1618 2109 Dei
1641 2078 1732 2109 nobis
1756 2079 1789 2109 in
1809 2078 1975 2118 exemplar
1997 2077 2180 2118 proposuit:
2205 2087 2291 2108 nunc

1320 2130 1447 2161 quoque
1471 2121 1510 2152 ad
1535 2121 1702 2152 Christum
1727 2131 1784 2152 nos
1808 2126 1917 2159 vocat,
1943 2125 1979 2152 ut
2002 2121 2069 2152 eius
2093 2120 2195 2151 simus
2219 2119 2290 2150 imi-

1320 2166 1450 2195 tatores.
1497 2163 1703 2204 Quamquam
1742 2174 1805 2195 non
1837 2164 2026 2204 simpliciter
2064 2162 2211 2194 hortatur
2251 2161 2290 2193 ad

1319 2207 1532 2237 imitationem
1555 2206 1694 2238 Christi:
1715 2207 1770 2238 sed
1794 2207 1833 2238 ab
1857 2207 1991 2245 unitate,
2015 2215 2111 2246 quam
2135 2204 2291 2236 habemus

1320 2260 1392 2280 cum
1417 2260 1467 2288 eo,
1496 2250 1604 2290 arguit
1627 2260 1686 2281 nos
1708 2249 1754 2280 illi
1778 2260 1847 2281 esse
1871 2249 1986 2281 debere
2009 2248 2139 2281 similes.
2184 2247 2292 2286 Vitae,

1320 2292 1434 2332 inquit,
1458 2297 1490 2323 et
1513 2302 1647 2332 operum
1663 2292 1842 2324 similitudo
1861 2292 2010 2333 probabit
2033 2301 2090 2323 nos
2113 2291 2146 2321 in
2160 2290 2291 2322 Christo

1321 2345 1462 2366 manere.
1508 2335 1609 2366 Porro
1632 2335 1672 2367 iis
1696 2335 1804 2367 verbis
1826 2335 1865 2366 ad
1895 2335 2076 2376 proximum
2101 2334 2292 2371 membrum,

1320 2377 1404 2418 quod
1430 2387 1505 2409 mox
1530 2378 1568 2409 de
1591 2377 1738 2409 amandis
1761 2377 1912 2410 fratribus
1936 2377 2091 2414 subiiciet,
2115 2376 2291 2408 transitum

1320 2420 1381 2452 sibi
1404 2421 1488 2452 facit.

1408 2506 1435 2537 7.
1471 2506 1617 2545 Fratres,
1647 2516 1708 2538 ozon
1737 2507 1916 2538 mandatum
1938 2516 2049 2538 novum
2073 2505 2170 2538 scribo
2193 2505 2293 2537 vobis.-

1320 2549 1375 2580 θεά
1396 2550 1579 2582 mandatum
1601 2551 1693 2590 vetus,
1718 2550 1800 2589 quod
1821 2549 1975 2581 habuistis
1998 2550 2035 2580 ab
2058 2549 2156 2581 initio.
2197 2547 2293 2579 Man-

1321 2592 1427 2624 datum
1466 2595 1551 2624 vetus
1590 2595 1635 2624 est
1673 2602 1773 2624 sermo
1812 2602 1900 2633 quem
1940 2592 2076 2624 audistis
2114 2591 2152 2623 ab
2191 2591 2290 2623 initio.

1322 2635 1351 2666 8.
1387 2635 1530 2667 Rursum
1552 2636 1734 2667 mandatum
1756 2645 1867 2667 novum
1894 2635 1992 2667 scribo
2014 2635 2118 2667 vobis:
2149 2644 2226 2674 quae
2248 2635 2293 2665 est

1321 2679 1436 2710 veritas
1458 2679 1492 2710 in
1515 2679 1582 2718 ipso
1605 2681 1630 2709 et
1651 2678 1682 2711 in
1699 2678 1798 2711 vobis:
1821 2679 1894 2719 quia
1918 2678 2053 2710 tenebrae
2075 2679 2240 2714 transeunt,
2266 2678 2293 2707 et
