2513 3126
288 208 349 240 447

289 305 408 346 passim
442 304 500 334 hoo
529 311 690 333 summum
723 299 863 331 hominis
893 299 1012 331 bonum
1040 309 1110 331 esse
1133 299 1257 341 definit,

289 348 358 379 Deo
389 346 458 378 ficri
489 345 616 385 penitus
647 343 853 374 conformem.
900 342 1023 373 Verum
1054 347 1090 373 ut
1113 352 1257 374 errorum

288 389 415 421 nebulis
447 386 619 419 obvolutus
653 389 730 422 erat,
765 389 878 425 postea
909 385 950 416 ad
983 395 1043 416 sua
1075 389 1258 417 commenta

289 431 456 463 delabitur.
512 429 580 461 Nos
618 438 695 460 vero
732 428 944 468 supervacuis
981 427 1257 468 speculationibus

288 474 424 509 omissis,
458 472 517 504 hoc
548 481 612 503 uno
642 471 787 503 contenti
816 471 927 507 simus,
961 480 998 502 ea
1021 470 1091 510 lege
1114 471 1258 510 reparari

288 518 319 548 in
351 515 442 547 nobis
465 515 526 546 Dei
556 514 730 555 imaginem
761 513 793 544 in
816 513 987 544 sanctitate
1010 517 1042 544 et
1064 513 1257 550 innocentia,

288 565 323 590 ut
355 558 457 589 simus
490 557 621 588 tandem
653 559 805 588 aeternae
839 556 924 588 vitae
956 560 989 586 et
1018 554 1139 596 gloriae
1168 555 1257 596 socii,

289 604 446 641 quantum
469 599 510 632 ad
534 599 661 640 plenam
685 598 887 630 beatudinem
912 608 1043 630 necesse
1065 602 1123 630 est.

381 642 443 675 Ubi
463 643 618 683 fuyeritis.
663 642 734 673 Iam
761 642 969 682 exposuimus
992 640 1052 673 hoc
1072 650 1142 672 esse
1165 650 1257 681 apos-

290 685 347 718 toli
381 686 567 724 consilium,
608 691 644 716 ut
678 685 839 725 proposita
871 683 1019 716 coelestis
1052 682 1184 724 gloriae,
1217 682 1257 715 ad

288 739 384 769 quam
416 739 474 760 nos
498 728 587 759 Deus
611 728 738 763 invitat,
770 726 927 767 dignitate
959 736 1017 758 nos
1051 726 1218 757 abstrahat
1239 736 1258 757 a

287 772 435 803 vanitate
451 771 547 802 huius
562 770 693 802 saeculi.
724 770 826 801 Porro
842 774 978 800 naturae
1001 768 1128 800 divinae
1145 768 1257 800 mundi

287 815 524 855 corruptionem
555 813 699 854 opponit.
744 812 810 844 Sed
838 812 923 843 hanc
947 822 1011 842 non
1034 812 1068 843 in
1091 811 1257 843 elementis

288 867 370 897 quae
407 867 465 887 nos
498 857 724 893 circumstant,
762 854 817 887 sed
851 856 883 885 in
917 855 1013 886 corde
1046 858 1157 886 nostro
1189 864 1258 886 esse

288 899 445 931 ostendit:
470 899 546 939 quia
562 899 627 929 illic
646 903 787 939 regnant
810 898 918 929 vitiosi
942 902 975 928 et
998 897 1089 938 pravi
1113 896 1258 935 affectus,

288 952 423 983 quorum
454 942 574 973 fontem
604 941 655 973 vel
687 940 826 972 radicem
851 950 928 971 voce
954 939 1257 979 concupiscen-

288 985 367 1016 tiae
398 989 497 1015 notat.
548 983 633 1024 Eryo
662 984 708 1015 ita
736 984 853 1015 locatur
883 983 918 1014 in
949 983 1063 1015 mundo
1095 982 1259 1022 corruptio,

287 1029 320 1059 ut
341 1027 476 1059 sciamus
498 1027 532 1058 in
553 1027 640 1059 nobis
659 1036 724 1058 esse
745 1026 905 1058 mundum.

374 1112 404 1143 5.
420 1112 523 1152 Atque
538 1112 572 1144 in
589 1111 642 1143 hoc
664 1111 769 1152 ipsum
791 1121 878 1143 omne
899 1111 1039 1143 studium
1060 1109 1259 1151 applicantes,

288 1155 520 1187 subministrate
534 1155 568 1186 in
589 1154 650 1194 fide
672 1157 774 1186 vestra
796 1154 948 1191 virtutem,
971 1153 1006 1185 in
1027 1154 1138 1185 virtute
1159 1155 1259 1185 autem

288 1198 457 1230 scientiam.
504 1198 533 1229 6.
557 1197 593 1229 in
615 1197 746 1229 scientia
768 1206 839 1228 vero
862 1196 1106 1238 temperantiam,
1134 1196 1169 1228 in
1190 1198 1260 1227 tem-

284 1241 431 1280 perantia
453 1243 554 1272 autem
572 1240 768 1280 patientiam,
792 1240 826 1271 in
843 1239 999 1278 patientia
1020 1249 1091 1270 vero
1104 1239 1259 1279 pietatem,

290 1284 319 1315 7.
342 1284 376 1315 in
403 1283 520 1323 pietate
552 1285 654 1314 autem
679 1283 854 1322 fraternum
882 1291 1026 1322 amorem,
1059 1282 1094 1313 in
1121 1281 1259 1322 fraterno

288 1336 360 1358 vero
387 1336 491 1358 amore
511 1326 680 1358 caritatem.
725 1325 754 1356 8.
778 1325 867 1356 Haec
888 1325 970 1356 enim
990 1325 1020 1356 si
1041 1324 1126 1356 vobis
1147 1324 1260 1363 adsint,

289 1371 316 1401 et
345 1368 464 1401 abunde
493 1370 668 1408 suppetant,
701 1377 764 1399 non
793 1368 905 1399 otiosos
933 1378 1028 1407 neque
1057 1367 1261 1408 infructuosos

289 1412 468 1443 constituent
483 1421 538 1443 vos
551 1411 586 1442 in
600 1411 767 1452 cognitione
781 1410 914 1442 Domini
928 1410 1026 1443 nostri
1042 1408 1116 1442 Iesu
1133 1409 1260 1442 Christi.

289 1454 319 1486 9.
345 1454 405 1487 Cui
430 1454 513 1486 enim
535 1453 609 1485 haec
630 1463 692 1485 non
713 1453 836 1491 adsunt,
865 1463 973 1485 caecus
995 1455 1047 1492 est,
1075 1462 1171 1485 manu
1186 1452 1259 1492 pal·

284 1507 381 1538 pans,
398 1497 598 1537 puryationis
620 1495 731 1528 oblitus
752 1498 886 1528 veterum
907 1496 1093 1529 delictorum.

376 1582 405 1614 5.
428 1581 530 1622 Atque
551 1583 586 1613 in
607 1581 669 1614 hoc.

291 1636 345 1657 sae
373 1625 467 1656 molis
497 1635 577 1666 opus
606 1630 654 1656 est
676 1624 915 1664 corruptionem
938 1634 1020 1665 quae
1042 1624 1075 1656 in
1098 1623 1190 1656 nobis
1213 1627 1261 1655 est

291 1678 423 1700 exuere:
463 1667 505 1699 ad
544 1677 615 1699 eam
649 1677 718 1699 rem
751 1667 947 1699 contendere
988 1670 1020 1699 et
1053 1666 1131 1699 eniti
1163 1665 1260 1698 iubet.

291 1710 366 1750 Quo
397 1711 570 1751 significat,
604 1720 671 1741 non
700 1720 770 1742 esse
800 1710 853 1742 hic
879 1710 1032 1751 ignaviae
1054 1709 1171 1749 locum,
1203 1718 1262 1740 nec

291 1753 380 1785 lente
402 1753 454 1785 vel
477 1754 652 1785 oscitanter
675 1753 916 1793 obsequendum
939 1763 1009 1785 esse
1031 1752 1158 1785 vocanti
1177 1752 1260 1783 Deo:

291 1797 347 1828 sed
370 1796 468 1828 alacri
491 1795 597 1827 studio
619 1806 699 1837 opus
722 1805 805 1827 esse:
841 1806 877 1827 ac
899 1796 925 1827 si
954 1795 1091 1828 diceret:
1125 1795 1262 1826 exserite

292 1849 421 1871 omnem
448 1844 610 1877 conatum,
640 1849 677 1871 ac
699 1838 733 1869 in
757 1838 899 1870 medium
922 1839 1070 1879 proferte.
1115 1837 1154 1869 Id
1176 1838 1262 1869 enim

291 1881 376 1914 valet
398 1881 604 1922 participium
628 1891 690 1922 quo
714 1881 825 1913 utitur.

378 1924 617 1956 Subministrate
638 1924 673 1955 in
692 1923 763 1963 side.
799 1923 952 1956 Ostendit
975 1934 1128 1964 quorsum
1151 1922 1262 1955 fideles

294 1967 373 1998 eniti
396 1967 515 2007 deceat,
545 1977 662 2007 nempe
684 1972 721 1997 ut
743 1966 839 1998 fidem
863 1966 1005 1999 habeant
1028 1966 1173 1998 honestis
1196 1975 1261 1997 mo-

294 2009 399 2047 ribus,
433 2009 619 2049 prudentia,
652 2009 838 2047 tolerantia,
871 2012 904 2041 et
936 2009 1072 2042 caritate
1105 2013 1261 2040 ornatam.

294 2051 410 2083 Fidem
441 2062 517 2091 ergo
547 2052 708 2092 significat
729 2062 795 2083 non
824 2052 940 2084 debere
970 2052 1089 2084 nudam
1119 2062 1188 2084 esse
1211 2050 1262 2083 vel

295 2094 438 2134 inanem,
461 2093 517 2124 sed
534 2093 593 2125 has
612 2104 682 2125 esse
704 2094 886 2126 individuas
910 2095 979 2127 eius
1002 2095 1143 2127 comites.
1179 2093 1261 2125 Sub-

295 2138 482 2169 ministrare
505 2136 539 2166 in
562 2136 633 2174 fide,
655 2141 704 2167 est
726 2136 802 2168 fidei
824 2137 1011 2178 adiungere.
1057 2137 1131 2169 Non
1153 2140 1262 2168 tamen

296 2179 350 2211 hic
372 2179 502 2220 proprie
524 2184 573 2210 est
595 2179 749 2219 gradatio,
779 2184 938 2220 quantum
969 2181 1008 2212 ad
1035 2190 1165 2212 sensum
1188 2180 1263 2211 atti·

295 2225 362 2261 net,
385 2226 548 2261 utcunque
571 2221 679 2253 verbis
702 2226 863 2262 appareat.
893 2222 1002 2263 Neque
1024 2223 1111 2255 enim
1127 2222 1264 2254 toleran-

296 2265 374 2296 tiam
409 2264 522 2295 ordine
555 2265 702 2304 sequitur
734 2264 860 2302 caritas,
897 2265 946 2296 vel
976 2276 1016 2297 ex
1044 2276 1082 2297 ea
1112 2264 1264 2306 procedit.

297 2307 408 2347 Quare
442 2307 488 2338 ita
523 2306 714 2346 simpliciter
744 2307 859 2338 resolvi
888 2313 994 2348 potest
1025 2309 1144 2340 oratio:
1180 2308 1264 2339 Date

296 2359 427 2390 operam
457 2352 494 2380 ut
523 2349 563 2380 ad
586 2348 683 2380 fidem
707 2354 848 2380 vestram
872 2350 1024 2382 accedant
1046 2352 1159 2388 virtus,
1190 2359 1264 2390 pru·

298 2392 417 2433 dentia,
451 2392 676 2431 temperantia,
710 2396 743 2423 et
771 2401 852 2432 quae
881 2398 1072 2433 sequuntur.
1116 2393 1264 2424 Virtu-

297 2440 377 2467 tem
411 2444 469 2476 pro
500 2434 635 2466 honesta
664 2438 697 2465 et
726 2434 806 2466 bene
836 2436 1011 2475 composita
1039 2437 1106 2468 vita
1127 2435 1264 2476 accipio:

298 2488 403 2518 neque
431 2477 518 2509 enim
547 2476 599 2508 hic
628 2482 677 2509 est
708 2475 858 2519 ἐνέργεια,
887 2478 943 2509 sed
971 2478 1078 2520 ἀρετή.
1124 2478 1265 2511 Scien-

299 2520 417 2558 tiam,
450 2530 508 2560 pro
541 2519 665 2551 ratione
699 2522 875 2560 prudenter
907 2521 1034 2561 agendi.
1089 2521 1265 2561 Postquam

299 2563 386 2594 enim
417 2561 566 2604 generale
596 2573 712 2594 nomen
743 2564 859 2604 posuit,
891 2564 1079 2604 praecipuas
1108 2564 1266 2604 quasdam

299 2605 445 2637 homines
489 2604 658 2637 christiani
699 2604 789 2637 dotes
825 2610 1002 2638 enumerat.
1068 2605 1266 2646 Φιλαδελφία

299 2653 432 2680 mutuus
461 2651 509 2681 est
538 2648 623 2680 inter
652 2647 737 2681 filios
760 2648 823 2681 Dei
853 2658 955 2680 amor.
999 2648 1192 2681 Caritate
1220 2648 1265 2680 la-

716 1581 876 1621 Quoniam
910 1580 1048 1613 arduum
1070 1591 1106 1612 ac
1128 1581 1261 1612 immen-

1101 202 1243 236 EPIST.
1267 203 1404 236 PETRI
1428 203 1462 235 11

2215 204 2277 237 448

1311 300 1374 333 tius
1408 304 1504 341 patet,
1535 298 1610 339 quia
1639 301 1743 330 totum
1767 297 1945 330 humanum
1968 308 2072 339 genus
2094 299 2277 340 complecti-

1310 348 1372 375 tur.
1418 343 1529 374 Potest
1559 346 1668 372 tamen
1703 340 1755 372 hic
1784 340 1905 381 quaeri,
1961 351 2037 372 uum
2061 341 2180 374 Petrus
2201 343 2276 375 sub-

1309 384 1541 417 ministrandas
1581 383 1712 415 virtutis
1752 387 1860 424 pai-tes
1901 393 1941 415 no
1964 383 1992 416 is
2032 384 2194 426 assignet,
2234 394 2277 417 an

1309 432 1444 460 eatenus
1481 426 1613 458 extollat
1644 426 1710 457 vim
1740 425 1832 458 liberi
1862 425 1987 457 arbitrii
2017 430 2050 458 et
2080 426 2276 459 facultatem.

1310 470 1375 509 Qui
1405 471 1540 502 liberum
1570 468 1739 500 arbitrium
1770 473 1912 500 statuere
1945 468 2058 500 volunt
2080 469 2114 501 in
2138 469 2277 509 homine,

1310 513 1380 544 Deo
1403 513 1530 553 quidem
1553 511 1733 544 concedunt
1756 511 1896 550 priorem
1920 510 2035 549 locum,
2065 516 2102 544 ut
2125 522 2221 553 agere
2243 513 2278 544 in

1309 555 1400 587 nobis
1433 555 1583 594 incipiat:
1624 554 1680 586 sed
1718 554 1846 594 fingunt
1879 563 1938 586 nos
1971 553 2069 586 simul
2100 556 2277 596 cooperari,

1309 602 1405 639 atque
1427 598 1472 629 ita
1495 597 1554 629 hoc
1577 601 1723 628 nostrum
1747 606 1827 635 esse,
1849 596 1935 636 quod
1958 606 2025 628 non
2047 597 2131 628 irriti
2147 600 2224 629 sunt
2246 604 2277 630 et

1310 641 1488 672 inefficaces
1518 639 1581 670 Dei
1614 645 1731 672 motus.
1783 639 1882 679 Atqui
1916 643 2071 680 perpetua
2100 639 2278 680 scripturae

1310 683 1454 715 doctriua
1484 682 1560 713 huic
1588 681 1700 714 delirio
1723 681 1887 714 reclamat.
1932 682 2045 713 Palam
2068 683 2154 714 enim
2178 687 2275 715 testa-

1310 731 1373 764 tur,
1408 728 1510 757 rectos
1541 724 1675 757 affectus
1702 725 1834 756 formari
1857 725 1890 756 in
1914 724 2004 757 nobis
2027 735 2046 756 a
2069 725 2148 764 Deo,
2182 729 2278 766 atque

1309 768 1349 799 ad
1380 769 1530 800 effectum
1561 767 1709 807 perduci:
1738 771 1876 799 testatur
1902 767 1999 800 etiam
2025 767 2187 807 profectus
2210 779 2278 800 om-

1310 822 1367 843 nes
1401 814 1526 842 nostros
1560 819 1596 842 ac
1630 811 1903 850 perseverantiam
1937 821 1956 842 a
1986 810 2054 842 solo
2085 810 2157 842 Deo
2190 821 2277 843 esse:

1310 858 1475 894 praeterea
1498 853 1689 884 nominatim
1713 853 1926 893 prudentiam,
1953 853 2130 891 caritatem,
2154 854 2279 895 patien—

1310 898 1398 934 tiam,
1432 896 1491 927 Dei
1521 900 1553 927 et
1582 895 1716 935 spiritus
1749 895 1833 926 dona
1855 906 1926 928 esse
1949 895 2123 936 praedicat.
2169 895 2279 936 Quare

1310 940 1386 971 dum
1422 940 1499 970 haec
1532 938 1666 978 requirit
1697 938 1876 978 apostolus,
1910 939 2043 970 minime
2072 939 2187 971 asserit
2220 950 2279 971 nos

1311 992 1420 1022 posse:
1449 981 1504 1013 sed
1527 985 1652 1012 tantum
1676 980 1752 1022 quid
1776 980 1948 1012 debeamus
1970 981 2119 1022 ostendit,
2149 988 2180 1013 et
2203 982 2279 1022 quid

1310 1025 1380 1056 fieri
1409 1026 1564 1064 oporteat.
1609 1023 1678 1055 Piis
1707 1025 1817 1056 autem
1848 1024 2039 1062 hominibus,
2069 1023 2122 1055 ubi
2145 1024 2277 1056 infirmi-

1311 1068 1387 1098 tatis
1418 1067 1564 1108 propriae
1595 1066 1722 1107 conscii,
1756 1066 1893 1098 deficere
1915 1077 1949 1098 se
1971 1066 2006 1098 in
2029 1065 2133 1098 officio
2156 1067 2279 1107 vident,

1311 1110 1392 1141 nihil
1422 1110 1508 1141 aliud
1538 1113 1638 1141 restat
1667 1109 1731 1141 nisi
1761 1113 1797 1141 ut
1825 1108 1866 1140 ad
1889 1108 1952 1141 Dei
1982 1109 2171 1150 confugiant
2200 1120 2277 1142 aux-

1310 1153 1409 1185 ilium.

1396 1198 1424 1227 8.
1449 1195 1534 1227 Haec
1556 1195 1639 1227 enim
1660 1195 1690 1227 si
1712 1194 1794 1226 vobis
1816 1195 1929 1227 adsint.
1966 1194 2066 1233 Tunc,
2089 1194 2203 1236 inquit,
2227 1194 2276 1227 de-

1312 1249 1399 1270 mum
1423 1237 1591 1270 Christum
1620 1247 1639 1268 a
1670 1236 1758 1269 vobis
1789 1247 1864 1269 vere
1893 1236 1994 1269 fuisse
2016 1238 2180 1278 cognitum
2204 1248 2277 1278 pro-

1312 1281 1438 1319 babitis,
1469 1281 1498 1312 si
1522 1281 1651 1320 virtute,
1679 1284 1710 1311 et
1733 1280 1960 1321 temperantia,
1984 1284 2014 1311 et
2037 1281 2170 1321 reliquis
2194 1280 2277 1312 doti-

1312 1324 1370 1356 bus
1403 1324 1493 1355 eritis
1526 1323 1671 1364 praediti.
1717 1323 1778 1354 Est
1807 1322 1893 1354 enim
1921 1333 1972 1354 res
2006 1322 2121 1355 efficax
2155 1323 2279 1355 Christi

1312 1367 1459 1408 cognitim
1493 1370 1524 1398 et
1559 1367 1633 1398 viva
1665 1365 1759 1397 radix
1793 1375 1874 1406 quae
1907 1366 1940 1397 in
1973 1365 2096 1397 fructus
2130 1367 2276 1407 emergit.

1313 1410 1395 1441 Nam
1429 1419 1526 1450 quum
1561 1409 1638 1441 dicit
1670 1408 1771 1448 Haec,
1804 1419 1874 1440 vos
1907 1408 2165 1440 constituent
2198 1419 2278 1440 non

1313 1453 1468 1484 otiosos
1491 1461 1621 1492 neque
1648 1452 1950 1489 infructuosos,
1981 1451 2061 1483 falso
2084 1454 2117 1482 et
2139 1451 2279 1483 inaniter

1313 1495 1436 1527 Christi
1453 1495 1568 1526 notitia
1583 1494 1715 1535 gloriari
1730 1494 1892 1535 significat
1910 1494 2092 1534 quicunque
2114 1504 2186 1525 eam
2207 1494 2278 1526 sine

1313 1539 1455 1575 caritate,
1478 1537 1645 1578 patientia,
1671 1542 1703 1568 et
1726 1537 1886 1568 similibus
1909 1536 2002 1568 donis
2024 1536 2136 1568 iactat:
2167 1546 2278 1577 quem-

1313 1580 1485 1612 admodum
1503 1586 1536 1611 et
1551 1580 1673 1612 Paulus
1687 1579 1830 1620 loquitur
1852 1578 1892 1611 ad
1908 1579 2029 1619 Ephes.
2045 1579 2151 1620 capite
2171 1579 2203 1620 4,
2226 1579 2279 1620 20,

1313 1624 1386 1655 Non
1401 1624 1447 1655 ita
1462 1623 1617 1655 didicistis
1634 1622 1811 1660 Christum,
1835 1622 1863 1654 si
1881 1622 2011 1663 quidem
2035 1632 2110 1654 eum
2133 1622 2278 1662 audistis,

1313 1671 1345 1698 et
1366 1667 1401 1698 in
1423 1677 1460 1698 eo
1484 1666 1587 1698 edocti
1610 1666 1697 1703 estis,
1727 1664 1998 1706 quemadmodum
2027 1669 2077 1696 est
2103 1665 2223 1697 veritas
2243 1665 2278 1697 in

1313 1709 1457 1747 Christo,
1490 1709 1649 1750 deponere
1683 1712 1825 1741 veterem
1856 1707 2020 1740 hominem
2051 1708 2104 1748 qui
2133 1717 2277 1740 corrum-

1314 1753 1414 1793 pitur,
1450 1756 1509 1784 etc.
1553 1752 1620 1784 Eos
1657 1752 1754 1791 enim,
1791 1751 1845 1792 qui
1879 1750 2049 1782 Christum
2087 1751 2278 1790 profitentur

1314 1795 1432 1835 absque
1465 1795 1552 1827 vitae
1585 1794 1741 1832 novitate,
1775 1803 1939 1834 nunquam
1968 1794 2004 1825 in
2034 1793 2103 1825 eius
2132 1793 2278 1825 doctrina

1314 1838 1374 1869 rite
1407 1837 1506 1869 fuisse
1540 1838 1707 1870 institutos
1737 1836 1911 1878 significat.
1964 1835 2032 1868 Nec
2062 1846 2138 1868 vero
2168 1836 2279 1869 fideles

1314 1885 1440 1912 tantum
1463 1881 1638 1912 instructos
1661 1880 1733 1912 vult
1754 1890 1824 1912 esse
1847 1879 2014 1920 patientia,
2043 1879 2173 1919 pietate,
2200 1884 2283 1911 tem·

1314 1924 1467 1964 perantia,
1500 1923 1648 1955 caritate:
1683 1923 1739 1955 sed
1771 1923 1941 1955 continuos
1974 1921 2090 1953 horum
2125 1922 2283 1954 donorum

1314 1966 1473 2005 profectus
1509 1971 1746 2007 augmentaque
1781 1964 1930 2005 requirit:
1966 1968 2061 2005 atque
2091 1964 2123 1995 id
2154 1965 2280 1997 merito.

1313 2009 1427 2049 Longe
1460 2009 1546 2040 enim
1576 2008 1682 2041 adhuc
1710 2008 1866 2040 distamus
1896 2017 1915 2039 a
1944 2013 2044 2039 meta:
2079 2017 2179 2048 quare
2201 2018 2282 2039 sem-

1314 2061 1371 2091 per
1393 2051 1479 2082 ultra
1501 2050 1783 2092 progrediendum,
1813 2055 1849 2082 ut
1871 2049 1903 2081 in
1931 2049 2024 2082 nobis
2045 2054 2194 2082 crescant
2216 2050 2280 2082 Dei

1315 2094 1404 2126 dona.

1398 2137 1428 2168 9.
1456 2135 1516 2168 Oui
1544 2135 1626 2168 enim
1645 2135 1718 2168 haec
1739 2145 1799 2167 non
1821 2135 1943 2168 adsunt.
1988 2134 2059 2166 Iam
2081 2134 2200 2167 clarius
2223 2145 2281 2166 ex-

1315 2180 1436 2219 primit,
1460 2179 1582 2211 alienos
1605 2188 1735 2219 prorsus
1757 2188 1826 2209 esse
1849 2188 1868 2209 a
1887 2187 1965 2209 vera
1987 2177 2201 2218 intelligentia
2224 2178 2280 2218 qui

1316 2221 1435 2253 nudam
1467 2221 1564 2253 fidem
1588 2220 1778 2253 obtendunt.
1822 2219 1912 2251 Dicit
1934 2230 2011 2261 ergo
2034 2224 2187 2260 tanquam
2209 2230 2281 2253 cae-

1316 2274 1368 2296 cos
1397 2265 1431 2296 in
1454 2264 1594 2296 tenebris
1616 2272 1740 2295 errare:
1770 2263 1847 2303 quia
1870 2263 1953 2294 viam
1978 2272 2041 2294 non
2064 2267 2176 2294 tenent
2199 2273 2280 2303 quae

1316 2307 1409 2339 nobis
1437 2306 1597 2348 evangelii
1627 2306 1698 2338 luce
1725 2309 1934 2338 monstratur.
1979 2304 2052 2337 Hoc
2074 2314 2202 2346 quoque
2224 2305 2280 2337 ad-

1317 2350 1383 2381 dita
1413 2350 1538 2381 ratione
1565 2350 1750 2381 confirmat:
1778 2348 1853 2388 quia
1876 2347 1955 2379 tales
1976 2347 2102 2379 Christi
2126 2347 2280 2380 beneficio

1317 2403 1335 2424 a
1357 2398 1486 2432 peccato
1508 2403 1543 2424 se
1564 2392 1662 2424 fuisse
1685 2396 1840 2432 purgatos
1854 2390 1946 2422 obliti
1961 2394 2048 2421 sunt.
2085 2391 2196 2432 Atqui,
2220 2391 2281 2422 hoc

1316 2435 1544 2467 christianismi
1573 2434 1675 2467 nostri
1705 2432 1901 2474 principium
1924 2437 1988 2465 est:
2018 2434 2163 2473 sequitur
2193 2443 2281 2475 ergo,

1316 2488 1356 2509 ne
1393 2478 1495 2518 prima
1531 2477 1660 2518 quidem
1696 2476 1770 2508 fidei
1804 2475 1988 2507 rudimenta
2021 2481 2131 2508 tenere
2164 2475 2282 2516 quibus

1316 2520 1440 2552 nullum
1464 2531 1562 2561 purae
1584 2523 1617 2551 et
1638 2524 1768 2551 sanetae
1791 2519 1878 2550 vitae
1900 2517 2046 2550 studium
2068 2523 2125 2550 est.
2171 2518 2281 2551 Sumit

1316 2568 1424 2595 autem
1454 2563 1515 2596 hoc
1543 2573 1600 2604 pro
1630 2562 1778 2594 confesso
1809 2561 1942 2599 Petrus,
1972 2561 2282 2602 purgationis

1316 2616 1393 2638 suae
1423 2606 1600 2638 oblitos
1630 2614 1709 2645 esse,
1741 2604 1795 2645 qui
1824 2603 1929 2635 adhuc
1951 2603 1986 2635 in
2007 2604 2113 2636 caruis
2134 2604 2281 2636 sordibus

1316 2659 1350 2681 se
1381 2649 1538 2681 volutant.
1584 2647 1694 2689 Neque
1724 2647 1810 2679 enim
1840 2647 1874 2678 in
1904 2646 1992 2678 hunc
2022 2646 2120 2678 finem
2149 2646 2283 2687 sanguis
