2513 3126
266 213 302 243 15
1006 206 1147 240 EPIST.

258 309 406 350 loquuius
440 309 481 338 sit
516 317 593 347 prop
576 306 679 346 p.heta
715 315 813 345 quum
844 304 926 335 dixit
956 304 1082 344 (ierem.
1106 303 1162 342 31,
1185 304 1227 345 9),

260 353 517 391 Primogenitum
543 349 612 380 Dei.
656 348 738 379 Nam
764 347 819 378 filii
845 346 1016 394 appellatio
1040 347 1158 387 passim
1183 347 1228 378 illi

259 395 421 426 tribuitur
474 392 561 430 Quin
596 391 693 422 etium
729 389 862 430 angelos
896 390 982 429 ipsos
1013 388 1118 420 David
1154 389 1228 420 alibi

261 438 403 468 nominat
425 435 483 465 Dei
508 434 600 470 filios,
626 433 710 464 Psal.
728 433 778 470 89,
804 433 837 468 7·
861 431 943 471 Quis
966 431 1090 470 similis,
1113 432 1227 472 inquit,

258 479 356 511 Ιοὶιοι
361 488 396 508 ae
429 478 511 507 inter
539 476 621 508 tilios
645 475 796 507 Elohim?
844 474 1022 514 Responsio
1045 480 1094 505 est
1118 474 1229 515 facilis,

260 522 417 561 principos
456 518 632 550 secundum
668 518 742 558 quid
775 517 883 549 vocari
918 517 978 548 hoc
1012 517 1156 548 nomine:
1196 517 1229 548 in

262 563 380 595 Israele
426 562 587 602 designari
628 571 831 592 communem
872 560 1037 591 electionis
1078 560 1230 600 gratiam:

259 606 390 646 angelos
433 605 539 636 vocari
577 604 708 635 deorum
747 603 830 634 filios
868 603 1022 651 figurate,
1063 608 1233 651 propterea

259 648 341 689 quod
362 648 494 688 spiritus
517 647 584 678 sint
606 646 768 683 coelestes,
793 652 825 676 et
848 646 903 685 qui
928 647 959 676 in
986 645 1078 676 beata
1101 646 1232 676 immor-

260 691 384 722 talitate
411 695 543 731 gustum
567 689 705 729 aliquem
731 688 850 720 habent
873 688 1063 719 divinitatis.
1108 688 1232 719 Verum

258 744 359 774 quum
386 733 491 764 David
521 733 590 763 sine
621 731 799 763 adiectione
830 742 864 762 se
894 733 926 762 in
951 730 1073 762 Christi
1098 740 1234 771 persona

259 776 322 807 Dei
346 776 448 807 filium
473 775 622 815 appellat,
654 774 817 814 singulare
835 773 992 822 quiddam
1018 773 1174 814 designat,
1203 779 1234 804 et

259 819 380 851 honore
397 825 462 849 tam
479 798 668 857 angeloriim
682 827 777 857 quam
795 817 988 857 principum,
1005 815 1123 848 nedum
1137 816 1234 848 totius

259 861 391 893 Israelis
431 860 649 892 excellentius.
707 859 837 899 Alioqui
872 859 1048 900 impropria
1081 864 1166 890 esset
1199 869 1235 891 ac

260 905 369 944 inepta
401 903 553 943 loquutio‚
585 903 611 934 si
642 912 699 942 per
731 902 955 933 excellentiam
981 908 1149 934 vocaretur
1173 901 1235 933 Dei

259 947 348 978 filius
381 946 434 986 qui
464 944 564 976 nihilo
587 945 660 985 plus
683 945 816 976 haberet
840 955 936 985 quam
960 945 1024 976 alii.
1071 944 1235 976 Eximitur

262 991 347 1021 enim
380 999 419 1021 ex
449 998 547 1028 grege
577 993 609 1020 et
639 998 774 1019 numero
800 987 947 1019 aliorum.
994 987 1103 1026 Quum
1128 987 1235 1028 itaque

259 1031 424 1064 exclusive
457 1031 516 1062 hoc
546 1030 668 1063 dictum
700 1031 742 1062 sit
773 1030 812 1061 de
835 1030 981 1062 Christo:
1017 1029 1121 1061 Filius
1145 1040 1236 1062 meus

261 1086 294 1106 es
324 1080 377 1105 tu:
412 1074 560 1113 sequitur
594 1073 675 1105 nulli
710 1073 899 1114 angelorum
935 1074 1107 1105 convenire
1137 1073 1235 1104 talem

260 1118 428 1149 honorem.
467 1115 504 1148 Si
520 1117 592 1156 quis
615 1126 743 1147 rursum
767 1116 907 1156 excipiat
925 1115 1086 1147 Davidem
1111 1126 1235 1156 quoque

260 1161 319 1192 hoc
350 1158 443 1191 modo
475 1168 572 1199 supra
603 1159 735 1199 angelos
766 1158 876 1190 evehi:
918 1158 1113 1198 respondeo,
1155 1158 1235 1189 nihil

259 1213 329 1234 esse
352 1201 485 1234 absurdi
506 1202 533 1233 si
557 1201 680 1243 angelis
704 1201 915 1241 praeferatur,
945 1207 1107 1241 quatenus
1131 1201 1236 1242 imago

259 1252 308 1277 est
331 1244 469 1277 Christi:
502 1244 771 1284 quemadmodum
801 1244 889 1275 nulla
920 1244 1017 1276 fiebat
1040 1243 1164 1285 angelis
1187 1245 1236 1275 in-

260 1289 359 1327 iuria,
393 1297 493 1328 quum
517 1297 660 1318 summus
683 1287 842 1325 sacerdos,
877 1286 1033 1318 mediator
1063 1287 1237 1318 vocabatur

261 1332 316 1372 qui
336 1335 466 1379 peccata
487 1330 641 1370 expiaret.
679 1329 792 1370 Neque
815 1330 900 1360 enim
925 1330 956 1360 id
980 1329 1143 1361 habebant
1167 1339 1235 1370 pro-

260 1374 330 1414 prio
368 1374 451 1404 iure:
494 1373 548 1403 sed
593 1383 692 1413 quum
731 1373 889 1404 referrent
929 1372 1053 1404 Christi
1090 1383 1236 1420 regnum,

260 1426 378 1448 nomen
409 1426 534 1456 quoque
565 1415 604 1447 ab
634 1416 702 1463 ipso
731 1415 978 1447 mutuabantur.
1024 1414 1116 1464 Quin
1140 1415 1235 1446 etiam

262 1464 473 1497 sacramenta,
491 1468 589 1498 quum
606 1468 657 1489 res
674 1458 738 1489 sint
755 1468 812 1498 per
828 1468 861 1489 se
879 1464 1032 1495 mortuae,
1056 1458 1236 1499 insigniun-

262 1509 315 1533 tur
346 1501 449 1533 titulis
478 1511 557 1541 quos
586 1500 694 1542 angeli
724 1501 784 1532 sibi
817 1501 938 1541 absque
969 1484 1137 1542 sacrilegio
1170 1511 1235 1532 non

261 1552 460 1585 arrogarent.
511 1544 598 1575 Hinc
628 1551 762 1584 apparet
792 1544 936 1575 validum
966 1554 1035 1575 esse
1065 1553 1236 1585 argumen-

261 1594 331 1619 tum
366 1597 384 1617 a
417 1587 475 1618 filii
511 1587 650 1618 nomine.
700 1586 750 1618 De
781 1587 989 1627 generatione
1019 1587 1064 1618 sic
1096 1587 1235 1618 breviter

263 1630 447 1662 habendum
481 1636 544 1661 est:
581 1629 713 1660 relative
748 1629 807 1661 hoc
841 1629 909 1661 loco
940 1629 1049 1670 accipi.

263 1715 455 1747 continuum
486 1715 591 1755 fingit.

266 1843 404 1875 habetur
425 1843 464 1874 ad
489 1843 652 1876 homines:
675 1852 694 1873 a
717 1844 831 1883 quibus
855 1844 984 1884 agnitus
1007 1843 1068 1874 fuit
1084 1843 1237 1875 Christus

263 1896 322 1926 pro
355 1886 422 1917 filio
457 1885 534 1925 Dei,
569 1891 739 1926 postquam
774 1896 847 1917 eum
882 1892 973 1926 pater
1006 1886 1235 1917 manifestavit.

264 1929 355 1960 Haec
377 1929 476 1969 igitur
500 1928 682 1966 declaratio,
707 1929 800 1960 cuius
823 1929 921 1960 etiam
945 1929 1068 1960 Paulus
1091 1928 1238 1960 meminit

265 1972 306 2003 ad
329 1971 496 2003 Romanos
518 1982 586 2012 cap.
613 1971 640 2009 1,
663 1971 692 2009 4,
725 1971 847 2011 species
876 1971 1032 2012 quaedam
1057 1971 1115 2002 fuit
1138 1977 1238 2003 aeter·
1263 1982 1265 2011 Q
1290 1989 1430 2020 mittitur
1453 1988 1614 2020 Christus.

267 2024 328 2045 nae
358 2013 406 2055 (ut
435 2014 480 2045 ita
508 2013 633 2055 loquar)
663 2015 891 2055 generationis.
937 2014 1020 2045 Nam
1044 2024 1162 2046 arcana
1184 2014 1239 2045 illa

265 2062 298 2088 et
316 2057 459 2094 interior,
484 2067 565 2097 quae
584 2063 812 2097 praecesserat,
836 2056 1020 2088 hominibus
1042 2062 1110 2088 erat
1133 2057 1238 2098 incog-

266 2100 349 2130 nita:
391 2110 450 2131 nec
487 2101 521 2130 in
554 2100 714 2131 rationem
750 2100 859 2131 venire
894 2106 1034 2139 poterat,
1073 2099 1135 2132 nisi
1168 2110 1238 2131 eam

266 2148 358 2183 pater
381 2142 499 2173 visibili
523 2142 719 2174 revelatione
742 2143 959 2183 approbasset.

352 2184 419 2216 Ero
433 2184 483 2216 illi
500 2185 535 2216 in
551 2187 684 2224 patrem.
722 2184 761 2216 In
785 2185 845 2216 hoc
868 2185 964 2216 etiam
988 2185 1129 2217 secundo
1153 2185 1240 2216 testi·

267 2227 374 2259 monio
397 2227 505 2259 valere
529 2227 622 2259 debet
645 2227 701 2259 illa
723 2227 919 2259 observatio:
945 2228 1072 2259 tametsi
1096 2227 1240 2269 designe-

268 2278 322 2301 tur
351 2269 404 2301 hic
433 2270 578 2308 Solomo,
613 2271 666 2310 qui
699 2270 816 2318 alioqui
847 2277 915 2302 erat
945 2270 1069 2311 angelis
1099 2271 1239 2307 interior,
1266 2286 1267 2293 ι

268 2322 378 2344 tamen
394 2313 500 2353 ipsum
516 2323 557 2344 ex
577 2323 738 2345 commun.
763 2313 908 2345 omnium
932 2313 1044 2345 ordine
1067 2313 1241 2354 segregari,
1266 2320 1267 2325 ¹

1102 1629 1235 1661 Frivola
1260 1641 1261 1655 ι

263 1673 349 1704 enim
373 1672 551 1713 Augusmni
581 1672 711 1719 argnti?
732 1680 790 1711 θεῖ’
821 1673 874 1712 qni
898 1672 992 1704 hodie
1014 1678 1183 1704 aeternum
1204 1677 1235 1721 ef
1260 1686 1262 1708 ¹
1287 1689 1398 1729 Neque
1421 1689 1557 1720 Iudaeos
1580 1688 1755 1728 alloquitur
1779 1687 1902 1719 David:
1933 1687 1989 1719 sed
2017 1694 2117 1719 totam
2140 1694 2260 1720 terram

635 1714 784 1746 Christus
815 1720 901 1746 certe
929 1719 1080 1746 aeternus
1102 1720 1151 1746 est
1174 1714 1235 1746 Dei
1261 1731 1262 1738 ι

263 1758 368 1789 filius:
397 1757 481 1806 quia·
500 1758 657 1806 sapientia
687 1757 755 1789 eius
785 1764 834 1789 est
864 1763 940 1789 ante
967 1763 1095 1806 tempus
1117 1758 1236 1798 genita.
1261 1768 1263 1803 χ
1288 1775 1383 1806 Ratio
1415 1776 1556 1814 ponitur:
1589 1775 1664 1814 quia
1686 1773 1848 1804 Dominus
1876 1774 2034 1814 regnabit·

265 1800 330 1833 Sed
361 1800 421 1832 hoc
451 1800 533 1831 mh1l
557 1800 596 1831 ad
621 1806 822 1841 praesentem
846 1800 959 1838 locum,
994 1800 1049 1832 ubi
1072 1806 1236 1841 respectus
1262 1817 1263 1821 =

1173 207 1235 239 AD
1261 208 1510 240 HEBRAEOS

1261 1450 1263 1454 ν
1290 1432 1349 1463 hac
1382 1442 1478 1463 causa
1508 1431 1739 1471 argumentari.

2215 211 2253 241 16

1282 305 1452 344 imperium
1483 304 1548 335 filio
1578 305 1668 335 cuius
1698 303 1763 335 illic
1795 305 1830 335 fit
1859 303 1987 341 mentio,
2021 304 2200 337 destinatur
2223 312 2254 337 et

1282 348 1436 378 asseritur
1455 347 1577 387 imperii
1602 347 1809 387 perpetuitas.
1847 346 1986 378 Constat
2008 353 2115 379 autem
2139 358 2180 379 ex
2199 349 2253 379 ad-

1284 400 1388 425 verso,
1431 400 1565 430 regnum
1601 389 1784 421 Solomonis
1824 390 1968 430 angustis
2006 389 2124 421 finibus
2159 390 2255 423 fuisse

1283 432 1456 463 inclusum:
1481 434 1513 463 ct
1542 431 1620 463 adeo
1644 442 1707 463 non
1733 433 1831 464 fuisse
1855 432 2054 470 diuturnum,
2088 438 2122 464 ut
2144 433 2254 465 statim

1284 481 1355 515 post
1387 475 1454 505 eius
1486 479 1621 506 mortem
1646 475 1797 514 accisum,
1833 475 1996 523 aliquanto
2019 482 2091 515 post
2113 480 2256 515 tempore

1283 517 1469 549 conciderit.
1516 518 1613 556 Atqui
1645 518 1676 548 in
1708 518 1830 557 psalmo
1860 518 2001 549 citantur
2031 523 2127 549 testes
2155 518 2201 550 sol
2225 526 2256 550 et

1285 560 1370 597 luna,
1394 560 1541 599 iuratque
1559 560 1728 599 Dominus,
1744 560 1898 600 quamdiu
1922 561 1953 591 in
1973 560 2061 592 coelo
2077 560 2255 602 fulgebunt,

1286 612 1420 643 regnum
1446 601 1524 633 illud
1548 604 1708 633 staturum
1733 603 1900 635 incolume.
1941 602 2064 635 Contra
2088 614 2163 635 vero
2186 614 2254 645 reg-

1287 655 1365 676 num
1390 644 1526 676 Davidis
1557 644 1646 676 brevi
1671 646 1824 685 temporis
1847 646 1950 687 spatio
1973 646 2157 686 collapsum,
2188 652 2255 678 tan-

1287 687 1359 718 dem
1390 697 1521 727 prorsus
1552 687 1685 718 interiit.
1731 687 1856 720 Deinde
1879 699 1919 720 ex
1943 689 2161 729 compluribus
2184 699 2257 729 pro-

1288 730 1458 770 phetarum
1490 730 1567 761 locis
1597 729 1748 770 colligere
1779 737 1961 771 promptum
1985 737 2041 768 est,
2072 731 2161 763 illam
2184 741 2257 772 pro-

1289 774 1470 804 missionem
1502 782 1666 813 nunquam
1698 772 1791 804 aliter
1818 783 1914 814 quam
1944 774 1982 805 de
2005 774 2137 806 Christo
2161 775 2258 806 fuisse

1288 822 1463 855 acceptam:
1489 819 1524 846 ut
1540 814 1686 848 cavillari
1703 825 1797 846 nemo
1813 821 1916 855 queat,
1940 827 2010 849 esse
2029 817 2115 848 istud
2139 828 2258 849 novum

1289 863 1516 890 commentum.
1563 858 1645 889 Nam
1676 863 1709 889 et
1737 857 1811 889 inde
1834 858 2016 891 invaluerat
2045 859 2143 901 vulgo
2174 870 2214 900 ap
2217 859 2259 891 ud

1289 901 1435 975 Bidaeios
1459 900 1510 932 hic
1542 911 1628 938 usus,
1660 906 1695 931 ut
1728 900 1895 932 Christum
1926 902 2126 942 appellarent
2155 871 2258 935 filipum

1324 954 1373 975 aV1
1400 954 1425 974 18

1374 1004 1403 1035 6.
1430 1003 1557 1035 Rursus
1579 1005 1683 1034 autem
1707 1013 1801 1042 quum
1822 1003 1987 1035 introducit
2007 1004 2118 1043 filium.
2163 1005 2258 1037 Nunc

1289 1047 1352 1078 alia
1383 1048 1504 1077 ratione
1528 1046 1696 1077 Christum
1725 1056 1822 1086 supra
1853 1046 1983 1086 angelos
2013 1047 2146 1078 attollit:
2181 1049 2259 1088 quia

1289 1089 1461 1121 iubeantur
1494 1089 1601 1129 angeli
1634 1090 1741 1128 ipsum
1775 1089 1918 1120 adorare.
1975 1089 2129 1129 Sequitur
2161 1091 2258 1129 enim,

1289 1133 1433 1172 ipsorum
1468 1142 1538 1163 esse
1571 1140 1668 1172 caput
1701 1142 1737 1163 ac
1767 1132 1953 1171 principem.
2006 1131 2129 1164 Verum
2159 1133 2260 1165 videri

1291 1176 1391 1215 possit
1425 1184 1593 1214 perperam
1629 1175 1688 1205 hoc
1722 1174 1761 1205 ad
1793 1174 1962 1206 Christum
1998 1180 2146 1215 torquere
2178 1176 2262 1215 quod

1290 1218 1478 1257 simpliciter
1507 1217 1546 1248 de
1576 1217 1647 1248 Deo
1677 1217 1890 1257 praedicatur.
1947 1217 1981 1249 Si
2013 1218 2262 1258 respondeamus

1290 1260 1459 1292 Christum
1497 1270 1566 1291 esse
1600 1259 1704 1291 Deum
1742 1267 1919 1300 aeternum,
1957 1261 2091 1300 ideoque
2124 1262 2193 1292 iure
2227 1261 2261 1292 in

1290 1314 1364 1334 eum
1388 1310 1570 1343 competere
1593 1313 1802 1342 quaecunque
1827 1303 1887 1334 Dei
1910 1307 2000 1334 sunt:
2028 1304 2169 1335 nondum
2193 1314 2261 1335 om·

1291 1347 1383 1377 nibus
1410 1347 1611 1377 satisfactum
1639 1346 1710 1377 erit.
1755 1345 1877 1376 Parum
1905 1347 1991 1377 enim
2015 1346 2054 1377 ad
2077 1347 2123 1378 rei
2146 1346 2260 1378 dubiae

1290 1389 1510 1429 probationem
1535 1389 1665 1425 valeret,
1693 1398 1734 1420 ex
1757 1388 1982 1420 communibus
2005 1388 2066 1419 Dei
2089 1389 2202 1429 elogiis
2224 1390 2259 1420 in

1792 1431 1911 1472 Agitur
1943 1432 2030 1462 enim
2061 1431 2100 1463 de
2129 1432 2259 1464 Christo

1289 1476 1319 1505 in
1344 1485 1439 1506 carne
1464 1474 1686 1505 manifestato:
1719 1480 1750 1505 et
1775 1474 1965 1505 nominatim
1989 1474 2065 1505 dicit
2088 1475 2259 1514 apostolus,

1288 1518 1333 1548 ita
1350 1519 1518 1557 loquutum
1535 1517 1695 1557 spiritum,
1719 1527 1820 1557 quum
1840 1516 2056 1548 introducitur
2077 1518 2109 1548 in
2134 1517 2258 1549 orbem:

1287 1561 1370 1599 quod
1403 1570 1467 1591 non
1499 1566 1584 1591 esset
1608 1570 1683 1591 vere
1714 1559 1844 1599 dictum,
1881 1560 1941 1590 nisi
1965 1560 2091 1600 proprie
2115 1560 2258 1600 psalmus

1288 1604 1326 1634 de
1350 1602 1473 1634 Christi
1496 1603 1754 1634 manifestatione
1777 1602 1921 1633 disserat.
1963 1602 2007 1633 Et
2028 1613 2106 1634 sane
2128 1603 2173 1633 ita
2195 1612 2259 1635 est:

1288 1646 1454 1677 exordium
1483 1647 1569 1677 enim
1605 1645 1719 1685 psalmi
1751 1645 1935 1676 exhortatio
1957 1653 2006 1676 est
2029 1645 2068 1676 ad
2092 1645 2259 1678 laetitiam.

1287 1742 1388 1772 usque
1419 1732 1458 1763 ad
1489 1731 1628 1763 insulas:
1664 1731 1723 1762 hoc
1751 1737 1809 1767 est,
1844 1731 2078 1762 transmarinas
2101 1731 2260 1772 regiones.

2080 1772 2116 1805 Si
2147 1773 2261 1806 deinde

1289 1826 1391 1848 totum
1419 1817 1579 1858 psalmum
1601 1827 1780 1857 percurras,
1804 1816 1885 1847 nihil
1908 1816 1995 1847 aliud
2019 1816 2142 1848 videbis
2164 1826 2261 1856 quam

1289 1871 1424 1901 regnum
1445 1860 1577 1897 Christi,
1601 1859 1686 1900 quod
1710 1859 1750 1890 ab
1773 1859 1932 1899 evangelii
1955 1858 2171 1899 publicatione
2193 1870 2262 1892 coe-

1290 1905 1345 1944 pit.
1391 1903 1458 1934 Nec
1474 1903 1560 1934 aliud
1581 1910 1629 1934 est
1651 1909 1881 1943 argumentum
1905 1902 2019 1942 psalmi
2042 1911 2139 1942 quam
2163 1903 2263 1934 veluti

1290 1946 1422 1977 solenne
1452 1946 1601 1986 diploma,
1634 1955 1698 1985 quo
1732 1946 1765 1976 in
1799 1945 1867 1976 eius
1900 1945 1993 1985 regni
2027 1945 2261 1985 possessionem

1659 1988 1763 2019 Porro
1794 1997 1875 2027 quae
1902 1988 2042 2019 laetitiae
2065 1988 2199 2019 materia
2221 1998 2262 2019 ex

1290 2033 1358 2062 eius
1389 2042 1498 2072 regno,
1529 2032 1590 2062 nisi
1612 2031 1669 2062 toti
1692 2030 1812 2061 mundo
1836 2030 1976 2062 salutare
1999 2031 2089 2067 foret,
2122 2032 2181 2063 hoc
2203 2034 2263 2068 est,

1291 2081 1356 2105 tam
1380 2075 1530 2115 gentibus
1553 2084 1649 2114 quam
1675 2072 1827 2104 Iudaeis?
1873 2072 2092 2112 Quamobrem
2115 2080 2188 2113 apte
2210 2073 2263 2104 hic

1265 2117 1454 2158 3apostolus
1492 2126 1593 2157 quum
1628 2116 1705 2148 dicit
1737 2117 1843 2156 ipsum
1878 2116 2037 2147 introduci
2071 2116 2103 2146 in
2136 2115 2262 2147 orbem:

1265 2159 1266 2185 l
1292 2161 1367 2200 quia
1398 2159 1519 2191 scilicet
1548 2159 1614 2191 illic
1637 2160 1706 2190 eius
1729 2159 1769 2189 ad
1792 2158 1940 2190 homines
1963 2159 2121 2190 adventus
2144 2158 2262 2190 descri-

1265 2212 1267 2236 ἑ
1292 2202 1388 2234 bitur.
1423 2202 1596 2234 Caeterum
1621 2212 1683 2233 vox
1708 2202 1866 2239 hebraica,
1890 2211 1948 2241 pro
1970 2211 2034 2241 qua
2056 2200 2109 2232 hic
2131 2200 2263 2241 angelos

1293 2245 1442 2284 reddidit,
1473 2249 1522 2277 est
1545 2244 1686 2282 Ellelum,
1717 2254 1800 2284 quae
1828 2251 1860 2276 et
1883 2244 1959 2276 deos
1981 2243 2152 2283 significat.
2196 2243 2263 2275 Sed

1266 2306 1267 2313 ι
1294 2289 1427 2319 minime
1454 2288 1691 2328 dubiuquuin
1714 2287 1754 2318 de
1776 2287 1900 2327 angelis
1922 2286 2069 2326 loquatur
2092 2285 2262 2326 propheta:

269 2365 369 2396 quum
385 2355 476 2387 Deus
497 2365 530 2387 se
554 2356 713 2396 promittit
736 2356 784 2387 illi
808 2357 875 2387 fore
897 2356 931 2386 in
954 2359 1091 2396 patrem.
1129 2355 1240 2404 Neque
1267 2361 1268 2378 ³

269 2399 355 2429 enim
386 2397 432 2428 illi
461 2399 493 2429 in
523 2405 645 2438 patrem
677 2399 807 2430 futurus
835 2405 906 2430 erat
936 2404 1089 2439 tanquam
1120 2399 1179 2429 uni
1201 2408 1241 2429 ex
1266 2411 1269 2419 ·

270 2440 422 2472 Abrahae
438 2440 523 2478 filiis,
547 2446 602 2472 aut
621 2442 677 2472 uni
701 2451 740 2472 ex
765 2440 981 2481 principibus:
1006 2441 1062 2472 sed
1085 2446 1240 2489 tanquam
1267 2447 1269 2471 ἱ

271 2484 300 2514 ei
324 2484 377 2522 qui
401 2483 542 2523 reliquos
572 2493 684 2515 omnes
708 2485 935 2524 supereminet.
982 2483 1158 2524 Privilegio
1181 2483 1241 2524 igi-

1267 2489 1269 2497 ι

272 2532 324 2556 tur
347 2525 469 2564 eodem,
493 2536 555 2566 quo
578 2526 663 2558 filius
682 2527 898 2565 constituitur,
921 2537 1032 2558 omnes
1056 2526 1110 2558 alii
1133 2526 1241 2558 exclu-

271 2568 393 2599 duntur
423 2578 441 2599 a
471 2568 541 2609 pari
564 2569 692 2601 honore.
739 2570 841 2601 Porro
865 2579 927 2600 non
952 2569 1046 2601 aliter
1068 2568 1101 2600 id
1124 2568 1162 2600 de
1185 2568 1243 2600 So-

272 2611 400 2642 lomone
430 2620 499 2643 esse
529 2611 659 2649 dictum¹
691 2612 752 2643 nisi
783 2617 942 2652 quatenus
966 2611 1134 2644 Christum
1160 2612 1270 2658 figu-

274 2653 374 2692 rabat,
398 2658 485 2694 patet
508 2664 549 2685 ex
572 2653 633 2686 loci
655 2660 816 2686 contextu.
853 2654 937 2686 Nam
956 2660 987 2686 et
1009 2655 1107 2686 totius
1130 2653 1243 2685 mundi
1269 2644 1271 2678 l
1296 2654 1385 2695 virya
1414 2654 1600 2694 directionis,
1630 2655 1721 2696 virya
1742 2653 1830 2695 regni
1851 2653 1906 2685 tm·

1294 2331 1369 2370 quia
1391 2341 1506 2362 sensus
1529 2337 1589 2368 est,
1622 2330 1747 2361 nullam
1770 2340 1840 2361 esse
1871 2337 1936 2360 tam
1959 2328 2129 2360 sublimem
2152 2335 2264 2369 poten-

1294 2374 1372 2404 tiam
1403 2383 1483 2413 quae
1514 2383 1578 2404 non
1609 2373 1722 2404 subiici
1752 2372 1867 2404 debeat
1893 2371 1988 2403 huius
2011 2371 2096 2411 regis
2119 2371 2262 2411 imperio,

1293 2416 1384 2447 cuius
1407 2416 1566 2448 adventus
1590 2419 1693 2447 totum
1717 2415 1826 2447 orbem
1849 2414 2030 2446 exhilarare
2057 2414 2160 2446 debet.

1381 2526 1409 2558 7.
1433 2525 1477 2558 Et
1498 2526 1539 2558 ad
1561 2526 1685 2567 angelos
1707 2525 1831 2567 quidem
1852 2524 1936 2564 dicit,
1964 2524 2025 2564 Qui
2041 2525 2122 2574 facit
2140 2525 2265 2566 angelos

1269 2567 1270 2570 ’
1296 2578 1369 2600 suos
1384 2569 1527 2609 spirans,
1549 2572 1577 2600 ει
1592 2569 1752 2601 minisbros
1766 2577 1841 2600 suos
1852 2568 2013 2607 flammam
2034 2568 2126 2609 iynis.
2163 2569 2192 2600 8.
2211 2568 2266 2600 Ad

1269 2604 1418 2643 Filium
1431 2621 1510 2653 vero,
1536 2612 1682 2644 Thronus
1696 2614 1768 2643 tuus
1782 2621 1799 2642 o
1813 2610 1929 2642 Deus
1917 2621 1951 2643 m
1965 2611 2120 2643 saeculum
2134 2611 2266 2644 saec-uli:

1952 2654 1982 2686 9.
2005 2653 2156 2686 Dilexisti
2177 2653 2266 2686 imii-
