2513 3126
102 204 164 236 249

102 301 174 333 Deo
205 304 317 333 nostra
347 301 462 338 officia,
498 301 524 333 si
556 300 642 332 hunc
665 300 762 331 finem
787 299 941 331 habemus
965 307 1076 338 propo-

102 344 209 382 situm,
241 349 277 376 ut
299 343 346 375 illi
370 345 564 375 serviamus:
595 353 660 374 non
684 348 792 374 autem
817 351 986 374 movemur
1008 340 1075 371 solo

102 387 272 418 hominum
303 393 462 427 respectu.
507 386 609 417 Porro
641 386 693 425 qui
722 385 782 416 sibi
811 384 978 424 negotium
1005 392 1074 413 esse

102 440 176 462 cum
206 429 278 461 Deo
307 435 453 470 reputat,
487 439 616 460 neeesse
651 433 700 460 est
730 433 767 459 ut
795 427 924 459 studeat
953 425 1073 457 malum

103 473 187 504 bono
218 473 355 504 vincere.
401 472 514 513 Neque
544 472 629 503 enim
660 476 787 502 tantum
817 469 921 509 exigit
943 478 962 498 a
984 467 1074 499 nobis

103 515 193 547 Deus
216 520 252 546 ut
274 515 356 546 tales
378 525 456 555 erga
476 523 738 554 unumquemque
760 513 871 549 simus,
893 510 1021 551 qualem
1041 520 1074 541 se

102 558 158 589 ille
186 558 328 590 vicissim
357 568 435 598 erga
465 567 524 589 nos
547 555 747 597 praebuerit:
781 553 836 585 sed
860 554 957 584 etiam
982 553 1075 584 bene-

102 601 256 633 faciamus
285 600 440 640 indignis,
474 604 506 631 et
535 599 589 639 qui
620 607 678 629 nos
705 599 957 636 persequuntur.
1002 595 1075 626 Hoc

102 650 213 675 tamen
249 643 439 674 difficultate
472 651 539 673 non
573 644 675 676 caret,
716 638 799 678 quod
842 642 940 678 negat
974 638 1073 669 ullam

102 687 275 726 patientiae
291 685 418 716 laudem
442 684 518 722 fore,
540 683 568 713 si
589 682 660 721 quis
683 681 767 712 iuste
791 680 953 721 plectitur.
990 681 1074 712 Nam

102 734 190 761 certe
213 728 362 768 quamvis
384 726 546 757 Dominus
569 730 702 764 peccata
725 729 838 755 nostra
860 724 992 762 puniat:
1020 734 1075 763 pa-

100 772 214 803 tientia
236 776 343 802 tamen
366 773 477 799 nostra
500 767 692 799 sacrificium
716 766 764 797 illi
787 771 835 797 est
859 765 933 797 boni
957 767 1075 805 odoris,

100 814 128 846 si
143 824 262 854 poenas
278 820 379 851 aequo
395 811 508 841 unimo
529 809 675 841 ferimus.
710 808 914 849 Respondeo,
939 810 1074 841 Petrum

101 857 154 889 hic
171 866 233 887 non
251 853 450 894 simpliciter,
474 852 530 883 sed
553 853 772 893 comparative
796 852 899 892 loqui:
923 853 1074 893 quoniam

99 899 179 930 haec
212 896 318 928 tenuis
352 901 384 927 et
417 895 555 927 obscura
588 895 661 926 laus
694 896 750 933 sit,
784 895 902 926 iustam
938 905 1075 936 poenam

98 951 198 981 aequo
221 940 327 971 animo
351 939 444 980 ferre,
478 943 593 979 praeut
616 943 664 969 est
688 938 829 970 hominis
853 938 987 977 innoxii,
1021 939 1076 978 qui

99 994 164 1015 non
194 988 321 1014 recusat
350 982 433 1013 ferre
463 981 633 1013 hominum
664 981 816 1018 iniurias,
849 986 975 1012 tantum
1001 982 1076 1021 quia

101 1027 209 1058 Deum
243 1026 344 1056 timet.
404 1024 612 1064 Quamquam
652 1024 782 1055 videtur
816 1023 915 1055 finem
949 1034 1076 1065 quoque

100 1069 198 1101 tacite
227 1074 353 1100 notare:
390 1067 474 1108 quod
503 1067 672 1098 hominum
701 1070 791 1098 metu
819 1072 987 1108 cogantur,
1021 1068 1076 1107 qui

100 1112 292 1144 delictorum
326 1121 458 1142 suorum
489 1120 608 1150 poenas
638 1109 742 1142 luunt.
797 1108 862 1142 Sed
892 1110 948 1141 illa
979 1120 1075 1150 quam

99 1154 222 1186 adduxi
244 1153 361 1186 solutio
383 1153 510 1185 sufficit.

185 1240 237 1271 21.
262 1238 303 1270 In
332 1239 386 1272 hoc
415 1239 496 1271 enim
526 1238 623 1270 vocati
646 1238 730 1278 estis,
759 1238 906 1278 quoniam
931 1238 1077 1270 Christus

98 1293 218 1324 quoque
240 1292 362 1322 passus
388 1285 433 1314 est
455 1292 518 1322 pro
547 1281 638 1320 vobis,
673 1281 849 1321 relinquens
870 1281 955 1313 vobis
978 1292 1076 1313 excon-

93 1327 194 1366 plum,
227 1328 262 1356 ut
289 1326 495 1365 sequeremini
524 1325 652 1364 vestiyia
681 1325 757 1356 eius.
803 1324 853 1355 22.
888 1325 950 1364 Qui
979 1335 1076 1365 quum

95 1371 251 1410 peccatum
280 1379 341 1400 non
361 1368 492 1409 fecisset,
516 1377 568 1400 nec
589 1368 733 1399 inventus
755 1370 833 1399 esset
854 1367 944 1399 dolus
965 1368 999 1399 in
1025 1377 1076 1399 ore

99 1412 181 1444 eius:
235 1411 286 1443 23.
320 1421 415 1451 quum
443 1410 557 1451 probro
597 1410 787 1450 afficeretur,
824 1420 884 1442 non
922 1411 1077 1451 reyerebat

95 1454 229 1494 probra:
258 1464 352 1494 quum
369 1456 540 1494 pateretur,
573 1463 635 1485 non
657 1453 920 1485 comminabatur:
946 1464 1076 1486 causam

98 1507 168 1529 vero
190 1497 418 1530 commendabat
440 1498 468 1529 ei
492 1497 546 1537 qui
568 1497 648 1529 iuste
670 1497 797 1528 iudicat.

185 1583 237 1615 21.
275 1582 317 1614 In
353 1583 407 1615 hoc
442 1583 551 1615 vocati.
613 1583 756 1614 Tametsi
795 1582 834 1614 de
868 1583 971 1615 servis
1006 1588 1076 1614 erat

99 1636 218 1664 sermo,
251 1636 317 1657 non
347 1630 454 1657 tamen
483 1627 563 1658 adeo
594 1626 749 1666 restringi
778 1625 874 1657 debet
897 1625 977 1658 haec
1000 1636 1073 1657 sen-

99 1670 213 1702 tentia.
275 1669 359 1701 Nam
404 1670 620 1701 communiter
661 1670 731 1710 pios
774 1679 885 1700 omnes
923 1669 1076 1700 admonet

99 1712 276 1753 apostolus,
315 1712 419 1752 qualis
449 1712 493 1743 sit
515 1711 760 1744 Christianismi
791 1712 947 1744 conditio:
982 1722 1019 1744 ao
1048 1713 1075 1744 si

99 1754 230 1793 diceret,
254 1765 314 1787 nos
336 1765 374 1787 ea
396 1755 469 1797 lege
491 1766 510 1787 a
526 1754 669 1787 Domino
693 1761 832 1794 vocatos,
855 1761 890 1787 ut
913 1755 1075 1796 patienter

98 1798 242 1830 feramus
265 1798 418 1831 iniurias:
441 1798 712 1839 quemadmodum
736 1799 812 1831 alibi
836 1798 922 1836 dicit,
953 1809 1011 1830 nos
1034 1798 1074 1830 ad

98 1841 159 1873 hoc
174 1840 339 1874 ordinatos
362 1852 440 1874 esse.
471 1841 574 1874 Porro
596 1851 637 1873 ne
660 1842 692 1873 id
715 1842 806 1873 nobis
828 1842 870 1873 sit
891 1841 1075 1879 molestum,

97 1883 248 1924 exemplo
272 1884 396 1917 Christi
425 1895 484 1916 nos
510 1885 704 1917 consolatar.
749 1884 839 1916 Nihil
863 1886 967 1926 magis
989 1884 1074 1916 indi-

96 1937 197 1968 gnum
232 1927 362 1959 videtur
394 1927 466 1959 ideo
501 1928 610 1960 minus
643 1927 827 1966 tolerabile,
868 1938 964 1969 quam
1007 1928 1073 1968 pati

96 1974 228 2011 praeter
262 1971 425 2002 meritum.
477 1969 543 2003 Sed
577 1981 675 2012 quum
710 1971 743 2002 in
773 1971 875 2002 filium
905 1970 967 2002 Dei
997 1981 1073 2002 con-

98 2014 256 2045 vertimus
296 2013 420 2054 oculos,
462 2014 632 2054 mitigatur
673 2014 730 2046 illa
767 2014 936 2046 acerbitas.
992 2012 1074 2053 Quis

97 2056 185 2087 enim
219 2056 329 2096 ipsum
361 2062 568 2096 praeeuntem
601 2058 693 2098 sequi
727 2057 868 2088 renuat?
921 2056 1074 2088 Notanda

97 2103 207 2130 autem
242 2104 290 2130 est
326 2099 483 2139 particula
512 2100 771 2140 relinquens
796 2099 912 2132 vobis
935 2110 1072 2131 exem-

96 2141 217 2182 plum.
253 2141 338 2173 Nam
355 2151 456 2182 quum
480 2141 519 2173 de
542 2143 722 2174 imitatione
746 2143 865 2184 agitur,
890 2141 1074 2175 discernere

96 2193 179 2225 opus
208 2190 257 2216 est
288 2184 365 2225 quid
399 2185 492 2216 nobis
514 2185 549 2216 in
572 2186 757 2226 exemplum
782 2185 932 2217 Christus
956 2196 1073 2227 propo-

96 2227 207 2259 suerit.
248 2227 440 2259 Ambulavit
462 2228 555 2259 siccis
578 2228 712 2269 pedibus
734 2240 832 2270 super
854 2239 954 2267 mare,
978 2239 1072 2260 mun·

98 2269 188 2302 davit
218 2269 369 2310 leprosos,
405 2274 551 2302 mortuos
580 2272 765 2310 suscitavit,
797 2272 899 2304 caecis
930 2272 1075 2303 restituit

97 2313 220 2344 visum:
256 2315 283 2344 si
317 2313 430 2345 eadem
465 2323 525 2344 nos
559 2319 738 2353 tentemus,
772 2320 979 2355 praepostera
1013 2315 1074 2346 erit

97 2355 282 2387 aemulatio.
328 2356 441 2397 Neque
465 2356 551 2387 enim
574 2366 674 2396 quum
697 2358 791 2398 signa
814 2359 974 2398 potentiae
996 2368 1074 2389 suae

98 2398 217 2437 edidit,
256 2398 349 2431 nobis
391 2409 570 2439 proponere
610 2400 712 2431 voluit
744 2401 826 2441 quod
862 2401 1073 2432 imitaremur.

98 2440 186 2473 Hinc
221 2443 340 2473 factum
376 2448 426 2474 est
456 2445 492 2473 ut
521 2442 679 2473 ieiunium
710 2444 925 2483 quadraginta
948 2443 1073 2474 dierum

97 2489 220 2516 temere
250 2485 283 2515 in
312 2484 498 2525 exemplum
524 2485 700 2516 traherent.
745 2487 848 2526 Atqui
871 2486 967 2526 longe
991 2486 1074 2517 alius

97 2531 168 2557 erat
197 2527 281 2558 finis.
327 2527 437 2567 Quare
463 2527 618 2559 iudicium
643 2527 862 2560 adhibendum
887 2535 947 2560 est:
978 2528 1073 2560 sicuti

97 2569 195 2600 etiam
218 2570 336 2601 alicubi
359 2575 471 2601 monet
494 2571 711 2611 Augustinus,
745 2573 821 2603 dum
852 2572 958 2603 locum
981 2571 1072 2602 illum

96 2612 245 2653 exponit:
281 2612 405 2644 Discite
436 2623 456 2644 a
486 2623 536 2644 me
563 2614 646 2653 quod
677 2613 765 2645 mitis
788 2625 860 2645 sum
885 2619 917 2645 et
940 2614 1073 2645 humilis

95 2655 202 2686 corde.
256 2655 365 2696 Atque
398 2655 430 2687 id
467 2666 507 2687 ex
542 2656 633 2688 Petri
666 2657 775 2688 verbis
807 2657 915 2698 colligi
949 2662 1071 2698 potest:

994 201 1144 234 CAPUT
1170 202 1214 235 11.

2040 207 2104 239 250

1129 298 1321 331 discretione
1352 300 1438 331 enim
1462 310 1543 340 opus
1565 310 1634 332 esse
1658 306 1758 339 notat,
1789 311 1887 341 quum
1912 301 2101 332 nominatim

1129 340 1217 380 dicit,
1247 341 1374 374 Christi
1406 343 1593 383 patientiam
1619 343 1710 375 nobis
1734 344 1766 375 in
1791 344 1975 385 exemplum
2000 345 2102 375 statui

1128 384 1213 422 quod
1248 395 1433 425 sequamur.
1483 385 1555 417 Hoc
1588 393 1817 426 argumentum
1851 388 1953 419 fusius
1983 392 2101 418 tractat

1128 425 1260 464 Paulus,
1295 427 1334 458 ad
1360 428 1523 460 Romanos
1551 438 1618 470 cap.
1639 429 1667 464 8,
1692 429 1741 466 29,
1777 440 1874 470 quum
1905 440 2016 461 omnes
2040 429 2102 460 Dei

1128 468 1211 499 filios
1246 470 1488 509 praeordinatos
1521 482 1591 503 esse
1625 472 1716 503 docet
1747 475 1783 502 ut
1812 474 1992 504 conformes
2022 473 2104 503 fiant

1130 510 1256 543 Christi
1287 513 1435 553 imagini,
1477 524 1540 553 quo
1572 515 1614 546 sit
1648 515 1717 555 ipse
1751 515 1985 555 primogenitus
2019 516 2104 547 inter

1128 553 1248 585 multos
1282 556 1406 588 fratres.
1461 556 1548 597 Ergo
1583 561 1620 589 ut
1649 568 1721 589 cum
1754 568 1792 589 eo
1820 559 1979 596 vivamus,
2012 558 2103 598 prius

1128 606 1188 627 nos
1210 607 1362 629 commori
1386 605 1521 639 oportet.

1215 639 1266 670 22.
1303 641 1363 679 Qui
1391 652 1488 681 quum
1512 645 1670 681 peccatum
1698 652 1760 674 non
1787 643 1917 683 fecisset.
1962 643 2033 675 Hoc
2063 643 2104 675 ad

1130 687 1335 722 praesentem
1358 694 1488 715 causam
1515 686 1663 724 pertinet.
1698 685 1782 717 Nam
1806 686 1832 717 si
1856 686 1928 726 quis
1952 685 2103 717 innocen-

1130 725 1209 755 tiam
1234 734 1325 756 suam
1352 726 1456 767 iactet,
1480 727 1630 760 Christus
1654 734 1740 761 certe
1764 729 2008 760 malefactorum
2034 739 2106 768 poe-

1130 777 1207 798 nam
1245 778 1311 798 non
1350 769 1515 801 sustinuit.
1579 771 1786 812 Quamquam
1825 771 1922 803 simul
1964 771 2108 802 ostendit

1131 815 1286 850 quantum
1310 820 1329 841 a
1345 810 1477 842 Christo
1500 813 1664 851 distemus,
1690 824 1789 855 quum
1815 814 1901 851 dicit,
1926 824 1974 845 ne
1998 813 2107 845 dolum

1130 853 1258 893 quidem
1284 853 1507 884 inventum
1542 856 1580 886 in
1604 867 1676 888 ore
1699 857 1800 889 eius.
1846 856 1930 888 Nam
1960 857 2015 897 qui
2046 857 2107 887 lin-

1130 906 1196 936 gua
1219 906 1282 926 non
1307 895 1476 936 delinquit,
1501 897 1552 929 hic
1576 900 1734 938 perfectus
1758 905 1815 937 est,
1840 905 1876 931 ut
1898 901 2002 940 inquit
2019 899 2107 931 Iaco-

1131 939 1189 970 bus
1213 938 1256 979 (3,
1273 937 1317 980 2).
1355 938 1526 971 Summam
1552 951 1628 981 ergo
1652 942 1854 974 innocentiae
1877 943 2106 983 perfectionem

1130 982 1161 1012 in
1187 981 1322 1013 Christo
1347 981 1446 1013 fuisse
1470 989 1570 1020 notat,
1601 994 1696 1023 quam
1721 996 1814 1016 nemo
1838 991 1985 1016 nostrum
2015 995 2106 1016 arro-

1130 1034 1208 1065 gare
1232 1025 1293 1056 sibi
1317 1025 1411 1056 ausit.
1457 1025 1545 1056 Hinc
1568 1026 1685 1057 melius
1709 1034 1841 1067 apparet
1865 1038 1960 1068 quam
1985 1028 2104 1060 iniuste

1131 1077 1244 1107 passus
1267 1068 1309 1099 sit
1332 1077 1409 1108 prae
1431 1068 1504 1098 aliis
1529 1068 1688 1100 omnibus.
1723 1070 1865 1101 Proinde
1889 1082 1952 1102 non
1977 1076 2026 1102 est
2049 1080 2106 1101 our

1130 1115 1257 1142 recuset
1280 1111 1450 1150 quisquam
1475 1118 1622 1142 nostrum
1640 1112 1788 1152 exemplo
1811 1114 1879 1144 eius
1899 1114 1983 1152 pati:
2006 1124 2107 1154 quan-

1131 1153 1302 1193 doquidem
1334 1164 1431 1184 nemo
1463 1153 1542 1185 adeo
1572 1154 1633 1186 sibi
1657 1155 1738 1186 bene
1767 1157 1913 1187 conscius
1940 1162 1997 1193 est,
2029 1157 2105 1197 quin

1130 1196 1210 1228 vitio
1233 1196 1341 1236 aliquo
1365 1196 1498 1227 laboret.

1216 1239 1265 1271 23.
1294 1239 1397 1278 Quum
1415 1239 1529 1279 probro
1551 1239 1738 1279 afficeretur.

1130 1286 1200 1313 trus
1224 1282 1301 1322 quid
1326 1293 1384 1314 nos
1406 1283 1439 1313 in
1463 1282 1596 1314 Christo
1630 1283 1742 1315 deceat
1764 1284 1900 1314 imitari:
1932 1295 2048 1324 nempe
2071 1288 2107 1315 ut

1130 1325 1255 1366 placide
1289 1326 1432 1356 feramus
1463 1326 1609 1363 iniurias,
1644 1336 1702 1357 nec
1737 1326 1776 1357 de
1807 1326 1870 1357 illis
1904 1326 2106 1358 vindicandis

1129 1369 1319 1409 cogitemus.
1358 1368 1409 1399 Ita
1432 1369 1519 1399 enim
1543 1369 1604 1400 fert
1626 1369 1794 1410 ingenium
1819 1374 1974 1408 nostrum,
1999 1375 2032 1400 ut
2055 1380 2105 1401 ac-

1129 1418 1222 1452 cepta
1238 1411 1365 1448 iniuria,
1384 1412 1533 1451 protinus
1550 1412 1650 1443 animi
1667 1412 1824 1443 ebulliant
1839 1413 1878 1443 ad
1896 1411 2105 1452 cupiditatem

1131 1454 1308 1485 vindictae:
1344 1459 1378 1485 at
1408 1454 1563 1485 Christus
1596 1454 1637 1486 ab
1667 1456 1756 1486 omni
1788 1455 1906 1486 talione
1940 1455 2104 1487 abstinuit.

1129 1497 1317 1529 Fraenandi
1340 1497 1441 1537 igitur
1469 1502 1546 1528 sunt
1569 1498 1680 1537 animi,
1711 1509 1752 1530 ne
1781 1498 1904 1530 malum
1934 1509 1991 1538 pro
2021 1498 2106 1530 malo

1129 1540 1308 1581 rependere
1331 1545 1495 1580 appetant.

1217 1583 1355 1615 Causam
1377 1593 1448 1614 vero
1470 1583 1709 1615 commendabat.
1751 1583 1877 1615 Nomen
1901 1593 2017 1615 causae
2040 1594 2105 1615 non

1130 1627 1314 1667 exponitur,
1331 1625 1387 1657 sed
1404 1625 1496 1658 facile
1511 1626 1713 1667 subintelligi
1730 1630 1846 1667 potest.
1881 1627 1982 1658 Addit
1997 1633 2106 1658 autem

1129 1669 1190 1701 hoc
1214 1670 1333 1701 Petrus
1363 1669 1402 1700 ad
1428 1670 1553 1709 piorum
1582 1670 1847 1709 consolationem,
1876 1670 1971 1710 quod,
2002 1670 2029 1701 si
2053 1680 2105 1710 pa-

1129 1713 1247 1744 tienter
1263 1712 1370 1744 ferant
1393 1712 1566 1752 impiorum
1583 1712 1700 1752 probra
1723 1718 1756 1744 et
1775 1713 1974 1750 violentiam,
2000 1713 2105 1743 Deum

1129 1755 1271 1787 habituri
1306 1757 1373 1787 sint
1407 1755 1577 1788 vindicem.
1640 1756 1734 1787 Esset
1768 1757 1853 1787 enim
1888 1756 1975 1787 istud
2010 1755 2104 1786 valde

1129 1798 1256 1838 durum,
1290 1798 1404 1830 subiici
1438 1808 1497 1830 nos
1531 1798 1752 1838 improborum
1786 1799 1929 1836 libidini,
1967 1803 2000 1828 et
2032 1797 2104 1829 Deo

1128 1852 1225 1873 curae
1249 1852 1313 1873 non
1337 1851 1406 1873 esse
1433 1848 1562 1873 nostras
1585 1843 1742 1874 miserias.
1787 1841 1861 1872 Ideo
1890 1840 2012 1881 insigni
2041 1840 2104 1872 hoc

1127 1885 1273 1925 epitheto
1296 1884 1404 1915 Deum
1428 1890 1522 1915 ornat
1546 1884 1676 1921 Petrus,
1698 1885 1782 1925 quod
1806 1886 1888 1915 iuste
1907 1883 2042 1914 iudicet:
2067 1893 2104 1915 30

1127 1929 1153 1959 si
1178 1927 1312 1959 diceret:
1337 1927 1493 1959 Nostrum
1517 1935 1566 1959 est
1589 1938 1692 1968 aequo
1715 1928 1823 1959 animo
1843 1926 1927 1957 mala
1946 1926 2100 1957 tolerare:

1128 1970 1218 2002 Deus
1242 1971 1366 2002 interea
1390 1976 1499 2011 partes
1521 1980 1598 2002 suas
1621 1982 1686 2002 non
1712 1970 1864 2010 negliget,
1888 1969 1965 2009 quin
1985 1979 2019 2000 se
2035 1969 2101 2000 ius-

1127 2020 1197 2045 tum
1221 2013 1358 2045 iudicem
1386 2013 1547 2045 ostendat.
1595 2014 1683 2054 Ergo
1713 2020 1875 2052 utcunque
1905 2012 1945 2043 ad
1974 2016 2103 2051 tempus

1127 2056 1301 2088 lasciviant
1330 2057 1476 2096 improbi,
1511 2068 1574 2088 non
1605 2063 1712 2088 tamen
1743 2056 1877 2096 impune
1906 2055 1969 2086 illis
1999 2055 2101 2092 cedet,

1128 2100 1212 2140 quod
1243 2109 1329 2131 nunc
1356 2099 1420 2130 Dei
1451 2100 1526 2131 filiis
1556 2100 1683 2131 molesti
1713 2099 1787 2130 sint.
1840 2098 1908 2129 Nec
1937 2103 1986 2129 est
2017 2097 2102 2138 quod

1127 2143 1186 2174 sibi
1210 2143 1253 2182 pii
1277 2147 1435 2180 metuant,
1463 2143 1554 2183 quasi
1581 2142 1727 2173 destituti
1755 2146 1865 2172 essent
1894 2141 1982 2172 omni
2014 2150 2102 2180 prae-

1127 2185 1219 2217 sidio.
1257 2185 1340 2216 Nam
1365 2196 1463 2225 quum
1489 2186 1549 2217 Dei
1573 2186 1713 2217 officium
1737 2185 1780 2215 sit
1803 2184 1886 2215 tueri
1910 2194 1974 2221 eos,
1998 2189 2031 2214 et
2053 2183 2100 2222 ip-

1127 2239 1234 2260 sorum
1258 2238 1389 2260 causam
1413 2229 1588 2269 suscipere,
1616 2229 1650 2259 in
1684 2227 1839 2267 patientia
1870 2237 1928 2257 sua
1960 2225 2100 2266 posside-

1128 2272 1208 2303 bunt
1231 2271 1357 2302 animas
1379 2282 1465 2303 suas.
1510 2271 1614 2303 Porro
1641 2270 1736 2302 sicuti
1759 2280 1824 2301 non
1848 2279 1963 2309 parum
1987 2278 2100 2300 conso-

1127 2314 1256 2346 lationis
1286 2314 1381 2345 affert
1411 2314 1491 2346 haec
1519 2314 1680 2346 doctrina:
1714 2313 1760 2343 ita
1791 2313 1830 2343 ad
1866 2311 2039 2352 placandos
2069 2316 2102 2342 et

1128 2357 1304 2389 domandos
1333 2358 1440 2388 carnis
1469 2358 1610 2397 impetus
1640 2357 1813 2396 plurimum
1846 2355 1944 2386 valet.
1998 2354 2101 2385 Nemo

1127 2401 1213 2432 enim
1238 2401 1271 2430 in
1295 2399 1390 2430 fidem
1407 2410 1444 2432 ac
1465 2400 1680 2440 patrocinium
1700 2398 1761 2429 Dei
1781 2399 1967 2429 recumbere
1985 2402 2100 2437 potest,

1127 2444 1188 2475 nisi
1211 2443 1265 2483 qui
1297 2447 1466 2474 mansueto
1497 2445 1605 2474 animo
1633 2447 1797 2481 exspectat
1827 2441 1897 2471 eius
1931 2440 2100 2471 iudicium.

1126 2487 1209 2518 Nam
1241 2486 1294 2526 qui
1325 2485 1364 2516 ad
1397 2486 1571 2517 vindictam
1603 2485 1739 2525 prosilit,
1774 2490 1909 2523 occupat
1938 2483 2007 2523 ipse
2038 2482 2100 2514 Dei

1127 2518 1221 2568 vices,
1252 2538 1310 2559 nec
1333 2528 1454 2568 patitur
1476 2528 1583 2559 Deum
1609 2527 1695 2567 quod
1719 2528 1768 2558 sui
1792 2527 1890 2558 otfioii
1913 2532 1970 2564 est,
1993 2535 2099 2566 agere.

1126 2572 1199 2611 Quo
1230 2572 1361 2611 respicit
1391 2572 1487 2602 etiam
1519 2571 1597 2602 illud
1631 2570 1741 2601 Pauli:
1776 2569 1863 2600 Date
1895 2569 1998 2600 locum
2030 2569 2098 2599 irae

1125 2615 1233 2656 (Rom.
1252 2614 1300 2653 12,
1324 2614 1366 2656 9).
1406 2614 1578 2654 Significat
1601 2614 1685 2644 enim
1709 2614 1800 2653 quasi
1825 2613 1908 2644 viam
1934 2610 2098 2652 praecludi

1125 2659 1196 2690 Deo
1219 2668 1259 2689 ne
1282 2658 1350 2698 ipse
1373 2657 1501 2695 iudicet,
1525 2667 1626 2697 quum
1650 2657 1711 2697 ipsi
1739 2655 1985 2688 antevertimus.
2031 2654 2097 2686 lta-

1787 1240 1851 1272 Hic
1875 1240 2022 1282 designat
2045 1241 2104 1273 Pe-
