2513 3126
128 209 190 241 457

129 317 301 348 oppressus
330 310 415 339 erat:
447 305 622 337 Dominum
653 306 763 335 tamen
790 302 865 334 huic
889 302 973 333 malo
996 312 1099 333 reme-

129 351 217 382 dium
250 350 375 388 afferre,
408 348 484 380 dum
514 349 614 380 facem
644 345 790 378 accendit
819 356 900 385 quae
930 345 963 376 in
995 344 1100 376 media

129 394 267 434 caligine
290 404 349 425 nos
368 391 497 432 dirigat.
531 390 617 422 Huic
637 393 744 420 tamen
761 388 954 428 expositioni
971 387 1100 419 videtur

130 446 200 468 esse
223 436 329 467 minus
350 439 600 467 consentaneum
620 431 703 472 quod
727 431 766 462 de
789 431 921 463 lucifero
944 441 1020 462 mox
1043 440 1098 461 an-

131 478 242 511 nectit.
286 478 400 518 Neque
430 477 515 508 enim
541 473 644 506 solida
667 474 817 515 cognitio,
848 473 886 505 ad
911 484 1005 514 quam
1030 477 1099 504 tota

129 522 197 554 vita
227 521 399 557 tendimus,
430 518 491 550 diei
521 516 714 558 principium
738 517 848 548 vocari
872 521 988 556 potest.
1033 516 1098 546 Re-

129 564 280 605 spondeo,
303 574 367 595 non
390 563 473 593 inter
488 571 522 592 se
538 559 676 591 conferri
693 559 754 590 diei
773 565 896 600 partes:
921 558 977 590 sed
994 563 1096 590 totum

130 606 214 639 diem
238 616 310 638 cum
333 604 400 637 suis
423 603 567 644 partibus
590 602 719 643 caligini
735 602 863 642 opponi,
887 612 968 642 quae
985 611 1098 632 omnes

129 659 244 681 sensus
267 654 393 680 nostros
415 646 545 687 penitus
563 645 724 682 obrueret,
749 645 810 676 nisi
831 645 922 676 nobis
938 644 1098 676 Dominus

130 692 316 724 subveniret
347 689 435 721 verbi
465 689 513 720 sui
544 688 623 720 luce.
669 687 813 728 Insignis
842 690 892 719 est
922 687 975 719 hic
997 687 1096 724 locus,

129 734 215 766 unde
244 734 395 765 discimus
425 731 583 772 quomodo
614 741 672 762 nos
704 730 793 761 Deus
823 731 990 770 gubernet.
1036 730 1097 761 Pa-

128 778 230 818 pistae
252 774 426 807 identidem
450 775 484 805 in
507 783 562 805 ore
580 773 710 811 habent,
734 772 901 805 ecclesiam
923 783 988 804 non
1006 782 1097 813 posse

129 829 247 851 errare.
280 818 408 849 Interea
432 817 605 858 praeterito
621 816 728 854 verbo,
751 816 839 847 illam
864 816 931 857 regi
947 826 966 846 a
981 815 1097 856 spiritu

128 863 262 903 fingunt.
297 860 416 892 Petrus
439 864 547 891 autem
571 863 692 896 contra,
716 860 747 890 in
773 859 915 890 tenebris
935 858 1097 890 demersos

128 915 197 936 esse
219 913 331 935 omnes
354 902 544 942 pronuntiat
567 902 623 942 qui
642 911 705 933 non
723 902 840 933 intenti
855 907 932 933 sunt
950 901 990 932 ad
1007 901 1097 933 verbi

127 947 300 979 lucernam.
347 946 436 986 Ergo
466 945 528 976 nisi
557 950 672 985 sponte
702 945 737 975 in
770 944 991 985 labyrinthum
1021 955 1097 976 con-

125 990 220 1021 iicere
251 994 282 1020 te
314 989 410 1028 velis,
445 987 625 1019 cavendum
655 997 858 1027 summopere
892 997 931 1018 ne
961 997 980 1018 a
1008 986 1097 1018 verbi

127 1031 302 1063 directione
326 1031 379 1063 vel
403 1031 566 1062 tantillum
591 1030 741 1062 declines.
782 1030 853 1062 Imo
877 1030 1011 1062 ecclesia
1034 1040 1097 1061 non

125 1074 220 1106 aliter
243 1074 357 1106 ducem
377 1078 484 1114 potest
500 1073 606 1104 Deum
623 1074 724 1113 sequi,
748 1073 810 1104 nisi
827 1073 914 1105 hunc
933 1072 1098 1114 regiminis

125 1118 260 1148 modum
284 1117 443 1149 observet.
488 1116 560 1147 Hac
583 1126 708 1156 quoque
735 1116 897 1147 sententia
918 1118 1019 1147 totam
1044 1115 1098 1147 ho-

128 1160 254 1191 minum
278 1160 470 1201 sapientiam
495 1159 627 1190 damnat
642 1159 770 1197 Petrus,
794 1164 830 1190 ut
854 1158 983 1190 aliunde
1002 1168 1097 1198 quam

130 1213 172 1234 ex
195 1203 322 1243 proprio
345 1212 442 1234 sensu
470 1206 579 1243 petere
607 1202 776 1233 humiliter
803 1202 963 1233 discamus
987 1211 1098 1233 veram

126 1244 328 1286 intelligendi
362 1245 518 1285 regulam.
584 1244 668 1276 Nam
707 1248 799 1275 extra
842 1244 976 1275 verbum
1015 1243 1098 1275 nihil

126 1288 309 1320 hominibus
340 1293 470 1328 praeter
499 1287 651 1319 tenebras
683 1287 844 1327 reliquum
868 1287 953 1319 facit.
999 1287 1097 1318 Prae·

128 1335 214 1362 terea
237 1333 350 1362 notatu
375 1330 509 1371 dignum
534 1334 583 1361 est
598 1329 680 1369 quod
701 1330 739 1361 de
756 1331 935 1370 scripturae
951 1330 1098 1361 claritate

126 1374 325 1414 pronuntiat.
377 1373 512 1404 Falsum
543 1373 629 1404 enim
665 1378 750 1404 esset
783 1373 965 1404 encomium
1000 1373 1098 1412 istud,

125 1417 187 1448 nisi
222 1416 261 1448 ad
296 1415 543 1447 monstrandam
577 1420 664 1447 certo
696 1415 789 1447 nobis
819 1415 905 1446 viam
937 1415 1098 1456 scriptura

124 1459 242 1491 idonea
275 1463 307 1490 et
340 1469 398 1499 par
432 1463 525 1490 esset.
578 1458 667 1499 Ergo
701 1458 845 1499 quisquis
879 1459 988 1490 oculos
1022 1459 1098 1490 fidei

123 1501 307 1534 obedientia
337 1501 469 1542 aperiet,
500 1501 569 1542 ipso
597 1501 820 1541 experimento
849 1505 1003 1542 agnoscet
1032 1512 1097 1532 non

123 1544 245 1576 frustra
268 1544 447 1585 scripturae
470 1544 658 1584 impositum
682 1544 779 1575 fuisse
802 1544 952 1576 lucernae
968 1555 1097 1576 nomen.

124 1587 305 1619 Incredulis
335 1587 465 1628 quidem
496 1588 631 1619 obscura
660 1592 717 1624 est,
748 1587 803 1618 sed
834 1588 889 1627 qui
919 1588 1019 1619 exitio
1043 1587 1096 1618 de-

124 1630 199 1667 voti,
231 1634 346 1670 sponte
369 1631 561 1661 caecutiunt.
607 1629 716 1669 Quare
738 1630 946 1661 exsecrabilis
968 1636 1017 1662 est
1041 1640 1096 1670 pa-

124 1673 284 1713 pistarum
309 1672 517 1714 blasphemia,
541 1673 597 1712 qui
615 1673 794 1713 scripturae
813 1672 886 1704 luce
902 1673 983 1704 nihil
999 1684 1096 1713 quam

123 1715 234 1747 oculos
264 1717 439 1756 perstringi
466 1716 608 1755 fingunt,
639 1722 674 1746 ut
703 1716 742 1746 ab
766 1716 834 1747 eius
858 1715 995 1747 lectione
1018 1716 1096 1748 sim-

125 1758 224 1799 plices
254 1758 468 1790 absterreant.
514 1758 578 1790 Sed
610 1758 689 1789 nihil
717 1759 837 1790 mirum
870 1763 918 1790 est
941 1758 1095 1799 superbos

122 1801 270 1832 homines
304 1806 336 1832 et
370 1812 542 1841 perversae
575 1801 789 1832 confidentiae
824 1807 921 1833 vento
954 1802 1095 1841 inflatos,

123 1854 194 1875 eam
218 1844 323 1875 lucem
348 1855 411 1875 non
436 1844 545 1876 videre
568 1854 630 1883 qua
653 1843 813 1876 Dominus
836 1844 921 1875 solos
945 1845 1095 1885 parvulos

123 1891 155 1918 et
185 1886 324 1918 humiles
358 1887 521 1928 dignatur.
566 1886 687 1918 Eodem
718 1887 822 1928 elogio
852 1888 959 1919 David
989 1888 1095 1929 legem

123 1928 186 1960 Dei
207 1930 420 1968 commendat,
443 1930 575 1961 Psalmo
598 1930 637 1961 19
660 1934 691 1961 et
715 1930 786 1962 119.

208 1971 259 2004 20.
294 1972 360 2004 Hoc
386 1973 530 2012 primum
563 1973 689 2013 coquito.
743 1973 807 2004 Hic
838 1973 951 2013 incipit
981 1973 1095 2006 docere

122 2014 242 2046 Petrus
272 2015 409 2055 qualiter
431 2025 492 2047 nos
515 2021 716 2056 comparatos
739 2016 856 2048 animis
879 2026 948 2047 esse
972 2017 1093 2056 deceat,

122 2057 150 2089 si
173 2058 233 2089 rite
258 2057 404 2090 volumus
428 2059 461 2089 in
485 2059 648 2099 scriptura
673 2059 838 2099 proficere.
886 2059 1092 2098 Quamquam

121 2104 227 2140 potest
250 2110 319 2132 esse
341 2100 459 2140 duplex
483 2101 655 2133 verborum
679 2102 834 2143 sensus¹),
856 2102 886 2133 si
909 2101 1094 2144 ἐπηλύσεως

122 2143 216 2184 legas,
245 2146 279 2174 ut
310 2143 449 2183 quidam,
479 2144 562 2183 quod
591 2146 635 2175 est
665 2144 813 2183 impetus:
845 2147 964 2176 tantum
992 2148 1094 2177 tamen

121 2185 180 2227 leyi
201 2185 385 2226 ἐπιλύσεως,
407 2187 488 2226 quod
502 2187 782 2226 interpretationem
803 2188 974 2229 siqnifieat:
996 2192 1094 2229 atque

122 2229 166 2260 ita
195 2229 262 2260 fere
289 2239 402 2261 omnes
432 2229 608 2269 accipiunt,
639 2230 723 2270 quod
752 2241 817 2261 non
849 2231 1022 2263 debeamus
1053 2231 1093 2263 ad

122 2272 315 2313 scripturam
357 2271 526 2313 legendam
567 2276 688 2304 temere
725 2273 923 2314 irrumpere,
962 2274 1092 2315 proprio

124 2324 221 2346 sensu
255 2316 379 2347 confisi.
434 2315 723 2347 Confirmationem
758 2315 854 2347 huius
892 2316 967 2348 dicti
1001 2317 1093 2357 sequi

123 2361 256 2396 putant:
290 2358 365 2398 quia
393 2358 537 2399 spiritus,
571 2358 626 2398 qui
650 2368 706 2398 per
736 2358 908 2399 prophetas
938 2359 1093 2400 loquutus

124 2403 181 2437 est,
211 2400 252 2431 sit
281 2401 366 2432 idem
397 2402 512 2433 unicus
535 2401 585 2432 sui
609 2401 778 2441 interpres.
822 2402 913 2433 Haec
935 2403 1093 2442 expositio

124 2452 235 2474 veram
257 2448 290 2474 et
312 2444 397 2484 piam
420 2448 451 2476 et
474 2444 605 2475 uberem
629 2444 809 2476 doctrinam
832 2444 987 2484 continet,
1016 2450 1093 2478 tunc

124 2484 253 2516 demum
288 2496 361 2517 cum
391 2487 496 2519 fructu
527 2487 590 2527 legi
622 2486 823 2527 prophetias,
857 2487 912 2519 ubi
947 2487 1093 2520 abdicato

124 2527 230 2559 carnis
253 2538 361 2567 sensu,
391 2530 524 2570 spiritus
547 2530 650 2562 sancti
674 2530 860 2571 magisterio
883 2541 941 2562 nos
964 2531 1092 2563 subiici-

124 2663 131 2668 ·
211 2630 233 2660 ¹)
249 2628 319 2668 Nam
338 2630 460 2662 ἐπίλυσις
477 2632 532 2657 tam
549 2633 637 2659 motus
655 2633 684 2658 et
695 2631 811 2666 impetus
824 2632 933 2660 Graecis
946 2634 994 2666 est,
1015 2640 1092 2666 quam

122 2664 319 2697 interpretatio.

1011 204 1161 236 CAPUT
1186 205 1229 236 ΙΙ.

2057 210 2120 242 458

1152 313 1240 333 mus:
1279 302 1412 343 impiam
1447 313 1524 334 vero
1556 315 1626 336 esse
1655 306 1723 337 eius
1758 306 2032 346 profanationem,
2067 307 2120 338 ubi

1152 350 1341 385 arroganter
1374 356 1509 377 acumen
1547 352 1693 379 nostrum
1732 349 1910 389 ingerimus
1943 349 1982 380 ad
2017 350 2120 389 ipsam

1152 387 1408 429 intelligendam,
1439 398 1540 428 quum
1572 391 1725 430 mysteria
1749 392 1810 422 Dei
1837 393 2001 423 contineat
2030 393 2120 424 carni

1152 435 1280 462 nostrae
1303 431 1498 468 abscondita,
1522 442 1558 463 ac
1581 431 1734 464 sublimes
1752 435 1838 465 vitae
1863 435 2029 466 thesauros
2054 445 2120 466 mo-

1152 473 1262 504 dulum
1297 479 1444 505 nostrum
1479 474 1574 515 longe
1608 480 1809 515 superantes.
1865 479 1972 518 Atque
2006 477 2037 508 id
2072 480 2121 509 est

1151 515 1234 555 quod
1266 516 1417 555 diximus,
1447 516 1550 549 lucem
1575 527 1657 558 quae
1680 519 1711 549 in
1733 528 1771 549 ea
1794 519 1939 560 refulget,
1971 520 2011 551 ad
2035 520 2121 552 solos

1151 558 1292 590 humiles
1316 560 1495 599 pervenire.
1531 560 1633 592 Porro
1657 560 1705 592 bis
1728 561 1842 592 insulsi
1866 569 1942 593 sunt
1966 563 2120 603 papistae,

1151 601 1228 632 dum
1260 601 1335 633 hinc
1366 602 1536 643 colligunt,
1566 603 1689 634 nullam
1713 604 1832 643 privati
1857 604 1996 636 hominis
2020 606 2121 637 inter-

1151 644 1363 683 pretationem
1385 645 1500 677 debere
1530 645 1751 678 authenticam
1775 647 1908 678 censeri.
1954 648 2037 679 Nam
2062 649 2121 681 hoc

1151 686 1242 717 Petri
1272 688 1454 719 testimonio
1485 689 1673 729 abutuntur,
1704 694 1739 720 ut
1766 690 1834 721 suis
1865 690 2009 721 conciliis
2032 702 2119 722 sum-

1151 739 1240 760 mum
1274 730 1325 761 ius
1358 731 1622 771 interpretandae
1655 732 1834 772 scripturae
1865 738 2028 773 arrogent.
2081 734 2121 765 Iu

1151 782 1215 812 quo
1237 782 1316 803 sane
1338 774 1506 812 pueriliter
1529 774 1699 814 ineptiunt.
1746 775 1829 806 Nam
1853 775 1970 806 Petrus
1993 776 2121 807 inter-

1152 815 1429 855 pretationem
1453 821 1546 848 vocat
1574 817 1796 857 privatam,
1827 828 1892 849 non
1915 818 2121 850 uniuscuius-

1150 867 1212 898 que
1236 857 1387 899 hominis‚
1411 862 1446 889 ut
1468 859 1613 900 singulos
1637 865 1762 891 tantum
1785 861 1824 892 ab
1846 861 1916 900 ipsa
1938 861 2119 901 prohibeat:

1150 900 1206 931 sed
1235 901 1404 941 profanum
1437 912 1506 933 esse
1535 902 1626 934 docet
1657 903 1811 943 quidquid
1835 903 1873 934 de
1897 914 1954 935 suo
1981 904 2123 935 afferunt

1152 943 1308 975 homines.
1342 944 1431 984 Ergo
1453 949 1489 976 ut
1510 950 1596 976 totus
1620 945 1760 977 mundus
1781 947 1812 977 in
1831 957 1931 977 unum
1948 947 2123 988 conspiret,

1151 991 1329 1027 cunctaque
1352 987 1521 1019 hominum
1544 988 1677 1028 ingenia
1699 989 1793 1020 simul
1817 989 2004 1026 coalescant,
2032 989 2123 1030 quid-

1151 1029 1227 1069 quid
1257 1034 1366 1061 tamen
1396 1030 1470 1062 inde
1498 1031 1652 1070 prodibit,
1687 1032 1850 1071 privatum
1882 1033 1943 1063 erit
1966 1032 2017 1064 vel
2050 1042 2123 1072 pro-

1151 1073 1276 1113 prium:
1301 1073 1376 1112 quia
1400 1083 1516 1104 nomen
1540 1074 1601 1105 hoc
1623 1074 1753 1106 divinae
1777 1074 1967 1106 revelationi
1991 1075 2123 1115 opponi-

1153 1121 1222 1154 tur,
1261 1115 1336 1146 dum
1371 1116 1490 1156 spiritu
1524 1122 1636 1148 sancto
1671 1117 1759 1148 intus
1794 1117 1971 1149 illuminati
2005 1117 2126 1157 fideles,

1153 1157 1307 1198 quidnam
1339 1159 1437 1190 verbo
1465 1169 1523 1190 suo
1552 1159 1631 1191 velit
1662 1160 1761 1197 Deus,
1795 1166 1985 1201 agnoscunt.
2039 1161 2126 1192 Mihi

1152 1206 1260 1232 tamen
1284 1201 1459 1242 simplicior
1475 1202 1603 1233 videtur
1626 1203 1706 1234 alter
1726 1213 1848 1241 sensus,
1871 1208 1908 1234 ut
1924 1204 2120 1244 scripturam

1152 1243 1270 1276 Petrus
1298 1254 1364 1275 non
1395 1244 1594 1285 humanitus,
1625 1246 1678 1277 vel
1708 1245 1850 1277 humano
1876 1245 2021 1286 impulsu
2049 1256 2122 1286 pro-

1152 1286 1253 1318 ditam
1284 1287 1382 1318 fuisse
1411 1287 1503 1319 dicat.
1549 1288 1724 1328 Nunquam
1749 1289 1835 1320 enim
1858 1288 1898 1319 ad
1922 1299 1993 1320 eam
2016 1289 2125 1329 legen-

1151 1330 1226 1361 dam
1262 1330 1342 1361 bene
1376 1335 1586 1371 praeparatus
1619 1331 1764 1370 accedes,
1798 1331 1862 1362 nisi
1896 1333 2123 1371 reverentiam,

1150 1373 1352 1414 obsequium,
1384 1383 1419 1405 ac
1443 1373 1639 1405 docilitatem
1663 1374 1789 1406 afferas.
1835 1374 1939 1405 Porro
1963 1374 2050 1405 iusta
2073 1385 2123 1405 re-

1151 1417 1296 1447 verentia
1311 1415 1386 1447 inde
1403 1417 1558 1453 nascitur,
1582 1427 1680 1456 quum
1698 1417 1871 1448 statuimus
1886 1416 1994 1448 Deum
2015 1417 2122 1448 nobis-

1150 1468 1223 1490 cum
1247 1459 1345 1499 loqui,
1374 1470 1440 1490 non
1464 1459 1611 1490 homines
1635 1460 1798 1492 mortales.
1844 1459 1884 1491 In
1907 1460 2021 1500 primis
2044 1469 2122 1501 ergo

1150 1502 1238 1533 iubet
1261 1502 1390 1542 Petrus,
1419 1502 1515 1533 fidem
1539 1502 1718 1543 prophetiis
1742 1503 1862 1540 haberi,
1894 1508 2048 1543 tanquam
2071 1503 2121 1534 in-

1150 1544 1256 1576 dubiis
1281 1544 1342 1576 Dei
1372 1545 1526 1577 oraculis:
1557 1546 1631 1585 quia
1661 1556 1725 1576 non
1748 1546 1904 1577 fluxerint
1927 1557 1968 1577 ex
1991 1546 2121 1586 proprio

1150 1587 1318 1619 hominum
1343 1593 1440 1619 motu.
1486 1587 1609 1619 Eodem
1632 1592 1757 1628 spectat
1779 1588 1863 1629 quod
1887 1599 1962 1620 mox
1981 1588 2118 1626 subiicit,

1150 1631 1233 1671 quod
1265 1631 1401 1662 sancti
1431 1630 1509 1662 Dei
1538 1631 1723 1663 homines
1754 1631 1907 1672 spiritu
1933 1631 2122 1671 impulsi,

1150 1674 1313 1714 loquuti
1341 1675 1445 1706 sint:
1475 1684 1542 1705 non
1565 1679 1672 1705 autem
1696 1678 1812 1714 sponte
1834 1674 1888 1706 vel
1910 1685 1968 1707 suo
1989 1673 2121 1706 arbitrio

1148 1718 1329 1749 effutierint
1362 1728 1421 1749 sua
1453 1722 1646 1748 commenta.
1698 1716 1834 1749 Summa
1862 1722 1924 1756 est,
1959 1717 2019 1748 hoc
2051 1727 2121 1749 esse

1148 1765 1255 1792 rectae
1275 1760 1512 1800 intelligentiae
1542 1760 1682 1797 initium,
1715 1760 1791 1791 dum
1814 1759 1920 1797 fidem,
1945 1770 2026 1800 quae
2049 1759 2120 1791 Deo

1148 1804 1293 1841 debetur,
1324 1803 1498 1835 tribuimus
1521 1803 1642 1835 sanctis
1666 1803 1735 1834 eius
1762 1802 1938 1843 prophetis.
1983 1801 2121 1835 Sanctos

1148 1847 1209 1878 Dei
1244 1846 1391 1878 homines
1425 1845 1580 1886 appellat,
1616 1846 1670 1886 qui
1700 1846 1882 1877 iniunctum
1910 1845 1970 1877 sibi
2000 1855 2120 1877 munus

1147 1890 1286 1921 fideliter
1323 1894 1551 1929 exsequentes,
1590 1889 1734 1920 divinam
1772 1889 1805 1919 in
1843 1899 1902 1920 suo
1940 1888 2122 1920 ministerio

1147 1943 1319 1974 personam
1350 1932 1575 1963 sustinuerint.
1621 1931 1785 1972 Impulsos
1815 1931 1914 1962 fuisse
1937 1931 2024 1971 dicit,
2055 1941 2121 1962 non

1147 1975 1233 2016 quod
1266 1979 1375 2006 mente
1406 1975 1538 2006 alienati
1570 1974 1688 2006 fuerint
1716 1974 1857 2015 (qualem
1886 1974 1920 2005 in
1949 1974 2017 2005 suis
2046 1983 2121 2014 pro·

1147 2018 1252 2059 phetis
1275 2017 1508 2059 ἐνθουσιασμὸν
1532 2017 1661 2058 fingunt
1683 2016 1834 2058 gentiles)
1862 2016 1918 2048 sed
1941 2016 2016 2057 quia
2039 2015 2121 2048 nihil

1147 2072 1165 2093 a
1187 2072 1222 2093 se
1252 2062 1330 2102 ipsis
1359 2062 1428 2092 ausi
1457 2060 1596 2092 fuerint:
1628 2064 1757 2091 tantum
1784 2059 1972 2091 obedienter
1994 2059 2121 2099 sequuti

1147 2105 1213 2136 sint
1236 2105 1387 2144 spiritum
1411 2103 1537 2142 ducem,
1567 2103 1623 2143 qui
1646 2103 1679 2134 in
1701 2103 1842 2143 ipsorum
1867 2113 1931 2141 ore,
1964 2104 2120 2142 tanquam

1147 2147 1179 2178 in
1196 2158 1254 2179 suo
1271 2147 1420 2183 sacrario,
1445 2147 1613 2187 regnabat.
1649 2145 1919 2186 Prophetiam
1940 2146 2120 2185 scripturae

1146 2190 1301 2231 intellige,
1325 2200 1407 2230 quae
1429 2190 1462 2221 in
1486 2189 1656 2229 scripturis
1679 2188 1778 2220 sacris
1801 2188 1993 2220 continetur.

1506 2343 1687 2384 CAPUT
1707 2343 1760 2382 ll.

1232 2447 1259 2477 1.
1283 2445 1427 2478 Fuerant
1455 2449 1558 2478 autem
1585 2448 1611 2478 et
1638 2444 1715 2485 falsi
1738 2443 1908 2483 prophetae
1929 2444 1964 2475 in
1981 2443 2113 2483 populo.-

1144 2489 1235 2520 sicuti
1257 2491 1284 2520 et
1305 2489 1385 2520 inter
1405 2499 1459 2521 vos
1481 2491 1570 2521 erunt
1590 2488 1669 2529 falsi
1683 2487 1821 2519 doctores
1838 2487 1893 2526 qui
1911 2485 2113 2518 subinducant

1143 2534 1240 2564 sectas
1264 2532 1470 2571 perditionis:
1500 2533 1592 2564 etiam
1614 2530 1794 2570 Dominum,
1824 2530 1879 2569 qui
1901 2539 1950 2561 eos
1972 2529 2111 2569 redemit,

1143 2574 1337 2616 abneyantes,
1367 2577 1552 2607 accersentes
1579 2573 1641 2605 sibi
1662 2573 1786 2605 celerem
1806 2572 1972 2604 interitum.
2016 2572 2045 2603 2.
2070 2571 2113 2603 Et

1143 2618 1234 2649 multi
1262 2620 1427 2658 sequentur
1459 2627 1562 2649 eorum
1590 2616 1695 2656 exitia,
1726 2625 1781 2655 per
1803 2625 1878 2656 quos
1896 2616 1949 2647 via
1971 2615 2112 2647 veritatis

1143 2660 1412 2701 blasphemabitur.
1457 2661 1486 2692 3.
1517 2659 1559 2691 Et
1586 2659 1620 2690 in
1648 2659 1785 2691 avaritia
1813 2658 1895 2698 fictis
1919 2657 2113 2690 sermonibus
