2513 3126
158 201 197 234 81
1030 199 1180 231 CAPUT
1205 199 1282 231 v11.
2115 203 2156 233 32

160 306 242 337 quae
275 305 391 326 navem
423 299 564 326 nostram
596 295 742 335 protinus
777 298 963 325 everterent
993 303 1029 324 ac
1058 293 1130 324 sub-

161 343 348 379 mei-gerent
379 337 439 368 nisi
469 337 642 369 anchoram
674 337 706 368 in
738 336 836 368 fundo
865 336 994 377 penitus
1018 336 1131 375 figere-

161 392 244 413 mus.
290 381 400 421 Neque
427 380 514 411 enim
539 390 671 420 usquam
695 380 796 411 oculis
820 379 937 411 nostris
960 377 1055 409 statio
1078 388 1133 417 ap-

161 431 269 465 paret:
317 424 370 455 sed
416 433 677 463 quaquaversum
724 433 758 454 se
802 421 980 453 extendant
1020 430 1132 451 sensus

162 467 274 507 nostri,
309 466 377 497 sola
403 476 486 506 aqua
511 476 545 497 se
567 466 717 504 ostendit,
751 465 814 496 imo
838 464 942 495 undae
965 464 1062 494 etiam
1086 463 1133 492 in-

162 514 302 549 surgunt
331 519 367 540 ac
397 510 574 540 minantur.
626 507 904 547 Quemadmodum
940 512 1047 537 autem
1080 515 1134 536 an-

161 554 261 584 chora
292 562 348 592 per
380 552 502 582 medias
525 561 624 590 aquas
647 551 813 590 proiicitur
836 550 869 579 in
893 549 998 580 locum
1023 549 1132 579 obscu-

163 606 234 627 rum
253 600 286 625 et
308 594 462 632 abditum,
485 599 518 625 et
540 594 616 624 dum
640 593 705 624 illic
728 592 815 630 latet,
839 601 956 622 navem
980 590 1133 621 fluctibus

163 639 341 677 expositam
367 639 484 667 retinet
510 637 543 667 in
568 640 653 667 statu
678 646 719 665 ne
741 635 913 665 obruatur:
946 633 989 663 ita
1012 633 1044 663 in
1067 633 1134 663 Deo

165 680 321 711 invisibili
356 690 429 720 spes
463 685 573 710 nostra
607 677 735 717 figenda
769 679 826 707 est.
883 675 955 706 Hoc
988 675 1134 711 interest,

164 723 248 763 quod
267 722 408 754 anchora
424 722 456 751 in
480 721 562 751 mari
584 720 731 750 deorsum
756 718 880 758 iacitur,
904 717 978 757 quia
1001 716 1133 748 fundum

164 766 199 797 in
224 773 308 796 terra
332 764 443 795 habet:
467 773 541 802 spes
563 768 669 792 autem
694 766 807 792 nostra
829 771 957 791 sursum
975 759 1135 791 attollitur

166 814 199 840 et
221 807 336 843 evolat,
360 808 435 845 quia
458 806 490 835 in
514 803 635 835 mundo
658 803 739 834 nihil
763 803 814 834 cui
833 804 973 843 insistat,
997 803 1134 842 reperit:

165 862 224 882 nec
259 850 391 880 haerere
424 847 517 878 debet
549 847 581 877 in
614 846 779 884 creaturis,
811 845 867 877 sed
899 846 932 876 in
967 846 1033 877 solo
1063 845 1134 876 Deo

165 893 311 934 quiescit.
353 888 633 929 Quemadmodum
657 895 764 920 autem
788 887 883 925 funis,
908 899 948 919 ex
972 898 1036 928 quo
1059 898 1136 928 pen-

164 936 217 966 det
251 933 402 972 anchora,
435 943 493 973 per
526 932 660 972 longum
695 936 728 962 et
760 942 889 963 caecum
924 931 1134 963 intervallum

163 987 280 1009 navem
308 976 409 1016 ipsam
437 976 605 1015 coniungit.
628 984 701 1006 cum
725 979 828 1006 terra:
860 975 904 1006 sic
931 974 991 1005 Dei
1014 974 1136 1006 veritas

161 1019 202 1051 ad
227 1030 284 1050 nos
307 1029 378 1049 cum
402 1019 472 1059 ipso
495 1018 693 1058 colligandos
717 1017 881 1048 vinculum
906 1023 962 1055 est,
987 1022 1021 1048 ut
1046 1016 1136 1048 nulla

161 1062 303 1094 locorum
330 1062 493 1101 distantia,
524 1061 614 1092 nulla
643 1060 746 1101 caligo
777 1060 931 1100 impediat
961 1061 1136 1101 quominus

161 1105 209 1137 illi
243 1105 489 1136 adhaereamus.
535 1103 589 1135 Sic
623 1113 696 1134 cum
719 1103 790 1134 Deo
825 1103 975 1144 colligati,
1009 1104 1135 1134 etiamsi

161 1147 410 1180 conflictandum
429 1146 522 1177 nobis
538 1146 579 1177 sit
595 1157 665 1178 cum
683 1146 821 1178 assiduis
839 1146 998 1186 procellis,
1022 1157 1135 1177 sumus

162 1196 270 1222 tamen
301 1197 394 1221 extra
424 1188 584 1230 naufragii
608 1189 798 1229 periculum.
843 1189 921 1220 Ideo
945 1189 1031 1228 dicit,
1063 1200 1135 1220 an-

162 1234 326 1266 choram
363 1231 447 1263 hanc
482 1236 612 1263 tutam
635 1242 724 1263 esse
747 1242 790 1263 ac
817 1232 990 1263 firmam.
1047 1232 1136 1263 Fieri

163 1278 249 1308 enim
279 1282 386 1316 potest
415 1281 452 1306 ut
476 1276 634 1307 fluctuum
658 1275 779 1315 impetu
803 1280 859 1307 aut
882 1275 1059 1307 revellatur
1082 1286 1137 1306 an-

164 1319 270 1357 chora,
293 1324 349 1349 aut
372 1324 542 1359 rumpatur
566 1318 662 1357 funis,
693 1324 751 1349 aut
774 1319 869 1350 navis
893 1328 1049 1350 concussa
1072 1318 1135 1350 dis-

163 1362 258 1393 siliat.
304 1361 378 1393 Hoc
399 1361 432 1392 in
458 1361 538 1392 mari
562 1361 687 1393 accidit.
733 1360 799 1393 Sed
823 1361 886 1392 alia
913 1366 962 1393 est
985 1362 1047 1392 Dei
1070 1362 1135 1392 vir-

165 1408 217 1436 tus
247 1404 288 1435 ad
319 1415 378 1435 nos
401 1403 588 1443 fulciendos,
619 1404 681 1435 alia
704 1410 753 1435 est
776 1404 826 1435 vis
849 1404 928 1444 spei,
959 1404 1022 1435 alia
1046 1404 1137 1436 verbi

162 1448 232 1479 eius
255 1447 403 1479 firmitas.

254 1489 315 1529 Qui
336 1490 509 1530 iriyreditur
530 1490 573 1522 ad
594 1500 638 1522 ea.
684 1489 968 1529 Quemadmodum
996 1489 1138 1522 diximus

164 1533 266 1564 donec
289 1533 329 1564 ad
353 1533 458 1564 Deum
483 1534 652 1573 perveniat
674 1533 763 1571 fides,
795 1533 877 1564 nihil
901 1533 963 1565 nisi
987 1534 1137 1565 instabile

163 1581 195 1608 et
223 1576 351 1607 fluxum
382 1577 512 1616 reperit.
556 1576 646 1617 Ergo
676 1586 806 1608 necesse
829 1581 878 1608 est
900 1581 935 1608 ut
958 1577 991 1607 in
1015 1577 1138 1608 coelum

164 1629 265 1659 usque
290 1624 444 1658 penetret.
475 1618 540 1651 Sed
565 1620 642 1659 quia
664 1620 829 1660 negotium
855 1619 952 1651 habet
975 1619 1138 1660 apostolus

163 1672 236 1694 cum
272 1661 415 1700 Iudaeis,
449 1661 564 1693 alludit
599 1662 639 1693 ad
672 1668 768 1694 vetus
802 1662 1066 1703 tabernaculum,
1102 1673 1138 1694 ac

163 1704 242 1736 dicit
283 1715 348 1735 non
394 1705 509 1736 debere
549 1706 582 1736 in
624 1706 662 1736 iis
702 1715 785 1745 quae
818 1705 989 1745 videntur,
1023 1706 1134 1737 immo-

163 1747 247 1786 rari,
284 1747 340 1779 sed
378 1754 547 1788 penetrare
583 1748 616 1779 in
658 1749 773 1780 ultima
810 1749 909 1789 adyta
946 1758 1028 1789 quae
1065 1754 1138 1789 post

164 1790 273 1821 velum
314 1789 428 1822 latent.
490 1791 539 1822 Ac
579 1791 606 1823 si
647 1791 784 1832 diceret,
828 1793 1028 1832 superandas
1069 1802 1137 1823 esse

163 1839 315 1864 externas
349 1844 461 1865 omnes
494 1844 531 1866 ac
565 1839 692 1866 veteres
727 1836 864 1875 figuras,
908 1840 944 1866 ut
982 1835 1062 1867 fides
1102 1836 1136 1866 in

163 1875 231 1908 solo
254 1875 385 1908 Christo
416 1877 559 1908 sistatur.
606 1878 649 1909 Et
679 1878 758 1909 haec
780 1879 862 1909 ratio
885 1877 1059 1918 diligenter
1082 1888 1139 1909 no-

164 1918 264 1949 tanda
280 1925 343 1950 est:
367 1919 441 1959 quia
458 1919 610 1952 Christus
626 1921 748 1952 coelum
769 1921 935 1960 ingressus
958 1927 1016 1958 est,
1041 1921 1137 1952 fidem

164 1967 308 1993 nostram
338 1962 414 1993 illuc
444 1973 571 2004 quoque
601 1974 670 1995 esse
694 1964 905 2004 dirigendam.
952 1964 1039 1995 Num
1062 1963 1138 1996 hinc

164 2004 320 2036 docemur
350 2016 414 2036 non
438 2006 500 2036 alio
522 2007 757 2038 coniiciendum
781 2017 851 2037 esse
874 2006 950 2038 fidei
973 2007 1137 2038 intuitum.

164 2047 209 2078 Et
232 2054 317 2078 certe
340 2048 461 2079 frustra
484 2048 590 2080 Deum
618 2050 652 2080 in
676 2060 733 2081 sua
757 2049 924 2081 maiestate
947 2054 1139 2090 quaererent

165 2089 322 2127 homines,
356 2091 432 2130 quia
465 2092 563 2122 nimis
594 2092 703 2132 procul
738 2092 778 2123 ab
809 2093 887 2132 ipsis
918 2098 967 2124 est
999 2100 1138 2124 remota:

164 2133 221 2164 sed
246 2132 398 2165 Christus
427 2134 519 2166 nobis
550 2145 682 2166 manum
714 2136 848 2175 porrigit
873 2140 908 2166 ut
931 2145 989 2167 nos
1012 2135 1046 2167 iu
1070 2146 1139 2167 coe-

164 2175 232 2206 lum
263 2176 375 2207 ducat:
409 2182 506 2216 atque
534 2177 595 2209 hoc
625 2178 723 2209 etiam
754 2178 830 2209 olim
853 2178 912 2210 sub
935 2178 1006 2219 lege
1029 2178 1139 2210 adum-

165 2218 293 2250 bratum
323 2220 391 2250 fuit.
438 2220 521 2251 Nam
551 2221 697 2260 pontifex
728 2231 792 2252 non
823 2231 881 2252 suo
911 2224 1048 2261 tantum,
1082 2222 1139 2253 sed

167 2262 275 2301 populi
309 2264 406 2294 etiam
436 2264 568 2295 nomine
596 2264 629 2294 in
653 2269 803 2295 sanctum
825 2269 1010 2296 sanctorum
1034 2265 1140 2306 ingre-

167 2302 329 2336 diebatur:
359 2311 469 2346 utpote
497 2308 551 2346 qui
579 2306 747 2338 duodecim
778 2307 880 2338 tribus
904 2307 1139 2348 quodammodo

166 2346 200 2377 in
234 2353 362 2386 pectore
396 2355 427 2380 et
461 2349 605 2381 humeris
638 2350 794 2390 gestabat,
829 2360 928 2390 quum
963 2351 998 2382 in
1027 2361 1138 2382 eorum

168 2391 354 2422 memoriam
410 2393 554 2424 contexti
609 2398 716 2424 essent
765 2393 800 2424 in
851 2394 1007 2433 pectorali
1060 2394 1138 2424 duo-

169 2430 271 2463 decim
300 2433 431 2475 lapides,
459 2441 490 2466 et
513 2435 545 2466 in
569 2435 692 2467 duobus
715 2435 888 2477 onychinis
910 2436 1070 2477 lapidibus
1094 2436 1140 2468 in-

169 2474 293 2521 sculpta
315 2484 422 2508 essent
443 2488 540 2518 super
563 2478 726 2517 humeros,
749 2489 862 2510 eorum
886 2480 1026 2517 nomina,
1051 2484 1086 2510 ut
1105 2479 1138 2510 in

170 2526 268 2564 unius
303 2517 444 2552 hominis
477 2531 614 2559 persona
647 2532 760 2553 omnes
792 2522 1012 2554 sanctuarium
1041 2521 1140 2553 simul

170 2559 427 2599 ingrederentur.
478 2563 570 2595 Bene
600 2574 678 2605 ergo
710 2565 875 2605 apostolus
904 2575 1006 2605 quum
1037 2565 1140 2605 ponti-

170 2601 262 2632 ficem
283 2608 430 2650 nostrum
451 2605 556 2637 coelos
578 2607 760 2648 ingressum
784 2618 854 2640 esse
877 2609 1043 2640 admonet:
1066 2608 1142 2648 quia

170 2654 236 2675 non
265 2644 325 2675 sibi
354 2650 481 2678 tantum
509 2648 676 2688 ingressus
698 2655 756 2689 est,
777 2651 833 2682 sed
857 2651 958 2683 nobis.
1003 2650 1047 2682 Et
1068 2650 1140 2683 ideo

268 2703 378 2730 calvini
395 2712 489 2737 opera.
520 2705 580 2732 Vol.
596 2706 657 2732 LV,

1185 294 1365 325 timendum
1390 305 1454 325 non
1479 298 1537 332 est,
1562 306 1601 326 ne
1624 296 1752 328 clausus
1775 296 1817 328 sit
1841 295 1915 328 fidei
1939 299 2068 327 nostrae
2088 306 2155 328 coc-

1184 336 1287 367 lorum
1305 336 1442 375 additus,
1467 347 1549 378 quae
1568 349 1586 370 a
1602 338 1734 370 Christo
1758 349 1924 380 nunquam
1949 339 2155 379 disiungitur.

1185 378 1270 417 Quia
1299 385 1406 411 autem
1436 391 1492 412 nos
1517 386 1724 421 praeeuntem
1748 382 1918 414 Christum
1942 383 2031 423 sequi
2055 382 2156 419 decet,

1185 421 1255 452 ideo
1278 432 1533 462 praecursor
1557 429 1701 456 vocatur.

1521 519 1704 558 CAPUT
1730 518 1824 557 Vll.

1273 575 1299 605 1.
1325 575 1386 607 Hic
1408 577 1488 608 enim
1510 580 1576 608 erat
1600 576 1800 609 Melchisedec
1829 588 1885 608 rex
1911 577 2024 618 Salem,
2052 578 2156 617 ponti-

1184 617 1235 655 fex
1258 616 1320 648 Dei
1348 618 1506 660 altissimi,
1536 620 1591 659 qui
1621 621 1754 652 occurrit
1776 619 1925 652 Abrahae
1954 622 2114 652 revertenti
2138 631 2159 651 a

1186 659 1275 689 caede
1302 670 1423 700 reyum:
1451 665 1478 693 et
1499 662 1653 694 benedixit
1674 663 1732 695 illi.
1776 663 1807 695 2.
1833 662 1894 695 Oui
1916 665 1942 694 et
1963 663 2099 694 decimas
2121 673 2159 694 ex

1186 701 1327 748 omnibus
1343 703 1522 742 impartitus
1544 708 1587 736 est
1603 706 1774 745 Abraham,
1799 706 1854 745 qui
1870 706 2014 746 primum
2037 706 2159 745 quidem

1186 753 1224 774 esc
1256 747 1501 783 interpretatione
1529 748 1645 779 dicitur
1671 759 1727 780 rex
1749 749 1903 781 iustitiae:
1936 748 2045 779 deinde
2067 748 2160 779 etiam

1186 796 1243 817 rea:
1268 786 1381 826 Salem,
1415 790 1496 827 quod
1524 793 1568 821 est
1596 801 1652 822 rex
1669 792 1778 830 pacis:
1821 791 1851 823 3.
1874 792 1943 823 stne
1961 794 2060 831 patre,
2094 791 2162 821 sine

1186 831 1294 869 matre,
1328 830 1395 861 sine
1425 841 1542 871 ywere,
1583 843 1635 865 nec
1669 835 1795 865 initium
1829 834 1961 874 dierum,
1995 843 2048 865 nec
2080 834 2163 864 vitae

1184 871 1278 911 finem
1307 871 1431 912 liabens,
1463 874 1515 905 sed
1545 876 1739 907 assimilatus
1763 877 1830 915 filio
1853 876 1916 908 Dei
1938 879 2040 908 manet
2061 885 2162 907 saeer-

1186 915 1242 946 dos
1262 915 1297 946 in
1314 918 1509 955 perpetuum.

1275 975 1302 1007 1.
1328 974 1391 1006 Hic
1412 976 1494 1007 enim
1515 979 1592 1008 erat.
1630 977 1797 1010 Hactenus
1820 978 1957 1010 Iudaeos
1981 979 2161 1010 stimulavit

1187 1017 1253 1049 suis
1284 1018 1576 1058 exhortationibus,
1609 1025 1644 1051 ut
1683 1025 1804 1052 attente
1833 1022 2056 1061 expenderent
2085 1021 2161 1062 quid

1188 1061 1295 1092 valeat
1318 1061 1429 1092 Christ
1452 1064 1647 1102 comparatio
1671 1074 1745 1094 oum
1770 1063 1992 1096 Melchisedec.
2033 1063 2072 1095 In
2097 1065 2161 1095 fine

1189 1104 1327 1144 proximi
1361 1104 1483 1145 capitis,
1518 1109 1554 1136 ut
1587 1116 1627 1137 ex
1658 1105 1856 1146 digressione
1886 1107 1941 1138 illa
1971 1107 2091 1138 rediret
2121 1106 2162 1138 ad

1188 1157 1283 1178 suum
1314 1147 1511 1187 institutum,
1543 1159 1656 1180 rursus
1687 1149 1800 1180 citavit
1828 1149 1932 1181 locum
1956 1160 1997 1181 ex
2020 1149 2161 1181 Psalmo.

1189 1189 1285 1221 Nunc
1301 1200 1378 1230 ergo
1393 1200 1586 1229 sermonem,
1603 1202 1698 1232 quem
1718 1191 1833 1223 leviter
1852 1193 2012 1232 attigerat,
2036 1192 2162 1232 copiose

1190 1233 1407 1273 prosequitur.
1463 1233 1547 1265 Nam
1585 1234 1777 1275 singulatim
1801 1241 1970 1266 enumerat
1994 1244 2073 1275 quae
2096 1235 2162 1267 sint

1189 1275 1421 1307 consideranda
1452 1276 1485 1307 in
1509 1276 1734 1314 Melchisedec,
1768 1277 1802 1308 in
1833 1277 1949 1318 quibus
1980 1278 2092 1309 similis
2120 1278 2162 1309 sit

1190 1318 1332 1350 Christo.
1379 1319 1481 1350 Porro
1512 1320 1633 1351 mirum
1657 1331 1720 1352 non
1745 1325 1794 1352 est
1817 1320 1901 1360 quod
1926 1324 1991 1351 tam
2015 1324 2162 1352 accurate

1190 1362 1224 1392 in
1256 1361 1316 1392 hoc
1346 1371 1494 1394 sermone
1524 1362 1657 1394 insistit,
1702 1363 1776 1394 Nou
1806 1370 1876 1395 erat
1907 1368 1994 1395 certe
2018 1373 2069 1394 res
2093 1362 2162 1394 vul-

1191 1405 1287 1444 garis,
1316 1404 1350 1435 in
1380 1405 1511 1445 regione
1541 1410 1588 1437 tot
1610 1406 1874 1447 superstitionum
1899 1406 2091 1446 corruptelis
2114 1416 2162 1437 re-

1191 1448 1273 1478 ferta
1295 1448 1436 1479 inveniri
1459 1448 1623 1480 hominem
1648 1450 1702 1490 qui
1726 1459 1844 1490 purum
1862 1448 1924 1481 Dei
1948 1448 2071 1480 cultum
2096 1454 2162 1480 tue-

1192 1495 1290 1521 retur.
1342 1490 1425 1522 Erat
1456 1491 1544 1522 enim
1578 1491 1654 1523 hinc
1689 1491 1850 1524 Sodomae
1884 1497 1916 1524 et
1950 1491 2163 1530 Gomorrhae,

1191 1534 1266 1565 inde
1290 1533 1497 1566 Chananaeis
1529 1534 1665 1566 vicinus.
1710 1534 1761 1566 Ita
1791 1535 1933 1575 undique
1960 1539 2072 1575 septus
2096 1539 2164 1565 erat

1191 1577 1298 1617 impiis
1336 1576 1528 1608 hominibus.
1585 1577 1711 1610 Deinde
1749 1579 1795 1610 sic
1830 1583 1916 1609 totus
1950 1577 2090 1609 mundus
2124 1576 2164 1607 ad

1191 1620 1391 1660 impietatem
1426 1620 1596 1661 prolapsus
1630 1624 1709 1658 erat,
1745 1626 1780 1652 ut
1814 1621 1864 1653 vic
1896 1620 2047 1653 credibile
2081 1626 2164 1651 esset

1191 1663 1299 1694 Deum
1331 1663 1405 1694 alibi
1433 1663 1557 1695 sincere
1580 1663 1641 1695 coli
1672 1673 1766 1704 quam
1794 1663 1829 1694 in
1857 1663 1980 1695 familia
2001 1663 2164 1695 Abrahae.

1191 1706 1275 1737 Nam
1299 1706 1394 1737 huius
1418 1708 1510 1746 pater
1533 1710 1564 1737 et
1587 1716 1677 1745 avus,
1708 1706 1794 1746 apud
1826 1716 1905 1747 quos
1928 1716 2057 1738 summa
2080 1706 2163 1737 inte-

1191 1750 1292 1790 gritas
1304 1759 1373 1780 esse
1387 1748 1549 1787 debuerat,
1566 1749 1631 1780 iam
1645 1749 1771 1789 pridem
1783 1750 1823 1780 ad
1836 1749 2052 1781 idololatriam
2069 1748 2163 1789 dege-

1191 1796 1395 1823 neraverant.
1458 1792 1547 1832 Ergo
1586 1791 1649 1823 fuit
1689 1792 1750 1824 hoc
1790 1791 2016 1829 memorabile,
2058 1791 2164 1823 adhuc

1190 1846 1298 1876 regem
1329 1834 1468 1875 aliquem
1496 1845 1628 1866 manere
1651 1836 1705 1875 qui
1730 1846 1795 1867 non
1819 1840 1947 1866 tantum
1971 1844 2065 1866 verae
2089 1834 2163 1865 reli

1191 1878 1278 1919 gioni
1295 1878 1441 1917 serviret,
1471 1877 1526 1909 sed
1542 1878 1645 1909 obiret
1667 1879 1734 1918 ipse
1757 1889 1876 1910 munus
1899 1877 2083 1910 sacerdotis.
2121 1877 2164 1908 Et

1191 1932 1268 1952 sane
1291 1921 1432 1960 oportuit
1455 1921 1488 1951 in
1512 1931 1557 1959 eo,
1581 1921 1635 1961 qui
1659 1925 1755 1962 typus
1778 1926 1848 1952 erat
1874 1920 1930 1952 filii
1953 1920 2027 1959 Dei,
2054 1920 2164 1951 omnia

1190 1975 1259 1995 esse
1283 1963 1455 2004 praeclara.
1500 1963 1669 1995 Christum
1700 1973 1778 1996 vero
1801 1964 1900 1995 fuisse
1924 1963 1983 1995 hoc
2006 1967 2084 2003 typo
2107 1962 2163 1993 ad-

1192 2008 1375 2038 umbratum
1393 2011 1482 2046 patet
1497 2017 1537 2038 ex
1556 2007 1688 2046 psalmo.
1720 2007 1832 2047 Neque
1855 2007 1942 2038 enim
1966 2006 2026 2037 hoc
2043 2011 2162 2036 temere

1191 2050 1311 2082 Davidi
1341 2049 1474 2081 excidit:
1505 2054 1540 2081 tu
1571 2060 1605 2081 es
1630 2050 1778 2082 sacerdos
1807 2054 1958 2081 aeternus
1982 2048 2161 2080 secundum

1191 2093 1337 2125 ordinem
1354 2091 1585 2124 Melchisedec:
1610 2093 1687 2133 quin
1710 2093 1817 2133 potius
1840 2092 1900 2124 hac
1923 2102 2002 2124 voce
2024 2090 2163 2123 sublime

1193 2137 1380 2175 mysterium
1404 2135 1558 2167 ecclesiae
1580 2135 1842 2168 commendatum
1866 2136 1936 2167 fuit.
1977 2134 2072 2166 Nunc
2096 2134 2162 2165 sin-

1192 2179 1285 2220 gulas
1302 2184 1409 2218 partes
1426 2178 1602 2219 videamus,
1626 2179 1659 2210 in
1681 2179 1798 2220 quibus
1814 2178 1977 2219 apostolus
1994 2177 2161 2209 Christum

1192 2223 1252 2262 ipsi
1283 2220 1498 2253 Melchisedec
1530 2222 1605 2253 facit
1637 2221 1786 2253 similem.
1838 2222 1952 2253 Prima
1984 2219 2162 2252 similitudo

1191 2270 1240 2296 est
1270 2265 1303 2295 iu
1334 2264 1472 2295 nomine.
1518 2264 1631 2305 Neque
1660 2265 1748 2296 enim
1779 2265 1935 2305 mysterio
1965 2267 2052 2295 caret
2078 2261 2161 2302 quod

1192 2319 1260 2339 rex
1290 2307 1478 2338 iustitiae
1501 2314 1633 2339 vocatus
1656 2312 1721 2338 est:
1745 2308 1820 2347 quia
1843 2313 1875 2339 et
1898 2308 1924 2338 si
1948 2306 2007 2338 hoc
2030 2305 2162 2337 honoris

1191 2350 1344 2381 tribuitur
1374 2350 1504 2390 regibus
1533 2350 1586 2390 qui
1615 2350 1780 2382 moderate
1803 2352 1837 2382 et
1857 2361 1897 2381 ex
1921 2350 2082 2390 aequitate
2106 2347 2160 2379 do-

1191 2394 1372 2425 minantur:
1406 2392 1460 2425 hic
1489 2397 1595 2424 tamen
1627 2393 1740 2424 titulus
1767 2403 1844 2425 vere
1866 2394 1899 2424 in
1922 2392 2028 2424 solum
2051 2391 2163 2423 Chris-

1191 2441 1259 2468 tum
1289 2436 1450 2475 competit,
1481 2436 1535 2476 qui
1561 2446 1625 2467 non
1649 2436 1744 2467 modo
1766 2437 1888 2467 iustum
1912 2435 2082 2475 imperium
2106 2444 2161 2465 ex-

1191 2483 1277 2511 ercet
1306 2482 1342 2510 ut
1369 2478 1441 2517 alii,
1470 2477 1526 2509 sed
1550 2478 1613 2509 Dei
1643 2478 1799 2510 iustitiam
1823 2479 1915 2510 nobis
1937 2478 2161 2514 communicat,

1191 2522 1309 2563 partim
1341 2521 1417 2552 dum
1448 2520 1546 2552 efficit
1575 2525 1610 2552 ut
1639 2521 1781 2562 gratuita
1804 2521 2064 2553 reconciliatione
2086 2520 2162 2551 iusti

1191 2574 1389 2605 censeamur,
1413 2563 1530 2604 partim
1554 2563 1632 2595 dum
1655 2574 1713 2595 nos
1736 2569 1872 2596 renovat
1895 2564 2011 2605 spiritu
2034 2573 2101 2599 suo,
2126 2565 2162 2593 ut

1192 2608 1244 2648 pie
1272 2612 1450 2647 sancteque
1480 2606 1638 2638 vivamus.
1684 2606 1774 2647 Ergo
1797 2617 1857 2638 rex
1878 2607 2022 2639 iustitiae
2045 2606 2162 2638 dicitur

1192 2651 1231 2682 ab
1260 2650 1386 2688 effectu,
1418 2650 1492 2690 quia
1522 2650 1555 2680 in
1585 2659 1696 2681 omnes
1719 2660 1796 2681 suos
1820 2650 1976 2682 iustitiam
2001 2648 2162 2680 diffundit.

1923 2710 1938 2733 6
