2513 3126
340 187 402 219 407

341 286 491 318 dicamus.
545 282 714 322 Quomodo
748 282 846 322 igitur
880 281 1016 313 Iacobus
1051 281 1081 312 id
1117 280 1215 312 fuisse
1248 281 1307 312 im-

366 328 464 359 letum
497 325 596 356 dicit?
645 324 771 364 Nempe
801 323 971 355 ostendere
1000 323 1085 362 vult,
1119 322 1222 364 qualis
1253 323 1309 355 illa

341 338 436 402 Fuerit
468 368 546 399 fides
577 377 658 408 quac
688 366 876 398 iustificavit
899 365 1085 397 Abraham:
1117 376 1180 397 non
1209 366 1309 398 otiosa

342 411 463 444 scilicet
493 416 549 441 aut
579 409 724 447 evanida,
758 408 813 441 sed
845 419 926 449 quae
956 408 1046 440 illum
1071 408 1141 440 Deo
1170 408 1309 440 reddidit

341 454 588 493 obsequentem:
622 453 716 484 sicuti
740 452 837 483 etiam
862 450 902 483 ad
925 450 1090 482 Hebraeos
1113 461 1181 491 cap.
1207 451 1256 490 11,
1279 451 1308 492 8,

341 497 487 528 habetur.
541 494 714 527 Conclusio
741 504 824 534 quae
854 504 930 526 mox
960 493 1099 533 additur,
1132 494 1205 534 quia
1234 493 1309 526 inde

341 538 469 579 pendet,
501 548 564 569 non
589 537 687 569 alium
711 537 808 569 habet
830 547 970 568 sensum.
1016 536 1089 568 Non
1114 536 1309 569 iustificetur

340 581 436 612 homo
456 580 525 612 sola
557 580 629 620 fide,
661 580 721 612 hoc
750 582 808 619 est,
838 579 924 611 nuda
954 583 986 611 et
1015 579 1103 610 inani
1126 579 1309 620 cognitione

340 624 412 656 Dei.
457 623 655 655 Iustificatur
688 622 853 663 operibus,
892 622 952 654 hoc
983 624 1043 662 est,
1077 632 1117 653 ex
1151 620 1308 654 fructibus

340 666 544 708 cognoscitur
567 672 599 696 et
622 666 819 706 approbatur
842 664 911 696 eius
935 665 1067 696 iustitia.

425 709 477 740 25.
500 708 653 741 Similiter
675 710 701 740 et
724 707 848 740 Bahal).
884 707 1022 739 Videtur
1045 707 1182 739 absurde
1204 707 1308 739 facere

340 752 396 792 qui
420 756 486 783 tam
510 752 654 792 dispares
676 751 773 783 simul
797 750 934 791 copulat.
969 750 1037 782 Cur
1053 759 1117 782 non
1134 760 1174 782 ex
1190 760 1308 791 magno

341 795 448 835 potius
482 794 659 834 insignium
696 799 824 834 patrum
859 803 995 825 numero
1031 792 1155 833 aliquos
1190 792 1307 834 delegit

341 847 422 877 quos
445 836 596 868 Abrahae
620 835 834 876 adiungeret?
872 835 939 868 Cur
961 835 1026 868 illis
1049 835 1199 867 omnibus
1218 845 1306 876 prae-

341 879 417 911 tulit
439 880 665 911 meretricem?
710 878 868 911 Consulto
892 878 970 910 duas
992 888 1147 919 personas
1171 880 1236 909 tam
1260 877 1307 909 di-

341 931 451 954 versas
474 922 560 953 inter
582 933 616 954 se
632 922 802 960 commisit,
827 931 889 962 quo
905 921 1086 954 evidentius
1102 924 1307 959 monstraret,

340 965 466 996 nullum
498 975 650 1005 unquam,
679 965 899 1005 cuiuscunque
921 969 1006 996 esset
1029 963 1081 995 vel
1105 962 1308 1002 conditionis,

341 1008 392 1039 vel
416 1007 533 1048 gentis,
559 1007 607 1039 vel
631 1008 764 1046 ordinis,
788 1007 885 1039 fuisse
908 1007 1028 1046 absque
1048 1006 1140 1038 bonis
1157 1005 1308 1046 operibus

340 1051 427 1082 inter
449 1051 551 1082 iustos
574 1061 610 1083 ac
633 1050 745 1082 fideles
767 1050 925 1081 habitum.
960 1048 1183 1081 Patriarcham
1207 1048 1306 1080 nomi-

339 1093 431 1124 navit
464 1093 558 1134 longe
591 1093 736 1125 omnium
771 1092 1095 1124 excellentissimum:
1130 1101 1216 1123 nunc
1248 1091 1308 1122 sub

340 1136 520 1167 meretricis
551 1146 690 1176 persona
712 1135 956 1176 comprehendit
979 1144 1099 1174 omnes,
1129 1134 1184 1174 qui
1206 1144 1307 1174 quum

339 1178 436 1210 alieni
459 1184 567 1210 essent
590 1179 629 1210 ab
652 1178 795 1215 ecclesia,
819 1178 1016 1210 inseruntur.
1051 1175 1208 1217 Quisquis
1230 1186 1307 1217 ergo

340 1221 444 1252 iustus
473 1221 598 1253 censeri
629 1221 726 1261 cupit,
756 1221 852 1253 etiam
883 1225 919 1252 ut
946 1220 1030 1251 inter
1053 1219 1179 1251 infimos
1201 1219 1306 1250 locum

340 1263 482 1304 aliquem
513 1263 638 1302 habeat,
670 1263 764 1295 bonis
792 1262 941 1303 operibus
971 1272 1005 1293 se
1028 1261 1125 1293 talem
1149 1261 1307 1294 ostendat.

341 1305 440 1346 Quod
473 1306 609 1338 Iacobus
640 1306 711 1348 (suo
741 1305 843 1347 more)
874 1304 991 1336 Rahab
1025 1303 1176 1345 operibus
1210 1304 1308 1336 fuisse

341 1349 548 1381 iustificatam
573 1349 753 1389 praedicat:
777 1347 851 1379 inde
874 1347 1032 1388 colligunt
1053 1347 1223 1388 sophistae,
1248 1357 1307 1379 nos

340 1401 473 1432 operum
514 1392 638 1422 meritis
678 1391 834 1422 iustitiam
875 1390 1036 1431 consequi.
1095 1389 1163 1421 Nos
1198 1394 1306 1421 autem

341 1433 508 1475 negamus,
540 1434 591 1465 hic
621 1433 660 1464 de
690 1432 783 1464 modo
809 1433 1052 1474 consequendae
1074 1432 1216 1464 iustitiae
1238 1442 1308 1464 esse

341 1484 513 1508 certamen.
569 1476 728 1508 Fatemur
761 1475 889 1515 quidem
924 1476 1044 1516 requiri
1077 1475 1117 1506 ad
1151 1475 1307 1507 iustitiam

341 1519 424 1550 bona
454 1529 568 1559 opera:
601 1524 728 1550 tantum
757 1518 821 1550 illis
843 1519 910 1550 vim
933 1517 1144 1550 conferendae
1166 1518 1308 1550 iustitiae

341 1561 556 1592 detrahimus:
595 1561 670 1601 quia
703 1564 789 1593 stare
824 1571 931 1593 coram
966 1560 1030 1593 Dei
1063 1560 1219 1592 tribunali
1254 1571 1308 1592 ne-

338 1608 469 1644 queunt.

686 1733 868 1772 CAPUT
890 1733 966 1772 111.

428 1818 455 1848 1.
480 1817 582 1849 Nolite
597 1818 704 1858 plures
727 1818 870 1859 magistri
889 1818 967 1857 fieri,
989 1817 1106 1857 fratres
1119 1818 1192 1850 mei:
1213 1818 1308 1850 scieu-

341 1864 386 1893 tes
418 1861 498 1901 quod
531 1861 635 1892 maius
667 1860 820 1893 iudicium
852 1861 1011 1900 sumpturi
1042 1861 1152 1893 simus.
1206 1861 1236 1892 2.
1268 1860 1309 1892 In

341 1903 447 1935 multis
469 1904 550 1935 em'm
573 1903 709 1935 labimur
732 1913 842 1935 omnes.
885 1903 923 1935 Si
945 1903 1016 1943 quis
1036 1903 1072 1934 in
1093 1913 1229 1936 sermone
1249 1913 1309 1935 uon

341 1946 464 1984 labitur,
487 1946 536 1978 hic
552 1946 708 1986 perfectus
729 1949 772 1978 est
791 1946 850 1987 vir,
873 1949 909 1978 ut
929 1946 983 1986 qui
1002 1947 1103 1986 possit
1121 1947 1229 1987 fraeno
1245 1956 1310 1978 mo-

341 1989 449 2020 derari
479 1992 572 2020 totum
601 1990 694 2020 etiam
715 1999 835 2028 corpus.
880 1989 908 2020 3.
932 1988 1012 2021 Eece
1034 1989 1122 2030 equis
1141 1989 1254 2030 fraena
1275 1990 1310 2021 in

341 2041 398 2063 ora
430 2032 599 2070 iniicimus,
630 2034 663 2063 ut
696 2031 837 2064 obediunt
866 2031 969 2063 nobis:
1003 2035 1029 2063 el
1060 2034 1154 2064 totum
1185 2031 1310 2064 illorum

343 2083 456 2112 eorpus
487 2075 737 2115 eircumayimus.
794 2075 824 2106 4.
859 2074 937 2107 Ecce
969 2075 1060 2106 etiam
1092 2085 1186 2107 naves
1216 2085 1312 2114 quum

343 2118 446 2148 tantae
468 2117 541 2156 sint,
571 2119 598 2148 et
622 2127 642 2148 a
663 2118 765 2148 saevis
786 2118 884 2149 ventis
901 2117 1075 2158 pulsentur,
1098 2118 1310 2158 circumayun—

342 2161 394 2190 tur
423 2170 444 2190 a
471 2159 600 2190 minimo
628 2159 840 2200 9ubzmzaculo,
873 2170 1052 2200 quocunque
1079 2161 1206 2200 affectus
1232 2160 1312 2192 diri-

341 2202 442 2242 yentis
469 2201 606 2233 voluerit.
651 2201 681 2232 5.
705 2202 757 2234 Ita
785 2205 812 2234 et
838 2203 947 2243 linqua
964 2203 1117 2242 pusillum
1143 2202 1312 2236 membrum

343 2247 397 2285 est,
419 2247 447 2276 et
466 2254 582 2285 magma
604 2245 708 2277 iactat.

432 2329 461 2361 2.
485 2329 599 2361 Plures
620 2330 776 2370 magistri.
821 2329 1012 2363 Communis
1041 2336 1073 2362 et
1096 2332 1162 2363 fere
1185 2334 1314 2371 recepta

345 2372 441 2404 huius
469 2372 530 2404 loci
560 2373 783 2412 interpretatio
815 2378 874 2413 est,
905 2373 988 2413 quod
1019 2373 1181 2406 deterreat
1201 2384 1219 2405 a
1241 2384 1311 2405 mu-

346 2425 423 2446 nere
453 2415 587 2447 docendi
615 2415 806 2456 appetendo:
838 2416 933 2455 idque
956 2427 992 2448 ea
1015 2417 1141 2448 ratione
1164 2418 1239 2457 quia
1261 2426 1312 2457 pe-

345 2457 521 2489 riculosum
556 2459 607 2498 sit,
640 2466 672 2489 et
705 2458 799 2499 gravi
829 2457 893 2489 Dei
922 2459 1038 2491 iudicio
1067 2459 1252 2498 obnoxium,
1286 2458 1313 2490 si

346 2501 418 2540 quis
450 2501 483 2532 in
517 2511 554 2532 eo
588 2501 762 2541 delinquat.
814 2500 936 2532 Putant
965 2507 1072 2533 autem
1104 2502 1233 2541 dixisse,
1266 2511 1313 2532 ne

346 2542 478 2580 multi,
507 2543 559 2574 vel
582 2544 722 2584 plures
745 2543 854 2576 sitis:
886 2544 961 2584 quia
984 2544 1107 2585 aliquos
1130 2555 1200 2576 esse
1222 2554 1313 2585 opor-

347 2589 403 2617 tet.
448 2586 519 2626 Ego
542 2596 620 2617 vero
642 2586 863 2627 magistros
885 2586 1038 2628 intelligo,
1068 2598 1132 2619 non
1155 2588 1209 2628 qui
1232 2586 1312 2627 pub-

346 2627 408 2659 lico
430 2639 564 2660 munere
587 2629 768 2670 funguntur
790 2629 824 2661 in
848 2630 993 2661 ecclesia:
1026 2630 1080 2662 sed
1104 2630 1156 2670 qui
1180 2629 1240 2662 sibi
1263 2629 1312 2660 ius

1177 185 1318 217 EPIS'P.
1344 185 1499 217 IACOBI

2264 188 2327 219 408

1362 292 1532 314 censorum
1556 281 1588 311 in
1613 280 1692 312 alios
1716 286 1884 322 usurpant.
1929 282 2025 314 'Pales
2047 282 2132 314 enim
2156 282 2326 323 repreben-

1361 335 1460 362 soros,
1487 323 1577 363 quasi
1601 323 1744 364 magistri
1768 334 1893 356 morum
1919 324 2027 356 haberi
2050 323 2175 356 volunt.
2220 324 2326 365 Atque

1362 367 1439 398 haec
1471 365 1612 405 loquutio
1643 371 1709 397 tam
1740 366 1875 399 Graecis
1905 377 2001 408 quam
2028 367 2154 398 Latinis
2184 370 2233 398 cst
2263 368 2327 398 usi-

1362 414 1443 446 tata,
1485 409 1656 449 magistros
1698 419 1811 441 vocare
1851 409 1903 450 qui
1941 409 2148 449 superciliose
2182 409 2214 440 in
2249 409 2328 442 alios

1362 450 1635 483 animadvertunt.
1690 450 1785 490 Quod
1825 458 1932 483 autem
1973 452 2091 483 multos
2125 452 2194 483 fieri
2229 456 2328 490 vetat,

1362 495 1432 525 ideo
1454 498 1511 530 ost,
1535 494 1612 534 quia
1634 504 1668 525 se
1691 494 1810 534 passim
1834 494 1928 526 multi
1950 494 2110 535 ingerunt.
2157 494 2217 525 Est
2240 494 2328 526 enim

1363 537 1413 568 hic
1445 537 1538 576 quasi
1573 536 1736 578 ingenitus
1770 536 1912 568 humano
1946 537 2076 578 ingenio
2109 536 2253 576 morbus,
2288 547 2328 568 ex

1362 579 1493 610 aliorum
1538 579 1791 619 reprehensione
1836 580 1954 611 famam
1998 584 2137 620 captare.
2198 578 2330 619 Duplex

1362 626 1466 653 autem
1504 621 1537 653 in
1575 621 1636 654 hac
1673 624 1764 662 parte
1798 622 1915 654 vitium
1950 626 2075 663 regnat,
2112 621 2197 662 quod
2230 631 2328 662 quum

1361 664 1452 705 pauci
1476 663 1672 696 dexteritate
1695 664 1844 705 polleant,
1867 675 1978 697 omnes
2001 664 2181 705 promiscue
2203 664 2238 695 in
2261 674 2328 696 ma-

1361 706 1528 747 gisterium
1566 707 1761 748 irrumpunt.
1817 706 1946 739 Deinde
1979 708 2070 748 pauci
2104 712 2190 739 recto
2223 706 2330 738 studio

1361 749 1536 781 ducuntur:
1570 750 1675 789 potius
1706 751 1792 782 enim
1827 750 2009 792 hypocrisis
2039 754 2072 781 et
2101 749 2235 781 ambitio
2275 759 2329 781 eos

1360 802 1454 832 quam
1480 802 1557 823 cura
1579 791 1742 824 fraternae
1765 792 1879 825 salutis
1901 793 2022 825 incitat.
2069 791 2257 824 Notandum
2280 796 2329 824 est

1360 835 1444 866 enim
1468 834 1621 867 Iacobum
1653 834 1703 866 hic
1727 845 1791 866 non
1815 835 1979 868 dehortari
2002 846 2021 867 a
2043 833 2239 867 fraternibus
2262 844 2330 866 mo-

1360 877 1546 918 nitionibus,
1578 887 1656 918 quas
1680 877 1814 919 spiritus
1848 879 1942 910 toties
1972 883 2004 909 et
2034 880 2204 918 tantopere
2236 877 2330 909 nobis

1362 919 1584 952 commendat:
1608 920 1664 952 sed
1680 920 1886 952 immodicam
1902 921 1990 952 illam
2005 919 2214 961 cupiditatem
2239 919 2329 952 dam-

1361 973 1437 994 nare
1467 973 1549 1003 quae
1571 973 1612 995 ex
1635 963 1809 995 ambitione
1832 963 1978 995 nascitur
2000 973 2036 995 ac
2058 963 2215 1003 superbia,
2252 961 2329 994 dum

1360 1016 1393 1037 se
1409 1005 1544 1046 quisque
1562 1005 1718 1038 adversus
1733 1006 1897 1046 proximos
1912 1006 2015 1045 effert,
2037 1004 2114 1036 dum
2138 1005 2331 1046 obloquitur,

1360 1049 1470 1088 carpit,
1501 1048 1638 1088 mordet,
1672 1053 1703 1080 et
1732 1049 1873 1089 maligne
1901 1048 2034 1089 inquirit
2065 1047 2148 1087 quod
2178 1047 2212 1078 in
2236 1047 2330 1079 sinis-

1361 1096 1443 1122 tram
1473 1096 1598 1131 partem
1628 1091 1742 1132 rapiat.
1796 1091 1885 1123 Fieri
1915 1092 2002 1123 enim
2033 1090 2115 1122 solet
2145 1095 2182 1121 ut
2210 1090 2330 1130 impor-

1360 1134 1430 1165 tuni
1460 1133 1618 1165 eiusmodi
1648 1144 1796 1166 censores
1829 1134 1862 1166 in
1897 1132 2059 1166 sectandis
2081 1132 2217 1164 aliorum
2241 1131 2329 1164 vitiis

1360 1187 1394 1208 se
1424 1176 1601 1208 insolenter
1629 1177 1759 1208 iactent.
1804 1176 1855 1208 Ab
1884 1176 1945 1209 hac
1976 1174 2166 1216 intemperie
2188 1177 2221 1207 et
2243 1184 2329 1207 arro-

1359 1219 1471 1260 gantia
1494 1218 1630 1251 Iacobus
1653 1229 1712 1251 nos
1733 1224 1872 1251 revocat.
1917 1218 2018 1251 Addit
2041 1218 2209 1256 rationem,
2243 1216 2330 1257 Quia

1360 1262 1490 1303 gravius
1513 1262 1667 1294 iudicium
1691 1262 1828 1294 subituri
1851 1263 1917 1294 sint
1940 1261 1995 1303 qui
2016 1262 2051 1293 in
2075 1260 2154 1292 alios
2177 1261 2223 1292 ita
2253 1263 2330 1292 sunt

1359 1305 1474 1336 severi.
1520 1305 1647 1336 Duram
1678 1305 1765 1336 enim
1794 1305 1855 1336 sibi
1884 1305 1988 1346 legem
2018 1304 2156 1344 imponit
2184 1304 2237 1344 qui
2261 1312 2329 1334 om-

1360 1347 1450 1379 nium
1485 1347 1570 1379 dicta
1602 1351 1635 1379 et
1666 1348 1751 1379 facta
1782 1347 1821 1379 ad
1853 1357 2018 1379 summum
2047 1348 2187 1387 rigorem
2211 1345 2330 1386 exigit:

1361 1400 1418 1421 nee
1446 1391 1574 1422 veniam
1604 1394 1748 1422 meretur
1783 1390 1838 1430 qui
1869 1390 1991 1422 nemini
2022 1398 2151 1430 parcere
2180 1388 2330 1421 sustinet.

1362 1432 1529 1465 Sententia
1563 1432 1735 1474 diligenter
1768 1433 1924 1470 notanda,
1958 1431 2023 1463 Dei
2054 1432 2261 1463 severitatem
2294 1430 2329 1461 in

1361 1486 1394 1508 se
1416 1485 1593 1516 provocare
1615 1476 1669 1515 qui
1692 1476 1726 1507 in
1749 1476 1866 1507 fratres
1889 1475 2025 1506 nimium
2048 1479 2125 1506 sunt
2148 1473 2256 1515 rigidi.

1444 1519 1474 1550 2.
1499 1518 1540 1550 In
1569 1518 1675 1550 multis
1702 1519 1785 1550 enim
1814 1517 1959 1550 labimur.
2005 1517 2118 1548 Potest
2146 1517 2207 1548 hoc
2230 1515 2331 1556 accipi

1361 1572 1417 1603 per
1446 1561 1687 1594 concessionem
1717 1561 1852 1593 dictum:
1884 1571 1921 1592 ac
1948 1560 1976 1592 si
1998 1560 2045 1591 ita
2067 1559 2211 1597 dixisset,
2242 1558 2332 1596 Esto,

1361 1610 1395 1636 tu
1429 1605 1462 1636 in
1496 1604 1651 1636 fratribus
1687 1604 1813 1636 invenis
1843 1602 1927 1644 quod
1955 1602 2081 1643 culpes:
2116 1611 2211 1634 nemo
2245 1600 2332 1633 enim

1362 1647 1516 1679 immunis
1550 1651 1598 1678 est
1635 1656 1654 1678 a
1682 1646 1787 1679 vitiis:
1819 1646 1883 1678 imo
1912 1645 2033 1686 singuli
2063 1645 2212 1685 pluribus
2239 1643 2329 1677 vitiis

1361 1691 1517 1722 laborant.
1576 1688 1643 1721 Sed
1686 1694 1822 1729 putasne
1866 1694 1897 1720 te
1935 1689 2114 1729 perfectum
2150 1697 2220 1719 esse
2256 1695 2331 1718 cum

1361 1733 1516 1765 maledica
1547 1736 1579 1763 et
1609 1732 1771 1764 virulenta
1799 1730 1934 1773 lingua?
1979 1731 2064 1762 Mihi
2091 1736 2199 1762 tamen
2223 1729 2328 1770 potius

1362 1776 1490 1807 videtur
1505 1774 1642 1807 Iacobus
1657 1774 1719 1807 hoc
1735 1778 1926 1815 argumento
1949 1784 2007 1806 nos
2029 1773 2152 1804 hortari
2175 1772 2216 1804 ad
2238 1781 2329 1803 man—

1361 1817 1581 1850 suetudinem:
1613 1817 1689 1858 quia
1722 1818 1824 1849 simus
1853 1817 1913 1857 ipsi
1943 1826 2070 1857 quoque
2100 1815 2211 1847 multis
2239 1814 2329 1846 infir-

1361 1860 1527 1892 mitatibus
1543 1859 1742 1892 circumdati.
1778 1859 1894 1900 Inique
1917 1861 2003 1891 enim
2026 1858 2103 1891 facit
2118 1858 2173 1899 qui
2191 1857 2331 1896 veniam,

1361 1914 1424 1944 qua
1456 1913 1537 1944 opus
1570 1903 1677 1941 habet,
1712 1902 1784 1935 aliis
1818 1906 1926 1943 negat.
1983 1901 2037 1934 Sic
2070 1903 2168 1933 etiam
2201 1899 2331 1938 Paulus,

1361 1957 1460 1987 quum
1490 1945 1597 1987 lapsos
1627 1946 1745 1987 corrigi
1774 1945 1863 1977 iubet
1892 1945 2069 1977 clementer
2097 1949 2130 1975 et
2157 1943 2190 1975 in
2214 1942 2331 1983 spiritu

1362 1989 1519 2028 lenitatis,
1553 1988 1664 2020 statim
1699 1988 1788 2020 addit
1817 1987 1940 2030 (Galat.
1967 1987 1998 2028 6,
2029 1987 2075 2029 1):
2111 1985 2329 2019 Considerans

1362 2037 1394 2064 te
1421 2033 1538 2072 ipsum,
1570 2042 1610 2063 ne
1640 2037 1671 2063 et
1700 2034 1736 2062 'tu
1763 2031 1907 2062 tenteris.
1952 2029 2043 2062 Nihil
2065 2030 2152 2061 enim
2175 2032 2224 2061 est
2246 2026 2330 2068 quod

1363 2075 1466 2116 magis
1506 2074 1546 2106 ad
1586 2074 1834 2114 temperandum
1868 2073 2004 2104 nimium
2038 2073 2177 2114 rigorem
2222 2070 2330 2103 valeat

1364 2128 1459 2158 quam
1483 2116 1681 2148 infirmitatis
1704 2122 1833 2148 nostrae
1855 2115 1989 2157 agnitio.

1451 2159 1488 2192 Si
1517 2159 1589 2200 quis
1618 2159 1652 2190 in
1680 2169 1826 2191 sermone.
1871 2159 2048 2199 Postquam
2076 2157 2239 2189 neminem
2261 2163 2331 2187 esse

1365 2202 1447 2234 dixit
1480 2203 1534 2243 qui
1568 2211 1634 2233 non
1667 2202 1766 2233 variis
1799 2201 1901 2233 modis
1934 2205 2058 2241 peccet:
2093 2200 2157 2231 iam
2188 2197 2332 2230 ostendit

1364 2245 1512 2277 morbum
1527 2243 1719 2285 obloquendi
1735 2254 1812 2284 prae
1831 2243 1902 2275 aliis
1924 2243 2063 2283 peccatis
2083 2242 2227 2274 odiosum
2251 2250 2330 2272 esse.

1365 2288 1448 2320 Nam
1472 2288 1556 2328 quod
1580 2287 1655 2319 dicit
1677 2289 1908 2327 perfectum
1933 2296 2022 2318 esse
2051 2285 2106 2325 qui
2129 2284 2242 2325 lingua
2265 2293 2331 2314 non

1366 2331 1497 2362 labitur:
1539 2329 1701 2371 significat
1743 2328 1978 2361 continentiam
2010 2328 2141 2368 linguae
2173 2327 2330 2359 virtutem

1366 2384 1434 2405 esse
1450 2373 1612 2411 eximiam,
1635 2382 1798 2412 unamque
1814 2382 1854 2403 ex
1869 2371 2062 2411 praecipuis.
2099 2369 2209 2409 Quare
2232 2367 2330 2400 nimis

1366 2426 1516 2456 perverse
1549 2415 1668 2448 faciunt
1696 2415 1751 2454 qui
1779 2414 1913 2445 minima
1935 2424 2080 2453 quaeque
2104 2413 2184 2444 vitia
2206 2411 2329 2444 curiose

1366 2459 1576 2499 excutientes,
1605 2458 1638 2489 in
1666 2461 1732 2488 tam
1755 2466 1861 2489 crasso
1883 2455 1943 2488 sibi
1964 2456 2144 2497 indulgent.
2189 2452 2331 2486 Proinde

1366 2502 1531 2542 eleganter
1552 2501 1603 2533 hic
1626 2500 1815 2541 perstringit
1838 2509 2006 2531 censorum
2029 2498 2231 2540 hypocrisin:
2254 2495 2330 2536 quin

1366 2545 1399 2575 in
1421 2555 1478 2576 suo
1501 2544 1659 2582 examine,
1689 2542 1773 2583 quod
1796 2542 2002 2583 praecipuum
2026 2548 2105 2581 erat,
2134 2539 2330 2579 maximique

1367 2587 1529 2625 momenti,
1564 2586 1729 2625 omittunt,
1763 2584 2023 2616 maledicentiam
2057 2583 2185 2616 scilicet.
2247 2581 2331 2613 Nam

1366 2630 1419 2669 qui
1448 2629 1525 2661 alios
1555 2628 1724 2670 castigant,
1759 2628 1860 2660 zelum
1887 2637 1963 2668 prae
1986 2637 2020 2659 se
2043 2627 2151 2658 ferunt
2174 2625 2331 2666 perfectae
