2513 3126
259 213 305 246 39
1019 209 1162 242 EPIST.
1186 210 1248 242 AD
1272 211 1521 244 HEBRAEOS
2219 216 2263 248 40

268 313 317 344 11.
351 311 429 343 sicut
460 310 566 341 *iuravi
596 309 628 340 in
658 308 709 340 ira
737 317 814 346 mea,
849 306 886 339 Si
915 307 1089 348 ingressuri
1117 307 1180 339 sint
1205 308 1239 340 in

263 355 400 394 requiem
427 353 550 392 meam).
591 351 638 382 12.
664 349 768 382 Videte
787 351 914 390 s'ratreS,
937 359 975 381 ne
997 350 1120 390 quando
1142 350 1183 382 sit
1204 351 1241 382 in

263 397 328 429 ullo
356 400 489 428 vestrum
519 405 570 426 cor
594 403 734 434 pravum
762 392 999 429 «incredulitatis,
1029 392 1196 431 deficiendo
1218 405 1240 426 a

267 440 333 471 Deo
358 440 489 470 vivente:
520 437 569 468 13.
597 436 652 468 sed
681 435 888 468 ezhortamini
914 445 966 467 vos
988 435 1074 475 ipsos
1096 435 1239 475 quotidie,

263 482 414 522 quamdiu
436 483 564 512 vocatur
585 480 652 511 dies
674 478 857 510 hodiernus.-
878 488 915 510 ne
937 479 1007 518 quis
1029 488 1066 509 ex
1087 478 1172 510 vobis
1192 479 1238 510 in-

264 526 393 557 duretur
414 523 584 563 deceptione
604 522 728 563 peccati.

348 609 463 650 Pergit
484 609 518 640 in
542 617 600 639 sua
623 606 858 646 exhortatione,
881 610 918 638 ut
941 606 1072 639 Christo
1096 606 1239 646 loquenti

263 652 425 684 obediant.
470 652 518 683 Ac
541 661 604 691 quo
628 650 699 691 plus
722 649 895 690 gravitatis
918 649 1044 686 habeat,
1069 650 1239 681 confirmat

263 705 334 727 eam
367 694 505 726 Davidis
536 693 728 725 testimonio.
774 692 858 723 Nam
888 702 988 732 quum
1019 692 1124 724 acrius
1154 702 1237 732 pun-

262 738 361 779 gendi
386 743 506 776 essent,
533 736 648 767 melius
672 736 732 767 fuit
757 735 907 767 vitandae
930 735 1118 766 offensionis
1141 744 1238 767 causa

262 791 425 822 opponere
449 780 586 812 alienam
611 788 792 819 personam.
832 777 869 810 Si
891 777 1081 818 simpliciter
1100 777 1164 810 illis
1181 788 1236 809 ex-

264 824 449 864 probrasset
483 827 611 862 patrum
646 820 924 861 incredulitatem,
958 821 1067 852 minus
1098 820 1236 861 benigne

265 867 380 898 fuisset
414 865 553 897 auditus.
608 865 652 895 At
681 873 780 904 quum
813 863 974 896 Davidem
1005 863 1152 904 adducit,
1186 874 1237 895 res

263 910 372 941 minus
412 915 459 939 est
492 908 612 938 odiosa.
665 906 803 938 Summa
832 912 939 938 autem
971 910 1037 938 est:
1073 906 1166 938 Sicut
1196 906 1236 938 ab

264 953 359 983 initio
391 951 480 982 Deus
513 951 581 981 voci
613 960 690 981 suae
718 949 840 980 obediri
871 949 989 990 voluit,
1024 949 1236 989 pervicaciam

264 999 372 1026 autem
397 994 481 1024 ferre
505 1003 569 1024 non
593 993 698 1033 potuit
721 993 798 1032 quin
815 1002 928 1023 severe
944 992 1169 1024 ulcisceretur:
1193 993 1237 1023 ita

264 1037 360 1069 hodie
383 1037 444 1067 nisi
469 1035 588 1067 dociles
612 1045 670 1067 nos
694 1034 740 1066 illi
764 1034 986 1075 praebeamus,
1010 1045 1075 1066 non
1099 1034 1236 1066 leviores

264 1080 303 1111 de
322 1084 433 1111 nostra
449 1078 654 1110 contumacia
670 1088 790 1118 poenas
807 1083 1024 1118 sumpturum.
1063 1077 1236 1109 Caeterum

263 1132 421 1162 suspensa
444 1125 494 1153 est
517 1122 619 1152 oratio
643 1130 743 1161 usque
767 1120 806 1152 ad
830 1120 917 1151 illam
938 1127 1062 1160 partem
1079 1120 1134 1152 ubi
1151 1120 1236 1159 dicit,

264 1165 383 1197 Videte
407 1165 533 1202 fratres,
556 1173 597 1194 ne
620 1163 747 1203 quando
771 1164 813 1194 sit
839 1164 872 1194 in
896 1163 971 1200 ullo,
996 1168 1054 1195 etc.
1100 1162 1178 1195 Ideo
1201 1169 1236 1194 ut

263 1208 381 1239 melius
410 1212 583 1239 contextus
613 1207 701 1243 fluat,
734 1206 858 1246 reliqua
886 1207 919 1236 in
948 1206 1159 1246 parenthesin
1189 1207 1236 1237 in·

262 1251 394 1283 cludere
416 1250 598 1282 conveniet.
644 1249 738 1280 Nunc
761 1249 892 1289 singula
914 1249 1027 1280 ordine
1051 1254 1235 1280 tractemus.

350 1293 378 1325 7.
405 1293 491 1325 Sicut
513 1293 585 1323 dicit
607 1293 751 1332 spiritus.
788 1291 860 1323 Hoc
884 1291 979 1332 longe
1004 1291 1075 1332 plus
1098 1292 1237 1324 afficien-

263 1337 314 1368 dis
336 1337 454 1368 animis
477 1335 572 1371 valet,
600 1344 696 1374 quam
721 1335 748 1366 si
773 1334 934 1365 Davidem
959 1335 1089 1366 nomine
1112 1335 1235 1366 citaret.

265 1379 309 1410 Et
340 1379 390 1410 his
420 1378 663 1418 loquutionibus
694 1377 774 1408 utile
805 1383 853 1408 est
883 1387 1077 1416 assuescere,
1107 1383 1142 1409 ut
1171 1388 1236 1409 me-

262 1422 465 1461 minerimus,
496 1421 568 1456 Dei,
600 1431 663 1452 non
691 1420 860 1451 hominum
883 1431 952 1451 esse
977 1430 1070 1452 voces
1093 1431 1174 1461 quae
1196 1431 1236 1452 ex

264 1465 498 1505 prophetarum
533 1463 625 1494 libris
654 1464 872 1503 proferuntur.
923 1463 1026 1495 Porro
1054 1464 1129 1503 quia
1158 1463 1237 1495 haec

263 1508 444 1539 sententia:
475 1506 613 1538 Hodie
641 1506 676 1538 si
705 1516 841 1538 vocem
873 1506 964 1538 eius
993 1506 1236 1544 audieritis,

262 1561 340 1591 pars
359 1556 408 1581 est
425 1550 601 1591 superioris
617 1559 740 1587 versus,
764 1549 894 1589 qnidam
912 1559 976 1580 non
993 1549 1076 1580 male
1093 1554 1235 1586 vertunt,

264 1595 404 1625 utinam.
448 1593 582 1624 Certum
607 1592 735 1632 quidem
760 1597 817 1629 est,
841 1602 942 1632 quum
967 1592 1077 1623 David
1100 1592 1237 1624 Iudaeos

264 1635 460 1676 appellasset
475 1635 540 1666 Dei
562 1635 715 1676 populum
732 1638 765 1666 et
780 1645 867 1672 oves,
890 1635 966 1666 inde
983 1636 1091 1666 statim
1108 1636 1237 1675 inferre,
1263 1637 1264 1643 ¹

264 1679 459 1710 audiendam
483 1688 559 1719 ergo
583 1678 622 1709 ab
644 1678 707 1709 illis
730 1688 800 1709 esse
817 1677 880 1709 Dei
896 1688 1019 1709 vocem.
1057 1678 1129 1709 Illic
1152 1678 1237 1709 enim

265 1731 346 1762 quos
380 1721 420 1753 ad
455 1720 619 1753 canendas
649 1720 719 1752 Deo
751 1721 864 1752 laudes
898 1721 1137 1761 bonitatemque
1170 1722 1239 1752 eius

264 1764 491 1796 celebrandam
531 1764 663 1801 invitat,
703 1763 797 1794 simul
836 1763 987 1795 admonet
1024 1764 1237 1795 obedientiam

266 1808 476 1848 praecipuum
507 1816 576 1838 esse
606 1806 728 1838 cultum
759 1816 854 1846 quem
878 1808 989 1847 exigit,
1020 1812 1052 1838 et
1074 1807 1239 1838 sacrificiis

264 1851 416 1882 omnibus
447 1850 613 1890 potiorem.
666 1849 739 1880 Hoc
770 1858 847 1889 ergo
878 1850 1019 1889 primum
1050 1854 1106 1887 est,
1140 1854 1177 1881 ut
1205 1860 1239 1881 se

268 1893 331 1924 Dei
354 1892 454 1924 verbo
477 1892 659 1924 subiiciant.
707 1890 864 1931 Sequitur
887 1892 1013 1933 deinde,
1036 1892 1093 1924 Ne
1115 1892 1239 1923 obdu-

266 1937 372 1967 retis
403 1935 540 1967 corda:
572 1935 689 1975 quibus
712 1934 818 1966 verbis
843 1935 1005 1966 indicatur
1027 1945 1091 1966 non
1115 1946 1157 1966 ex
1179 1935 1241 1966 alio

267 1979 355 2010 fonte
383 1988 517 2009 manare
546 1982 690 2009 nostram
714 1978 870 2009 adversus
892 1978 999 2009 Deum
1022 1978 1240 2017 rebellionem,

266 2031 363 2061 quam
391 2031 432 2052 ex
456 2021 640 2052 voluntaria
663 2020 881 2061 improbitate,
910 2020 985 2052 dum
1009 2021 1094 2052 illius
1117 2022 1240 2061 gratiae

266 2064 391 2095 aditum
407 2064 615 2095 obstruimus.
648 2063 775 2095 Natura
790 2063 920 2103 quidem
933 2063 997 2094 iam
1014 2073 1067 2095 cor
1084 2064 1240 2095 habemus

267 2107 449 2148 lapideum:
473 2112 584 2146 estque
604 2106 753 2137 omnibus
776 2106 924 2147 ingenita
946 2106 1026 2138 haec
1049 2107 1185 2138 durities
1200 2107 1239 2137 ab

268 2156 371 2189 uter0,
394 2160 491 2190 quam
512 2149 601 2181 solus
619 2149 711 2180 Deus
733 2149 876 2180 emollire
899 2155 932 2180 et
953 2149 1112 2190 corrigere
1124 2154 1238 2189 potest.

268 2192 366 2231 Quod
389 2198 498 2223 tamen
522 2192 704 2232 respuimus
722 2192 784 2223 Dei
806 2201 929 2230 vocem,
952 2192 984 2222 id
1008 2192 1044 2223 fit
1062 2198 1240 2232 spontanea

268 2236 483 2272 contumacia,
507 2245 571 2266 non
596 2240 749 2266 extraneo
772 2235 923 2275 impulsu.
961 2234 1064 2266 Cuius
1087 2235 1133 2266 rei
1152 2236 1237 2274 quis-

268 2289 330 2318 que
360 2278 420 2310 sibi
446 2278 537 2309 testis
565 2284 623 2309 est.
669 2277 811 2309 Proinde
834 2279 950 2309 merito
973 2277 1105 2318 spiritus
1127 2288 1239 2309 omnes

268 2321 450 2353 incredulos
474 2326 603 2352 accusat
626 2320 711 2361 quod
734 2330 769 2351 se
792 2320 862 2352 Deo
885 2325 1058 2361 opponant,
1081 2326 1112 2351 et
1135 2321 1239 2360 pervi-

268 2364 375 2395 caciae
397 2363 458 2395 sibi
480 2363 630 2404 magistri
651 2364 718 2394 sint
740 2373 777 2395 ac
795 2368 934 2401 autores,
959 2373 1000 2394 110
1016 2364 1096 2394 forte
1111 2363 1239 2403 culpam

268 2406 331 2437 alio
350 2406 506 2438 derivent.
544 2406 627 2437 Inde
642 2411 750 2438 tamen
767 2416 936 2446 perperam
953 2406 1122 2447 colligitur,
1141 2416 1240 2445 penes

268 2459 327 2480 nos
346 2449 488 2481 vicissim
507 2459 579 2480 esse
595 2449 729 2480 liberam
745 2448 904 2480 formandi
920 2449 954 2480 in
972 2449 1033 2480 Dei
1048 2448 1238 2489 obsequium

268 2491 374 2523 cordis
396 2492 593 2523 facultatem.
629 2491 717 2531 Quin
740 2491 848 2532 potius
870 2491 903 2522 id
926 2497 1081 2532 perpetuo
1097 2491 1238 2523 accidere

269 2533 456 2565 hominibus
478 2544 608 2566 necesse
630 2540 688 2573 est,
711 2539 747 2566 ut
769 2543 824 2566 001·
839 2545 932 2566 suum
949 2534 1116 2573 obdurent,
1139 2534 1239 2566 donec

268 2576 357 2608 aliud
380 2587 397 2608 0
419 2577 506 2607 00010
529 2577 641 2608 datum
665 2577 770 2608 fuerit.
807 2577 893 2609 Nam
915 2582 952 2608 ut
967 2588 1078 2609 sumus
1094 2577 1133 2609 ad
1150 2577 1239 2608 mali-

269 2620 347 2650 tiam
376 2620 540 2659 propensi,
571 2630 738 2660 nunquam
770 2619 953 2651 desinemus
978 2620 1049 2652 Deo
1078 2620 1238 2659 resistere,

268 2662 371 2693 donec
393 2662 462 2694 eius
485 2671 584 2693 manu
607 2662 718 2693 domiti
740 2662 930 2702 subactique
952 2663 1117 2695 fuerimus.

1369 310 1397 342 8.
1422 309 1508 341 Sicut
1534 309 1569 341 in
1590 310 1825 342 exacerbatione.
1870 310 2002 351 Duplici
2026 312 2150 344 ratione
2174 313 2257 346 utile

1284 351 1343 383 fuit
1370 363 1424 384 eos
1455 352 1493 383 de
1522 354 1651 393 patrum
1674 363 1806 385 suorum
1830 353 2047 385 inobedientia
2070 364 2257 387 commone·

1284 395 1364 427 fieri.
1410 395 1493 426 Nam
1524 404 1624 435 quum
1654 395 1752 428 stulte
1782 396 1911 438 generis
1942 396 1991 428 sui
2021 397 2125 438 gloria
2149 398 2253 430 inflati

1283 441 1400 474 essent,
1433 442 1562 478 patrum
1587 438 1666 470 vitia
1691 448 1786 480 saepe
1809 439 2024 471 imitabantur
2047 450 2105 481 pro
2129 440 2260 472 virtuti-

1285 481 1352 520 bus,
1383 485 1414 511 et
1442 479 1482 511 ab
1511 490 1621 512 eorum
1652 482 1808 522 exemplis
1831 482 2050 514 defensionem
2075 483 2259 523 captabant.

1284 522 1412 555 Deinde
1439 533 1540 563 quum
1563 523 1737 555 audiebant
1760 529 1868 566 patres
1894 525 1962 556 Deo
1987 525 2086 557 fuisse
2110 531 2175 556 tam
2199 527 2261 557 im·

1283 567 1472 606 morigeros,
1495 566 1611 598 melius
1630 566 1704 598 inde
1720 567 1939 608 agnoscebant
1955 578 2049 608 quam
2067 578 2132 599 non
2148 579 2263 609 super·

1284 619 1385 639 vacua
1409 609 1492 640 foret
1514 609 1576 640 ista
1599 609 1785 642 admonitio.
1824 610 1987 650 Quoniam
2016 616 2161 652 tempore
2184 621 2261 652 quo-

1283 662 1344 691 que
1375 652 1509 691 apostoli
1537 657 1673 692 utraque
1702 654 1783 685 ratio
1808 653 1944 691 valebat,
1974 653 2112 685 libenter
2135 663 2262 685 accom-

1285 693 1393 725 modat
1424 695 1508 734 quod
1538 695 1615 726 olim
1645 695 1767 727 dictum
1797 702 1867 728 erat
1896 706 1914 727 a
1943 696 2070 728 Davide
2099 697 2132 727 in
2163 707 2260 728 suum

1291 747 1401 768 usum:
1432 747 1473 767 ne
1501 738 1646 778 patribus
1669 739 1805 770 nimium
1829 738 1947 771 addicti
1971 739 2038 770 sint
2060 740 2113 770 isti
2136 749 2264 780 quoque

1289 790 1366 819 quos
1390 779 1574 820 alloquitur.
1612 780 1720 821 Atque
1743 781 1819 813 hinc
1836 782 2018 823 colligenda
2034 787 2082 813 est
2098 782 2263 822 generalis

1289 822 1448 860 doctrina,
1482 833 1647 863 quousque
1681 828 1811 863 patrum
1843 825 2016 856 autoritate
2050 824 2261 856 deferendum

1289 866 1338 903 sit,
1362 876 1400 897 ne
1417 864 1540 897 scilicet
1555 875 1614 897 nos
1637 865 1677 896 ab
1700 876 1763 897 uno
1781 866 1850 898 Deo
1874 866 2021 899 abducat.
2059 868 2143 899 Nam
2163 869 2189 899 si
2207 868 2262 908 qui

1290 918 1429 948 unquam
1461 914 1570 949 patres
1600 908 1732 939 fuerunt
1763 909 1883 941 honore
1910 909 2010 950 digni,
2043 910 2153 942 Iudaei
2177 915 2264 942 certe

1290 951 1373 982 inter
1403 951 1482 982 alios
1507 951 1723 991 principatum
1747 951 1903 984 obtinent.
1948 952 2048 993 Atqui
2071 954 2264 984 nominatim

1290 994 1364 1024 filiis
1388 994 1545 1034 praecipit
1561 993 1670 1024 David
1694 994 1874 1026 cavendum
1898 1004 1968 1026 esse
1990 1006 2030 1026 ne
2054 996 2119 1026 sint
2135 995 2264 1027 illorum

1290 1036 1418 1067 similes.
1462 1036 1536 1067 Non
1568 1036 1703 1067 dubium
1736 1042 1844 1068 autem
1873 1037 1951 1068 mihi
1976 1043 2025 1069 est
2048 1039 2123 1078 quin
2147 1038 2200 1071 hic
2224 1038 2265 1070 ad

1290 1079 1455 1110 historiam
1495 1079 1657 1119 respiciat,
1696 1089 1777 1119 quae
1815 1080 1934 1120 legitur
1968 1080 2072 1112 Exod.
2108 1090 2176 1121 cap.
2213 1081 2264 1113 17.

1261 1126 1264 1159 Ι
1290 1122 1371 1152 Nam
1397 1122 1521 1154 duobus
1543 1121 1595 1153 hic
1619 1123 1803 1153 nominibus
1826 1123 1927 1154 utitur
1944 1122 2063 1162 David,
2087 1133 2170 1163 quae
2193 1123 2262 1156 loco

1290 1165 1386 1195 fuisse
1417 1175 1457 1196 ex
1488 1175 1523 1196 re
1552 1165 1713 1205 imposita,
1737 1170 1849 1196 narrat
1873 1166 1989 1197 Moses.
2043 1171 2144 1203 ΠΞἾΟ,
2177 1166 2262 1206 quod

1289 1207 1430 1248 iurgium
1461 1214 1518 1238 aut
1548 1207 1829 1239 exacerbationem
1859 1209 2035 1249 significat:
2065 1214 2146 1245 Πῠΰ,
2178 1208 2263 1248 quod

1290 1251 1422 1290 perinde
1445 1250 1532 1282 valet
1555 1260 1592 1282 30
1611 1251 1754 1282 tentatio.
1793 1251 1877 1282 Nam
1901 1256 1932 1282 et
1948 1250 2053 1282 Deum
2078 1255 2260 1290 tentarunt,

1289 1293 1378 1324 illum
1409 1298 1566 1333 negantes
1595 1293 1627 1324 in
1657 1293 1762 1324 medio
1792 1294 1842 1325 sui
1871 1303 1950 1334 esse,
1981 1298 2152 1335 propterea
2175 1294 2262 1334 quod

1289 1346 1390 1376 aquae
1411 1336 1548 1376 penuria
1570 1335 1776 1368 laborabant:
1799 1341 1832 1367 et
1855 1336 1993 1368 eundem
2012 1337 2260 1374 exacerbarunt,

1289 1389 1361 1411 cum
1385 1379 1478 1411 Mose
1508 1379 1653 1410 rixando.
1698 1379 1801 1411 Porro
1823 1389 1925 1420 quum
1948 1379 2087 1420 plurima
2110 1389 2187 1411 suae
2210 1380 2260 1410 in-

1289 1422 1488 1452 credulitatis
1511 1421 1661 1462 exempla
1684 1421 1868 1460 edidissent,
1893 1421 1953 1453 hoc
1976 1423 2146 1463 praecipue
2167 1422 2261 1462 eligit

1289 1464 1405 1503 David,
1438 1464 1513 1504 quia
1545 1474 1622 1505 prae
1655 1464 1728 1496 aliis
1762 1465 1970 1496 memorabile
2003 1467 2082 1497 erat.
2134 1465 2264 1496 Deinde

1290 1507 1440 1547 qnoniam
1463 1507 1599 1548 reliqua,
1629 1517 1748 1548 magna
1771 1508 1885 1539 saltem
1909 1518 1950 1539 ex
1972 1514 2075 1548 parte,
2106 1507 2262 1548 temporis

1291 1551 1403 1581 ordine
1433 1550 1667 1590 subsequutum
1700 1555 1756 1588 est,
1787 1550 2060 1590 quemadmodum
2083 1561 2125 1582 ex
2148 1555 2263 1591 quarto

1289 1593 1370 1624 libro
1394 1592 1496 1624 Mosis
1520 1593 1636 1624 melius
1658 1598 1798 1624 constat:
1830 1593 1885 1625 ubi
1907 1599 2063 1633 perpetua
2085 1593 2262 1625 multarum

1291 1636 1506 1668 tentationum
1530 1636 1652 1676 species
1667 1638 1854 1668 contexitur
1870 1647 1889 1667 a
1904 1637 2008 1677 capite
2023 1636 2155 1674 decimo,
2179 1635 2262 1667 haec

1289 1684 1399 1710 autem
1424 1679 1586 1710 habentur
1605 1679 1765 1711 vicesimo.
1812 1679 1904 1718 Quae
1925 1678 2169 1711 circumstantia
2192 1689 2258 1710 non

1264 1749 1265 1758 ,
1290 1733 1404 1763 parum
1427 1722 1558 1754 sceleris
1574 1722 1800 1762 indignitatem
1817 1726 1925 1763 auget.
1963 1722 2048 1753 Nam
2064 1721 2148 1762 quod
2165 1721 2262 1753 toties

1291 1765 1416 1805 experti
1441 1765 1503 1796 Dei
1527 1765 1688 1803 virtutem,
1718 1765 1825 1796 adhuc
1856 1770 1922 1796 tam
1954 1769 2105 1805 proterve
2127 1775 2200 1796 cum
2224 1774 2262 1795 eo

1265 1808 1472 1848 disceptant,
1506 1813 1539 1838 et
1570 1817 1698 1839 omnem
1730 1807 1779 1838 illi
1804 1807 1900 1839 fidem
1925 1807 2090 1848 derogant,
2123 1812 2263 1848 quantae

1265 1858 1267 1887 ξ
1288 1857 1336 1881 est
1359 1850 1629 1891 ingratitudinis?
1674 1850 1763 1891 Ergo
1787 1851 1925 1890 speciem
1949 1860 2045 1881 unam
2070 1850 2179 1890 posuit
2202 1859 2262 1890 pro

1293 1893 1451 1925 omnibus.
1504 1893 1711 1925 Tentandi
1745 1894 1882 1925 verbum
1916 1893 1950 1924 in
1985 1893 2104 1924 malam
2135 1897 2262 1934 partem

1292 1937 1428 1977 capitur,
1451 1947 1509 1977 pro
1532 1947 1570 1968 eo
1593 1936 1677 1977 quod
1700 1940 1749 1967 est
1767 1936 1904 1976 superbe
1923 1938 1956 1967 et
1972 1936 2063 1976 quasi
2080 1946 2137 1976 per
2152 1940 2267 1967 contu-

1293 1979 1421 2010 meliam
1455 1989 1649 2020 provocare:
1683 1979 1766 2019 quod
1799 1978 1914 2020 gallice
1947 1978 2095 2019 dicimus,
2129 1978 2263 2009 defier

1293 2032 1444 2053 comme
1473 2033 1519 2053 en
1543 2022 1771 2062 despitant.
1817 2021 1900 2052 Nam
1925 2032 2025 2062 quum
2047 2021 2176 2062 saepius
2197 2019 2262 2051 illis

1293 2065 1451 2096 auxilium
1482 2065 1571 2097 Deus
1601 2065 1741 2102 tulisset,
1776 2065 1922 2096 omnium
1952 2065 2171 2101 immemores,
2205 2072 2265 2102 per

1292 2107 1466 2139 ludibrium
1489 2107 1686 2148 quaerebant
1710 2107 1840 2138 ubinam
1863 2112 1946 2139 esset
1969 2107 2039 2138 eius
2061 2105 2211 2148 potentia.

1376 2150 1405 2182 9.
1437 2150 1662 2182 Probaverunt.
1714 2150 1763 2181 Ita
1796 2150 1916 2181 resolvi
1948 2150 2040 2181 debet
2070 2149 2130 2180 hoc
2160 2157 2262 2179 mem-

1293 2193 1405 2224 brum:
1436 2194 1548 2232 Quum
1581 2197 1689 2224 tamen
1712 2192 1904 2233 probassent
1927 2199 1959 2224 et
1981 2192 2140 2224 vidissent
2161 2200 2261 2230 opera

1292 2246 1372 2267 mea.
1417 2236 1502 2267 Nam
1531 2236 1707 2276 impietatis
1733 2236 1857 2267 crimen
1887 2237 2071 2276 exaggerat,
2099 2233 2183 2274 quod
2214 2237 2261 2263 tot

1292 2279 1523 2320 experimentis
1554 2279 1656 2310 edocti
1690 2282 1758 2309 tam
1789 2279 1873 2310 111310
1902 2279 2112 2318 profecerant.
2173 2275 2263 2306 Mira

1292 2323 1378 2353 enim
1401 2321 1547 2354 socordia
1569 2321 1630 2353 fuit
1652 2331 1688 2353 30
1711 2321 1892 2362 stupiditas,
1915 2320 1999 2360 quod
2018 2319 2082 2351 Dei
2103 2319 2261 2350 virtutem

1291 2369 1357 2395 tam
1386 2365 1487 2396 solide
1516 2364 1755 2405 comprobatam
1785 2363 1865 2395 nihil
1894 2362 2116 2395 aestimabant.
2164 2360 2260 2401 Quod

1264 2437 1266 2445 ,
1290 2408 1435 2447 sequitur
1459 2407 1497 2438 de
1520 2407 1804 2448 quadraginta
1826 2406 1963 2446 annis,
1987 2405 2072 2445 apud
2096 2403 2259 2436 Davidem

1290 2460 1362 2481 cum
1386 2449 1596 2490 sequentibus
1618 2449 1779 2481 cohaeret.
1818 2448 1947 2480 Scimus
1969 2453 2078 2479 autem
2098 2446 2260 2488 apostolos

1290 2492 1323 2523 in
1350 2492 1488 2524 citandis
1510 2492 1703 2524 testimoniis
1724 2490 1827 2532 magis
1848 2490 2015 2522 attendere
2037 2490 2078 2522 ad
2100 2499 2259 2522 summam

1290 2536 1346 2573 rei,
1377 2545 1474 2576 quam
1503 2534 1542 2566 de
1567 2534 1675 2567 verbis
1705 2544 1775 2566 esse
1802 2533 1952 2565 solicitos.
1999 2533 2043 2564 Et
2071 2538 2157 2565 certe
2186 2531 2260 2564 ideo

1291 2578 1447 2618 populum
1486 2577 1574 2610 hunc
1613 2577 1707 2609 annis
1746 2576 1962 2617 quadraginta
1995 2576 2164 2608 molestum
2199 2575 2260 2606 sibi

1291 2621 1390 2653 fuisse
1409 2621 1500 2653 Deus
1522 2619 1740 2661 conqueritur,
1764 2619 1847 2660 quod
1871 2622 1919 2650 tot
1942 2618 2096 2651 beneficia
2118 2617 2199 2649 nihil
2218 2616 2259 2648 ad

1292 2673 1366 2694 eum
1394 2664 1604 2696 erudiendum
1632 2662 1836 2703 profecerint.
1882 2662 1992 2701 Quum
2023 2662 2109 2694 enim
2133 2660 2261 2693 assidue
