2513 3126
112 213 170 245 195

107 308 327 351 generationis
350 312 382 340 et
404 318 514 339 omnes
536 307 658 349 gratias
683 307 773 339 nobis
793 306 930 338 conferri
951 305 1074 337 Christi

109 352 274 384 beneficio.
320 351 444 383 Deinde
467 356 590 382 certum
613 356 670 388 est,
699 360 797 390 quum
823 349 901 380 nihil
925 349 1012 379 omni
1035 359 1076 379 ex

109 399 202 437 parte
232 394 414 426 absolutum
445 404 463 425 a
493 393 584 425 nobis
608 393 750 434 prodeat,
782 392 864 423 nihil
888 401 980 432 posse
1002 400 1074 431 gra·

110 446 179 470 tum
210 447 279 469 esse
303 437 372 468 Deo
402 437 471 468 sine
497 436 599 475 venia,
629 446 724 476 quam
750 445 806 475 per
829 434 998 466 Christum
1021 433 1076 463 ob-

111 481 261 512 tinemus.
311 479 363 510 Ita
397 480 433 510 fit
467 485 504 510 ut
534 484 645 510 nostra
674 488 770 518 opera
799 477 923 518 gratiae
951 475 1076 508 Christi

110 523 208 555 odore
238 522 378 563 perfusa,
412 532 544 553 suavem
574 521 785 561 fragrantiam
817 520 940 559 spirent
969 527 1077 549 coram

111 566 191 604 Deo,
216 566 333 605 alioqui
356 565 507 596 soeteant.
545 564 629 595 Mihi
653 574 716 595 non
732 562 880 601 displicet
895 562 934 592 ad
952 565 1076 592 utrum-

110 620 172 650 que
206 608 300 640 simul
335 607 476 639 extendi.
529 606 715 638 Clausulam
750 605 834 635 hanc
868 603 1076 644 precationis:

111 652 177 684 cui
207 651 363 693 gloria,
392 650 432 681 ad
455 649 622 682 Christum
651 647 788 678 libenter
811 646 923 677 refero.
968 645 1077 683 Quum

111 700 219 726 autem
255 694 307 726 hic
340 693 461 724 tribuat
492 691 624 722 Christo
653 690 737 729 quod
768 689 800 719 in
833 688 938 719 solum
970 687 1077 718 Deum

111 738 275 778 competit,
305 735 505 766 luculentum
530 733 589 764 hoc
610 732 706 763 modo
730 731 949 762 testimonium
973 729 1079 761 reddit

111 781 179 812 eius
209 778 382 810 divinitati.
428 776 635 815 Quamquam
666 774 693 805 si
716 774 787 814 quis
811 774 850 805 de
873 778 965 814 patre
988 772 1079 804 malit

111 821 331 862 interpretari,
373 830 437 850 non
478 827 632 858 repugno.
688 816 839 848 Alterum
874 816 979 856 potius
1013 826 1079 846 am-

110 866 242 906 plector,
265 863 338 903 quia
361 862 467 892 minus
491 865 540 892 est
562 864 732 891 remotum.

198 906 258 946 Qui
279 905 385 937 eduxit
406 914 444 936 ex
466 903 605 935 mortuis.

110 950 324 981 firmationem
347 947 494 978 additum
517 952 574 978 est.
609 945 782 986 Significat
800 945 896 981 enim,
922 951 999 976 tunc
1020 945 1080 976 rite

110 992 238 1023 demum
263 1002 281 1022 a
305 990 398 1021 nobis
418 990 523 1021 Deum
547 989 698 1027 invocari,
722 993 757 1019 ut
775 997 832 1019 nos
855 987 895 1018 ad
912 987 1080 1028 perfectio·

111 1045 185 1068 nem
209 1034 357 1071 adducat,
388 1043 486 1074 quum
510 1033 579 1063 eius
610 1032 788 1072 potentiam
820 1031 1025 1071 agnoscimus
1048 1031 1080 1061 in

111 1078 234 1111 Christi
252 1076 496 1112 resurrectione,
515 1074 747 1114 Christumque
760 1075 865 1115 ipsum
879 1074 1081 1114 agnoscimus

111 1126 282 1162 pastorem.
327 1119 367 1150 In
390 1129 524 1154 summa,
557 1117 626 1149 vult
650 1128 707 1149 nos
734 1118 769 1148 in
792 1116 960 1149 Christum
982 1117 1082 1157 respi-

111 1174 192 1201 cere,
217 1169 254 1194 ut
277 1163 356 1194 bene
381 1163 419 1193 de
442 1160 563 1193 auxilio
590 1161 649 1192 Dei
673 1170 848 1200 speremus,
894 1159 979 1190 Nam
1011 1160 1082 1190 ideo

114 1207 274 1239 excitatus
302 1208 351 1237 est
374 1205 527 1237 Christus
550 1215 568 1235 a
591 1209 706 1243 morte,
740 1207 775 1234 ut
799 1213 857 1234 nos
883 1202 995 1234 eadem
1021 1202 1082 1233 Dei

116 1251 236 1281 virtute
258 1258 452 1280 renovemur
474 1248 509 1278 in
533 1247 632 1278 vitam
657 1252 832 1278 aeternam.
879 1246 921 1276 Et
945 1256 1082 1286 magnus

115 1297 164 1325 est
186 1291 330 1323 omnium
346 1297 468 1332 pastor,
496 1294 531 1322 ut
554 1289 614 1322 sibi
638 1300 656 1320 a
680 1294 771 1330 patre
795 1290 983 1320 commissas
1007 1299 1083 1320 oves

115 1340 253 1368 tueatur.
294 1334 357 1366 Ubi
381 1333 534 1366 transtuli
557 1333 595 1364 in
621 1332 842 1373 sanguine,
866 1332 921 1363 alii
943 1331 1083 1363 reddunt

113 1389 171 1420 per
188 1377 396 1418 sanguinem:
421 1377 477 1409 sed
493 1387 592 1417 quum
615 1382 635 1409 Ξ
658 1376 848 1417 plerumque
864 1380 1010 1407 sumatur
1026 1385 1083 1414 pro

112 1432 195 1460 cum,
218 1421 252 1452 in
277 1431 313 1452 eo
336 1431 433 1452 sensu
457 1419 510 1452 hic
533 1420 677 1459 accipere
701 1419 804 1459 magis
828 1418 941 1458 placet.
993 1417 1084 1448 vide-

113 1471 166 1497 tur
189 1465 276 1495 enim
299 1464 380 1495 mihi
403 1462 567 1503 apostolus
591 1463 650 1494 hoc
676 1462 766 1499 velle,
791 1461 956 1493 Christum
973 1461 1018 1491 ita
1034 1470 1084 1491 re-

112 1507 291 1540 surrexisse
315 1518 333 1538 a
359 1506 507 1545 mortuis,
536 1509 572 1537 ut
602 1515 687 1537 mors
717 1508 827 1536 tamen
858 1504 925 1535 eius
956 1514 1018 1535 non
1043 1503 1084 1534 sit

113 1550 241 1585 abolita,
262 1549 318 1581 sed
341 1555 509 1581 aeternum
534 1549 678 1590 vigorem
702 1548 850 1579 retineat.
892 1548 940 1578 Ac
963 1547 991 1578 si
1015 1546 1084 1577 dix-

113 1595 200 1631 isset,
228 1592 318 1624 Deus
342 1592 445 1624 filium
470 1602 563 1623 suum
592 1592 754 1629 excitavit,
786 1590 841 1621 sed
873 1590 918 1621 ita
950 1596 985 1621 ut
1007 1600 1082 1620 san-

112 1637 194 1678 guis,
219 1646 313 1676 quem
330 1635 429 1667 semel
453 1636 485 1666 in
505 1638 607 1666 morte
630 1633 722 1674 fudit,
747 1633 786 1665 ad
803 1633 1002 1665 sanctionem
1019 1633 1082 1663 foe-

113 1679 198 1711 deris
223 1678 356 1716 aeterni,
387 1684 459 1719 post
485 1678 754 1710 resurrectionem
782 1677 900 1717 vigeat,
928 1677 1082 1707 fructum-

112 1733 174 1763 que
196 1732 290 1753 suum
314 1721 465 1761 proferat,
488 1721 621 1761 perinde
645 1731 681 1753 ac
704 1721 730 1751 si
755 1730 882 1760 semper
904 1720 1029 1750 flueret.

198 1765 249 1796 22.
274 1764 390 1796 Hortor
412 1766 511 1796 autem
533 1774 595 1796 vos.
633 1763 773 1802 Quidam
797 1763 842 1794 ita
860 1762 1024 1803 accipiunt
1047 1771 1083 1792 ac

113 1809 139 1839 si
169 1808 366 1840 audientiam
397 1807 457 1838 sibi
488 1808 557 1838 fieri
588 1813 723 1847 peteret:
758 1816 816 1846 ego
851 1805 954 1837 aliter.
998 1804 1083 1835 Nam

113 1860 184 1882 meo
207 1850 335 1888 iudicio,
358 1861 393 1881 se
409 1850 519 1890 paucis
535 1856 589 1881 aut
607 1849 748 1881 breviter
763 1849 931 1888 scripsisse
948 1857 1083 1880 comme-

112 1899 227 1930 morat,
258 1904 299 1924 ne
323 1892 471 1924 videatur
504 1894 649 1924 minuere
673 1891 847 1932 quidquam
879 1891 1017 1922 voluisse
1041 1901 1082 1921 ex

113 1935 301 1976 quotidiano
323 1945 413 1967 more
436 1935 585 1967 docendi:
618 1936 810 1976 praesertim
835 1940 943 1965 tamen
967 1933 1005 1965 de
1029 1944 1083 1964 ex-

114 1978 349 2011 hortationibus
372 1978 522 2019 loquitur,
549 1979 582 2010 iu
606 1977 720 2019 quibus
745 1977 806 2009 fuit
830 1977 967 2009 brevior.
1013 1975 1082 2008 Dis-

976 211 1125 243 CAPUT
1148 210 1245 242 XIII.

647 903 719 934 Hoc
742 901 923 942 epithetum
948 901 987 933 ad
1007 911 1079 932 con·
1105 891 1106 913 ἰ

2053 211 2112 242 198

1128 316 1237 337 camus
1261 316 1337 346 ergo
1361 314 1426 335 non
1450 304 1520 335 ideo
1546 303 1698 335 traditam
1723 303 1814 335 nobis
1834 303 2042 343 scripturam,
2069 308 2107 334 ut

1129 349 1223 379 sileat
1244 348 1331 379 inter
1355 358 1412 378 nos
1438 357 1501 378 vox
1525 351 1707 387 pastorum:
1733 357 1791 378 nec
1814 345 1920 377 simus
1937 345 2107 385 fastidiosi,

1129 402 1228 430 quum
1251 390 1380 422 eaedem
1404 390 1540 421 subinde
1564 389 1694 420 auribus
1719 389 1838 420 nostris
1857 389 2108 420 exhortationes

1130 434 1300 464 insonant:
1325 432 1381 464 Sic
1404 433 1491 463 euim
1516 432 1701 464 moderatus
1718 436 1767 462 est
1790 431 1930 471 spiritus
1949 431 2007 462 Dei
2025 441 2108 472 quae

1131 476 1297 515 prophetis
1320 481 1353 507 et
1383 475 1537 514 apostolis
1560 475 1680 515 scripta
1709 474 1859 511 dictabat,
1891 477 1928 505 ut
1955 474 2108 505 instituto

1131 529 1150 549 a
1172 529 1205 549 se
1230 518 1336 549 ordini
1360 518 1439 549 nihil
1465 517 1644 558 derogaret.
1679 516 1742 548 Hic
1757 522 1864 548 autem
1890 517 1969 548 ordo
1989 520 2049 554 est,
2074 520 2109 547 ut

1131 560 1279 591 assiduae
1302 562 1335 592 in
1364 560 1497 591 ecclesia
1520 559 1764 591 exhortationes
1794 569 1836 590 ex
1859 569 1913 590 ore
1939 564 2109 599 pastorum

1131 603 1312 635 audiantur.
1360 603 1521 634 Fortassis
1545 609 1576 634 et
1601 603 1660 635 hac
1684 602 1722 634 de
1745 612 1843 633 causa
1870 602 2108 633 exhortationis

1132 656 1312 677 sermonem
1343 646 1556 684 commendat,
1587 645 1672 685 quod
1696 655 1794 686 quum
1819 648 1937 675 natura
1962 644 2108 676 discendi

1132 687 1240 727 cupidi
1264 689 1329 719 sint
1359 688 1512 725 homines,
1544 698 1673 728 semper
1702 697 1824 720 novum
1849 686 1971 727 aliquid
2003 687 2108 718 doceri

1133 730 1266 767 malunt,
1291 741 1386 770 quam
1410 731 1448 761 de
1473 731 1567 762 rebus
1593 731 1677 762 notis
1700 736 1731 762 et
1751 730 1879 769 saepius
1904 729 2023 761 auditis
2040 739 2109 760 mo-

1133 772 1213 804 neri.
1238 772 1393 820 'Accedit
1422 774 1518 804 etiam
1542 773 1627 814 quod
1651 783 1750 814 quum
1772 773 1833 804 sibi
1858 772 2051 813 indulgeant
2075 772 2110 803 in

1133 826 1191 847 sua
1214 816 1355 855 pigritia,
1387 826 1482 855 aegre
1504 827 1537 846 se
1560 817 1661 856 pungi
1695 822 1726 847 et
1750 815 1904 855 castigari
1934 814 2109 846 sustinent.

1217 858 1269 889 23.
1303 857 1412 889 Scitote
1432 858 1570 897 fratrem.
1616 859 1780 897 Quoniam
1808 858 1994 889 terminatio
2021 857 2110 888 verbi

1134 902 1241 941 graeci
1265 899 1438 942 γινώσκετε
1463 900 1590 940 utrique
1614 901 1708 932 modo
1731 901 1896 932 convenit:
1922 900 1987 941 legi
2004 903 2110 940 potest

1134 944 1243 983 Scitis,
1268 944 1318 975 vel
1336 943 1468 975 Scitote.
1504 943 1610 982 Atque
1630 943 1708 975 haec
1733 944 1890 983 posterior
1910 943 2005 974 lectio
2030 942 2110 973 mihi

1135 986 1248 1027 placet,
1273 985 1403 1018 tametsi
1428 986 1566 1025 priorem
1591 996 1656 1016 non
1680 987 1797 1017 reiicio.
1833 985 2006 1017 Probabile
2024 986 2111 1016 enim

1135 1036 1192 1068 est,
1217 1029 1346 1061 Iudaeis
1363 1028 1589 1060 transmarinis
1605 1028 1744 1059 indicari
1768 1028 1852 1068 quod
1871 1028 2014 1059 nondum
2031 1028 2111 1059 soie-

1137 1072 1222 1104 bant.
1269 1072 1443 1104 Caeterum
1473 1071 1499 1101 si
1530 1071 1583 1102 hic
1613 1076 1663 1102 est
1686 1071 1876 1102 Timotheus
1909 1071 2024 1102 nobilis
2059 1070 2112 1102 ille

1136 1115 1231 1147 Pauli
1260 1126 1366 1147 comes
1395 1114 1493 1156 (quod
1522 1124 1581 1154 ego
1604 1113 1744 1144 libenter
1768 1113 1899 1155 recipio)
1936 1113 2112 1145 verisimile

1136 1163 1185 1190 est
1200 1159 1326 1190 Lucam
1351 1158 1401 1189 vel
1419 1156 1623 1190 Clementem
1644 1166 1713 1187 esse
1736 1161 1882 1187 autorem
1904 1156 2002 1187 huius
2025 1157 2110 1196 epis-

1138 1201 1231 1233 tolae.
1286 1201 1409 1232 Paulus
1442 1200 1571 1240 quidem
1604 1200 1707 1230 filium
1740 1199 1844 1239 magis
1876 1209 1990 1230 vocare
2020 1199 2111 1230 solet.

1138 1244 1274 1283 Deinde,
1302 1254 1384 1284 quae
1408 1254 1482 1274 mox
1505 1242 1646 1281 subiicit,
1677 1242 1778 1272 Paulo
1802 1252 1865 1272 non
1891 1242 2110 1273 convenirent.

1136 1288 1284 1327 Apparet
1307 1287 1392 1318 enim
1420 1285 1507 1317 hunc
1529 1285 1585 1325 qui
1616 1285 1736 1321 scribit,
1772 1284 1910 1315 liberum
1946 1283 2043 1315 fuisse
2074 1294 2112 1315 ac

1137 1341 1215 1362 suae
1238 1330 1418 1370 potestatis,
1441 1340 1477 1360 ac
1501 1333 1668 1369 praeterea
1692 1327 1766 1358 alibi
1787 1327 1892 1366 potius
1917 1331 1993 1358 tunc
2012 1326 2111 1358 fuisse

1137 1384 1233 1413 quam
1264 1373 1398 1404 Romae.
1450 1371 1520 1402 Imo
1550 1370 1728 1402 verisimile
1758 1376 1806 1401 est
1836 1369 2022 1401 circumisse
2055 1379 2112 1409 per

1138 1417 1244 1447 varias
1268 1416 1373 1454 urbes,
1397 1419 1430 1447 et
1448 1417 1526 1446 tunc
1546 1419 1696 1454 paratum
1713 1413 1811 1444 fuisse
1829 1413 1868 1443 ad
1885 1412 2112 1443 traiiciendum

1137 1470 1235 1491 mare.
1282 1459 1372 1490 Haec
1396 1462 1505 1490 autem
1536 1457 1644 1489 omnia
1668 1456 1719 1487 vel
1742 1456 1851 1487 Lucae
1874 1455 1925 1486 vel
1949 1454 2111 1487 Clementi

1138 1508 1209 1542 post
1233 1502 1328 1533 Pauli
1351 1506 1485 1532 mortem
1509 1499 1653 1532 accidere
1677 1503 1861 1539 potuerunt.

1225 1545 1276 1577 24.
1302 1544 1449 1576 Salutate.
1489 1543 1598 1583 Quum
1623 1542 1782 1574 Hebraeis
1805 1541 2022 1573 communiter
2044 1551 2111 1571 om-

1138 1588 1234 1620 nibus
1258 1588 1341 1619 hanc
1363 1586 1532 1627 epistolam
1556 1585 1686 1623 scribat,
1708 1585 1828 1616 mirum
1853 1590 1902 1615 est
1924 1594 1981 1616 cur
2004 1583 2112 1615 iubeat

1138 1631 1273 1672 aliquos,
1305 1630 1397 1671 quasi
1420 1640 1437 1661 e
1461 1639 1595 1661 numero
1625 1632 1821 1669 segregatos,
1852 1626 2000 1658 salutari.
2046 1625 2112 1658 Sed

1138 1674 1318 1715 praefectis,
1350 1683 1422 1704 meo
1445 1672 1573 1710 iudicio,
1603 1671 1830 1703 salutationem
1859 1669 1943 1701 hanc
1969 1669 2111 1710 peculia—

1136 1718 1215 1749 riter
1238 1716 1401 1757 adscribit,
1432 1715 1565 1747 honoris
1588 1725 1694 1754 causa,
1725 1718 1761 1744 ut
1789 1723 1844 1744 eos
1867 1711 1928 1743 sibi
1951 1711 2110 1749 conciliet,

1137 1760 1358 1801 placidiusque
1374 1758 1414 1790 ad
1430 1768 1622 1790 consensum
1639 1756 1804 1789 doctrinae
1821 1754 1970 1786 adducat.
2000 1754 2112 1793 Quum

1137 1803 1228 1835 addit
1259 1806 1430 1834 sanctos
1463 1812 1614 1832 omnes:
1650 1799 1700 1831 vel
1730 1798 1840 1830 fideles
1871 1797 2023 1838 intelligit
2056 1797 2111 1837 qui

1137 1850 1231 1878 erant
1253 1856 1294 1877 ex
1318 1845 1494 1885 praeputio,
1526 1849 1563 1875 ut
1585 1843 1689 1875 colere
1718 1842 1803 1873 inter
1825 1851 1859 1872 se
1893 1840 2018 1872 discant
2041 1840 2112 1871 uni-

1138 1894 1237 1920 tatem
1260 1887 1372 1920 Iudaei
1397 1892 1429 1919 et
1455 1887 1607 1928 gentiles:
1643 1885 1692 1917 vel
1725 1884 1787 1916 huc
1819 1887 1952 1924 spectat,
1987 1886 2023 1914 ut
2054 1882 2110 1922 qui

1138 1933 1220 1964 hanc
1243 1930 1414 1972 epistolam
1435 1929 1611 1962 habuerint
1635 1928 1737 1970 primi,
1767 1937 1840 1959 cum
1871 1926 1942 1957 aliis
1964 1935 2111 1957 commu-

1138 1976 1258 2007 nicent.

1863 2713 1911 2739 13·
