2513 3126
1068 219 1208 250 El‘ls'r.
1233 221 1259 250 A
1267 219 1295 250 D
1321 220 1476 251 HEBRA
1485 220 1569 251 11Οὸ

398 322 446 352 24.
473 319 515 351 Ε(
545 319 770 349 ‹·1»1.<i‹lcremi‹s
794 327 847 347 nos
872 319 973 347 ›nectuo
998 317 1027 346 in
1053 316 1286 347 aemulationem

311 365 451 396 caritatis
484 366 508 392 sl
541 362 686 391 (umorum
719 370 858 399 operum:
902 360 952 390 25.
983 369 1077 398 neque
1110 359 1286 389 ‹lesco-mnus

312 406 554 447 ‹15111›'‹·51(1!1'‹»1‹'m
584 403 692 439 nostri,
721 402 978 441 quemadmodum
1008 412 1071 432 mos
1093 404 1137 432 esc
1159 401 1285 441 quibus-

312 451 398 480 dum.-
431 448 483 478 scd
512 446 714 484 crhortcvmr,
748 445 839 483 *idque
868 454 901 475 eo
931 445 1041 485 mayis,
1071 445 1146 483 quia
1175 444 1286 475 videtis
1312 463 1313 483 ,

312 491 607 531 ‹iguropinquantem
635 489 724 520 (lim.
771 488 820 518 26.
853 487 1032 519 'Volmilarie
1055 487 1135 518 enim
1159 496 1285 526 peccau-

312 534 392 565 libus
416 532 501 564 nobis
525 534 595 571 post
616 534 768 570 acceptam
792 531 932 561 ¹veritatis
954 530 1105 566 notitiam,
1137 540 1197 561 non
1220 540 1285 560 am-

306 577 393 615 ,alius
411 575 596 614 relinquitur
615 584 673 613 pro
692 574 824 612 pcccatis
847 573 962 605 hostia:
994 573 1045 603 27.
1069 573 1122 604 sed
1137 572 1287 604 terribilis
1311 586 1312 590 ¹

311 618 493 658 ‹asspectat‘io
523 617 648 655 iudicii,
682 619 708 647 et
738 616 821 647 :elus
849 617 933 656 iynis
960 616 1014 654 qni
1043 615 1202 647 devorabit
1230 616 1285 646 ad-
1312 641 1313 644 ,

312 661 474 692 ιὀνεανίοε.

396 746 447 777 24.
480 746 714 777 Consideremus
740 754 796 775 wios
818 747 930 775 mutuo.
977 743 1049 775 Non
1073 743 1183 775 dubito
1208 744 1284 782 quin

311 789 447 820 Iudaeos
488 788 693 828 peculiariter
733 787 903 827 compellet
949 786 1008 818 hac
1049 786 1284 817 exhortatione.

310 832 421 863 §citur
450 837 571 871 quanta
600 831 697 861 fuerit
720 830 826 871 gentis
849 830 935 861 illius
958 830 1154 870 arrogantia.
1200 828 1286 867 Quia

310 875 427 915 posteri
445 879 539 905 erant
554 873 718 912 Abrahae,
741 872 964 914 gloriabantur
979 883 1013 903 sc
1029 872 1122 908 solos,
1142 870 1285 902 exclusis
1311 892 1312 908 ,

310 917 440 957 reliquis
463 916 621 953 omnibus.
645 916 679 946 in
705 916 816 947 foedus
832 916 919 947 vitae
938 920 1089 946 aeternae
1109 924 1127 945 a
1143 913 1285 945 Domino

310 971 378 991 csse
401 964 573 1000 cooptatos.
615 959 687 990 'Pali
711 959 935 999 praerogativa
958 957 1062 989 inflati
1086 967 1184 996 quum
1208 966 1285 996 prae

310 1014 342 1034 sc
366 1012 477 1034 omnes
507 1002 586 1034 alios
609 1001 744 1042 populos
768 1001 979 1042 despicerent,
1007 1000 1066 1031 soli
1090 1001 1122 1030 in
1147 998 1210 1030 Dei
1233 1009 1283 1031 ec-

308 1045 405 1076 clesia
428 1046 551 1076 censeri
575 1045 742 1076 volebant:
772 1045 837 1075 imo
863 1043 1068 1085 superciliose
1091 1042 1152 1073 sibi
1176 1042 1284 1073 vendi-

308 1087 425 1119 cabant
452 1088 603 1120 ecclesiae
634 1087 774 1119 titulum.
819 1087 859 1118 In
890 1087 949 1117 hoc
972 1087 1058 1117 tastu
1081 1084 1284 1125 corrigendo,

307 1130 447 1162 multum
481 1141 597 1171 operae
634 1140 761 1162 sumere
798 1130 958 1170 apostolos
994 1129 1149 1169 oportuit:
1188 1127 1285 1168 idque

308 1183 409 1213 nunc,
440 1183 513 1205 meo
543 1173 675 1212 iudicio,
705 1173 772 1214 agit
802 1172 979 1212 apostolus,
1009 1181 1050 1202 ne
1080 1171 1284 1211 aegreferant

308 1216 419 1247 Iudaei
453 1216 514 1248 sibi
548 1216 698 1248 associari
733 1220 861 1256 gentes,
895 1219 928 1245 et
957 1215 989 1245 in
1018 1214 1102 1246 idem
1132 1213 1284 1245 ecclesiae
1310 1240 1311 1252 ,

1309 1257 1311 1268 ²
1337 1261 1489 1298 temptus,
1520 1258 1697 1295 morositas,
1728 1258 1860 1297 invidia,
1889 1258 2059 1289 immodica
2089 1258 2192 1289 nostri
2214 1258 2310 1290 aesti-

307 1268 424 1300 corpus
446 1269 556 1291 secum
580 1259 767 1291 coalescere.
807 1259 855 1289 Ac
877 1258 1016 1298 primum
1039 1256 1168 1297 quidem
1192 1256 1283 1288 dicit:

307 1301 549 1334 consideremus
572 1311 630 1333 nos
653 1306 781 1333 mutuo:
806 1311 880 1331 113111
904 1305 982 1331 tunc
1001 1299 1092 1331 Deus
1115 1298 1282 1331 ecclesiam

308 1344 480 1385 colligebat
502 1355 542 1376 ex
565 1345 718 1385 gentibus
741 1348 774 1375 et
790 1343 927 1381 Iudaeis,
950 1343 1034 1374 inter
1057 1353 1136 1382 quos
1156 1352 1283 1382 semper

308 1388 412 1419 fuerat
445 1397 599 1428 magnum
633 1387 814 1418 dissidium:
850 1393 886 1417 ut
921 1386 999 1417 haec
1032 1385 1168 1417 societas
1199 1390 1283 1417 esset
1309 1403 1311 1428 ς

960 1428 1073 1469 Itaque
1095 1428 1208 1460 Iudaei
1231 1438 1282 1459 re·
1309 1429 1310 1467 J

1309 1492 1310 1501 1
1336 1482 1456 1510 omnes,
1480 1472 1597 1511 quibus
1620 1476 1756 1512 possunt
1778 1472 1890 1509 modis,
1914 1471 1954 1503 ad
1977 1471 2192 1513 colligendam
2217 1471 2310 1502 undi-

1309 1515 1311 1541 i
1336 1525 1397 1554 que
1420 1514 1587 1546 ecclesiam
1611 1514 1707 1545 eniti:
1731 1524 1805 1546 nam
1829 1514 1889 1546 hac
1911 1513 2097 1546 conditione
2117 1523 2271 1546 vocamur
2293 1524 2311 1545 a

308 1430 410 1462 veluti
433 1430 517 1471 ignis
540 1435 572 1462 et
595 1440 696 1470 aquae
721 1429 913 1461 coniunctio.

307 1473 468 1513 siliebant,
499 1473 583 1513 quod
612 1476 765 1513 putarent
795 1472 966 1513 indignum
991 1481 1062 1502 esse
1085 1475 1199 1512 gentes
1221 1471 1282 1503 sibi

308 1516 497 1556 comparari.
531 1516 618 1547 Huic
638 1525 807 1556 perversae
823 1514 1050 1545 aemulationis
1069 1514 1210 1551 stimulo,
1227 1514 1281 1554 qui

308 1569 362 1590 eos
392 1559 564 1600 pungebat,
595 1559 692 1590 alium
721 1558 919 1589 contrarium
949 1557 1084 1597 opponit
1106 1556 1281 1597 apostolus,

307 1611 423 1642 nempe
454 1602 661 1633 caritatis.
706 1601 791 1632 Nam
818 1600 1029 1642 παροξυσμὸς,
1060 1610 1124 1640 quo
1153 1599 1281 1631 nomine

308 1645 423 1681 utitur,
462 1644 676 1676 contentionis
714 1643 859 1675 ardorem
893 1644 1063 1684 significat.

307 1687 420 1719 Iudaei
447 1688 568 1719 invidia
595 1686 720 1719 accensi
747 1686 787 1717 ad
814 1691 977 1718 certamen
1004 1686 1197 1723 efferantur,
1229 1695 1282 1716 eos

307 1730 347 1760 ad
377 1731 464 1770 piam
495 1730 744 1762 aemulationem
773 1729 941 1761 hortatur:
976 1739 1092 1769 nempe
1123 1734 1157 1760 ut
1180 1739 1215 1760 se
1236 1729 1283 1760 vi-

307 1773 414 1804 cissim
438 1773 477 1804 ad
496 1774 665 1805 caritatem
685 1772 902 1804 exstimulent.
937 1772 1033 1803 Hanc
1049 1771 1281 1812 expositionem

307 1816 477 1847 confirmat
500 1816 583 1856 quod
606 1816 753 1856 proxime
776 1815 934 1855 sequitur,
961 1825 1009 1846 ne
1032 1814 1283 1853 deseramus,

307 1859 427 1898 inquit,
464 1859 817 1900 aggregationem.
880 1858 1028 1889 Notanda
1062 1862 1110 1889 est
1143 1858 1283 1889 nominis

307 1902 413 1940 graeci
448 1903 651 1941 compositio:
686 1911 760 1932 nam
793 1901 843 1932 ἐπὶ
870 1901 1083 1933 accessionem
1113 1901 1282 1942 significat.

308 1944 384 1974 Ideo
415 1945 639 1985 ἐπισυναγωγὴ
669 1944 860 1975 tantundem
890 1943 977 1976 valet
1011 1954 1047 1975 ac
1077 1943 1283 1984 congregatio

308 1987 401 2017 novis
431 1988 639 2018 incrementis
669 1990 772 2018 aucta.
817 1987 908 2018 Tunc
937 1986 1060 2026 pariete
1083 1986 1189 2017 diruto
1218 1996 1282 2025 eos,

308 2029 365 2067 qui
395 2029 490 2060 alieni
522 2030 561 2060 ab
591 2030 725 2061 ecclesia
752 2030 888 2067 fuerant,
921 2029 1011 2060 Deus
1039 2028 1079 2060 ad
1102 2029 1186 2060 filios
1208 2039 1283 2060 suos

310 2071 523 2111 aggregabat:
559 2072 604 2102 ita
637 2078 750 2112 gentes
784 2083 904 2103 novum
934 2076 1028 2103 erant
1055 2075 1088 2103 et
1117 2071 1283 2103 insolitum

310 2114 463 2145 ecclesiae
487 2121 707 2154 augmentum.
742 2115 778 2145 Id
803 2114 913 2146 Iudaei
933 2115 994 2146 sibi
1015 2114 1283 2146 contumeliosum

310 2167 379 2188 esse
413 2157 588 2188 ducebant:
623 2162 658 2187 ut
692 2157 785 2188 multi
820 2158 859 2188 ab
893 2158 1025 2189 ecclesia
1056 2157 1283 2189 discessionem

309 2199 466 2237 facerent,
496 2199 666 2231 honestum
696 2210 730 2230 se
760 2210 800 2230 ex
830 2199 885 2230 tali
916 2201 1053 2231 mistura
1079 2204 1284 2240 praetextum

310 2242 428 2273 habere
451 2247 611 2282 putantes.
646 2242 758 2281 Neque
782 2242 867 2273 enim
892 2242 986 2274 facile
1001 2242 1116 2275 adduci
1135 2247 1284 2283 poterant

310 2290 346 2316 ut
369 2285 438 2316 iure
461 2295 519 2316 suo
541 2285 702 2317 cederent.
737 2284 839 2316 Porro
858 2285 909 2315 ius
927 2285 1107 2325 adoptionis
1123 2285 1283 2326 peculiare

311 2338 346 2359 ac
377 2328 545 2368 proprium
572 2328 633 2360 sibi
661 2338 731 2359 esse
754 2327 1003 2358 arbitrabantur.
1048 2328 1161 2359 Monet
1184 2328 1284 2368 igitur

311 2381 365 2402 eos
395 2371 558 2411 apostolus
588 2381 628 2402 ne
658 2370 836 2410 aequalitas
863 2369 919 2401 illa
942 2370 981 2401 ad
1006 2370 1212 2402 deserendam
1237 2381 1284 2402 ec—

311 2413 440 2445 clesiam
474 2414 562 2454 ipsos
594 2413 724 2445 incitet:
759 2423 795 2445 ac
828 2423 869 2444 ne
901 2413 1047 2444 videatur
1080 2413 1199 2444 frustra
1232 2423 1284 2445 eos

310 2466 457 2495 monere,
495 2460 727 2488 commemorat
764 2456 823 2487 hoc
861 2455 971 2487 multis
1008 2466 1077 2487 0880
1114 2466 1284 2487 commune

311 2499 438 2530 vitium.
482 2499 644 2530 Tenemus
667 2509 754 2530 nunc
776 2498 946 2530 consilium
971 2498 1117 2539 apostoli,
1147 2504 1178 2530 et
1201 2509 1284 2538 quae

311 2551 384 2572 eum
420 2542 595 2573 necessitas
628 2541 795 2582 impulerit
829 2541 869 2573 ad
900 2541 984 2573 hanc
1018 2541 1283 2573 exhortationem.

311 2583 412 2615 Nobis
435 2589 544 2616 tamen
564 2584 639 2616 hinc
655 2584 838 2625 colligenda
853 2587 902 2615 est
917 2584 1110 2616 universalis
1126 2584 1282 2616 doctrina.

310 2626 442 2667 Regnat
463 2628 550 2658 0111111
574 2627 627 2659 1110
650 2627 780 2659 morbus
803 2628 922 2667 passim
941 2627 974 2657 in
995 2627 1137 2658 humano
1156 2637 1283 2668 genere,

312 2676 347 2700 ut
370 2679 404 2701 se
427 2670 561 2710 quisque
589 2670 659 2701 aliis
690 2669 865 2710 praeferat:
897 2680 933 2702 ac
956 2670 1144 2710 praesertim
1170 2676 1206 2701 ut
1229 2671 1282 2710 qui

1120 1643 1208 1683 Ergo
1243 1653 1282 1673 ne
1308 1638 1309 1645 ¹

1311 739 1312 744 1
1338 703 1466 740 petuam
1502 702 1587 733 inter
1619 712 1678 732 nos
1707 701 1921 733 concordiam.

1311 1047 1312 1051 ’
1337 1043 1452 1083 quovis
1483 1043 1578 1074 modo
1608 1044 1659 1075 vel
1690 1044 1824 1082 avellat,
1856 1044 1907 1075 vel
1939 1044 2050 1075 furtim
2081 1043 2226 1076 abducat.

2253 223 2312 255 132

1341 317 1492 348 videntur
1508 317 1540 347 in
1559 326 1592 347 ro
1608 316 1717 356 aliqua
1733 317 1899 357 excellere,
1920 317 2086 349 inferiores
2105 317 2164 348 sibi
2181 321 2311 358 aequari

1339 360 1468 391 nonnisi
1499 370 1594 400 aegre
1624 359 1800 399 patiuntur.
1846 359 1972 391 Deinde
2001 364 2091 391 tanta
2118 365 2166 392 cst
2189 361 2254 392 fere
2279 363 2310 393 111

1339 403 1488 434 omnibus
1511 403 1690 440 morositas,
1714 406 1749 433 ut
1767 402 1826 434 81111
1847 403 1984 434 libenter
2001 403 2146 443 proprias
2162 403 2311 436 ecclesias

1338 445 1459 485 singuli
1490 445 1603 476 facturi
1634 445 1699 475 sint
1729 444 1755 476 si
1787 445 1892 483 liceat,
1926 446 2002 485 quia
2032 445 2161 477 difficile
2192 451 2241 477 est
2271 447 2311 478 ad

1339 487 1473 519 aliorum
1502 498 1607 519 mores
1636 498 1670 518 80
1700 488 1949 519 accommodare.
2005 488 2132 519 Divites
2166 488 2249 520 inter
2277 500 2311 521 se

1311 536 1313 553 1
1339 530 1495 562 invident.
1530 531 1593 561 Vix
1612 530 1806 562 centesimus
1825 531 1962 571 quisquc
1979 531 2116 562 divitum
2133 532 2311 571 reperietur

1339 573 1393 612 qui
1423 583 1579 614 pauperes
1610 574 1763 613 dignetur
1792 574 1928 605 fratrum
1959 574 2089 605 nomine
2112 578 2144 604 et
2166 584 2310 606 numero.

1339 615 1408 647 Nisi
1433 626 1557 647 morum
1582 615 1758 648 similitudo
1781 618 1814 647 et
1837 616 1918 648 aliae
1941 616 2126 655 blanditiae,
2152 617 2199 648 vel
2225 627 2311 649 com-

1339 658 1509 690 moditates
1540 670 1598 690 nos
1627 658 1777 697 alliciant,
1808 658 2033 690 difficillimum
2057 664 2107 691 est
2130 659 2216 691 alere
2241 670 2311 700 per-

1974 702 2083 741 Quare
2113 702 2186 742 plus
2215 712 2310 743 quam

1338 745 1519 776 necessaria
1548 744 1640 775 nobis
1662 744 1811 776 omnibus
1833 749 1882 776 est
1905 745 1967 776 ista
1990 744 2177 783 admonitio,
2206 752 2241 776 ut
2271 745 2311 777 ad

1311 786 1312 792 ¹
1338 786 1504 818 caritatem
1528 788 1636 828 potius
1659 797 1757 827 quam
1781 786 1935 818 invidiam
1957 787 2181 819 stimulemur:
2207 797 2311 828 neque

1338 830 1377 860 ab
1409 829 1447 860 iis
1476 830 1630 861 faciamus
1664 829 1854 867 divortium,
1890 840 1968 870 quos
1996 830 2087 862 nobis
2119 830 2208 862 Deus
2238 840 2310 863 con-

1337 872 1461 912 iungit:
1495 873 1549 904 sed
1580 873 1724 904 fraterna
1752 873 1976 904 benevolentia
1999 873 2234 913 amplectamur
2257 883 2311 904 eos

1337 924 1457 954 omnes,
1490 916 1544 955 qui
1574 926 1608 947 se
1632 916 1706 947 fidei
1738 926 1896 947 consensu
1928 915 2019 947 nobis
2050 916 2220 948 associant.
2267 916 2310 947 Et

1338 962 1424 989 certe
1447 967 1484 989 eo
1507 969 1565 990 nos
1588 958 1628 990 ad
1648 957 1791 990 studium
1815 959 1947 989 unitatis
1967 959 2067 999 magis
2086 959 2226 990 intentos
2243 969 2311 991 0880

1338 1000 1438 1038 dccet,
1462 1010 1522 1040 quo
1545 1001 1650 1033 acrius
1673 1001 1828 1042 advigilat
1851 1001 1954 1032 Satan
1977 1006 2013 1032 ut
2036 1011 2092 1033 nos
2116 1001 2154 1033 ab
2178 1002 2311 1034 ecclesia

1338 1087 1393 1117 fiet
1415 1086 1442 1117 si
1465 1096 1559 1117 nemo
1582 1086 1642 1118 sibi
1665 1087 1738 1127 plus
1762 1096 1862 1127 aequo
1885 1086 2018 1127 placeat,
2046 1086 2101 1118 sed
2125 1097 2225 1118 unum
2250 1087 2311 1118 1100

1337 1129 1538 1169 propositum
1569 1129 1745 1161 habeamus
1775 1140 1895 1168 omnes,
1925 1133 1961 1160 ut
1984 1134 2095 1160 mutuo
2119 1139 2176 1161 nos
2199 1131 2310 1162 incite-

1338 1182 1410 1203 mus
1434 1171 1474 1202 ad
1497 1172 1682 1203 caritatem:
1707 1182 1810 1212 neque
1833 1172 1896 1203 alia
1917 1173 2004 1203 inter
2027 1182 2085 1203 nos
2109 1182 2206 1212 quam
2230 1173 2310 1204 bene

1337 1214 1455 1255 agendi
1486 1214 1659 1246 aemulatio
1683 1215 1801 1255 vigeat.
1846 1215 1929 1246 Nam
1959 1221 2044 1246 certe
2072 1215 2211 1246 fratrum
2239 1225 2312 1247 con-

1336 1301 1451 1341 matio,
1484 1303 1516 1331 et
1545 1299 1626 1332 aliae
1654 1310 1772 1340 pravae
1803 1300 2006 1340 punctiones,
2042 1306 2099 1331 aut
2129 1300 2248 1341 frigere
2278 1301 2310 1332 in

1336 1342 1430 1374 nobis
1454 1343 1630 1381 caritatem,
1661 1347 1717 1374 aut
1744 1343 1866 1374 nullam
1891 1353 2023 1383 prorsus
2046 1353 2115 1375 esse
2139 1348 2310 1375 testantur.

1337 1385 1448 1425 Quum
1472 1385 1570 1417 dixit:
1594 1395 1658 1417 non
1677 1385 1861 1418 deserentes
1877 1386 2149 1427 aggregationem,
2173 1386 2310 1424 subiicit,

1337 1429 1405 1460 sed
1441 1429 1725 1460 exhortantes.
1775 1429 1848 1468 Quo
1882 1429 2058 1469 significat,
2093 1427 2208 1460 debere
2242 1429 2310 1469 pios

1336 1557 1493 1595 Domino,
1528 1562 1564 1588 ut
1597 1559 1708 1598 postea
1739 1557 1866 1589 studeat
1895 1558 2116 1597 unusquisque
2146 1557 2226 1589 alios
2254 1556 2310 1588 ad-

1336 1600 1461 1639 ducere,
1491 1605 1638 1632 errantes
1660 1601 1693 1631 in
1716 1600 1803 1632 viam
1827 1600 1978 1632 reducere
2004 1604 2147 1637 conetur,
2177 1609 2310 1631 manum

1336 1643 1434 1683 lapsis
1463 1643 1617 1684 porrigat,
1646 1643 1768 1675 alienos
1799 1643 1953 1683 acquirat.
1999 1642 2094 1682 Quod
2125 1643 2152 1675 si
2182 1647 2311 1674 tantum

1336 1686 1522 1726 impendere
1549 1686 1701 1718 debemus
1738 1694 1855 1726 operae
1893 1696 1970 1726 erga
2010 1695 2075 1723 eos,
2113 1687 2166 1726 qui
2205 1685 2310 1717 adhuc

1336 1730 1480 1760 extranei
1504 1734 1580 1760 sunt
1601 1739 1620 1760 a
1643 1739 1740 1770 grege
1763 1729 1897 1766 Christi,
1927 1734 2050 1768 quanto
2076 1730 2177 1761 maior
2200 1729 2232 1760 in
2256 1739 2312 1760 ex-

1337 1772 1505 1803 hortandis
1539 1771 1692 1803 fratribus
1726 1773 1901 1813 requiritur
1931 1771 2100 1810 sedulitas,
2135 1781 2214 1812 quos
2244 1771 2309 1802 iam

1337 1815 1429 1846 nobis
1452 1814 1544 1846 Deus
1567 1814 1738 1846 adiunxit?

1421 1857 1472 1889 25.
1507 1857 1768 1897 Quemadmodum
1798 1868 1862 1889 mos
1886 1861 1938 1889 est.
1983 1858 2070 1889 Hinc
2094 1862 2227 1898 apparet
2249 1857 2312 1897 pri-

1337 1911 1422 1931 mam
1460 1900 1669 1932 schismatum
1703 1901 1849 1932 omnium
1884 1901 2041 1942 originem
2079 1900 2163 1933 hanc
2199 1900 2309 1936 fuisse,

1337 1943 1422 1983 quod
1452 1943 1582 1983 superbi
1610 1943 1754 1976 homines
1784 1954 1856 1975 cum
1880 1944 2016 1975 aliorum
2041 1947 2227 1984 contemptu
2250 1941 2310 1974 sibi

1337 1986 1408 2026 plus
1439 1986 1522 2017 iusto
1550 1986 1739 2026 placuerint.
1784 1986 1849 2018 Sed
1881 1997 1980 2027 quum
2009 1986 2168 2025 audimus,
2196 1986 2261 2017 iam
2291 1995 2309 2016 a

1337 2029 1465 2060 saeculo
1495 2029 1710 2069 apostolorum
1733 2029 1829 2061 fuisse
1856 2029 1996 2070 perfidos
2018 2029 2168 2060 homines
2191 2028 2247 2068 qui
2269 2027 2309 2059 ab

1337 2072 1470 2103 ecclesia
1499 2072 1716 2103 discederent:
1745 2072 1850 2103 minus
1880 2072 2011 2112 percelli
2042 2082 2099 2104 nos
2127 2082 2163 2103 ac
2187 2070 2309 2102 turbari

1338 2115 1489 2146 convenit
1505 2114 1647 2146 similibu
1664 2114 1896 2147 edefectionum
1920 2114 2085 2155 exemplis,
2110 2123 2190 2154 quae
2214 2113 2309 2145 hodie

1338 2167 1470 2189 cernere
1496 2157 1580 2189 licet.
1625 2158 1686 2189 Est
1716 2158 1843 2198 quidem
1872 2157 1952 2189 haec
1974 2168 2037 2189 non
2061 2157 2143 2188 levis
2166 2156 2309 2195 offensio,

1338 2210 1435 2240 quum
1460 2200 1605 2232 homines
1628 2201 1683 2240 qui
1706 2200 1833 2241 aliquod
1854 2200 1983 2240 pietatis
1998 2200 2129 2241 signum
2146 2198 2308 2236 dederant,

1338 2248 1370 2273 et
1393 2243 1526 2274 eandem
1556 2243 1724 2275 nobiscum
1744 2243 1840 2275 fidem
1863 2248 1958 2275 erant
1980 2243 2125 2284 professi,
2157 2241 2309 2273 deficiunt

1338 2296 1357 2316 a
1376 2286 1445 2317 Deo
1468 2287 1561 2317 vivo:
1585 2286 1642 2318 sed
1664 2286 1738 2326 quia
1760 2285 1842 2317 nihil
1865 2295 1986 2317 novum
2009 2285 2179 2324 contingit,
2203 2284 2308 2315 minus

1337 2328 1386 2369 (ut
1418 2329 1483 2360 iam
1518 2328 1597 2370 dixi)
1634 2329 1827 2360 commoveri
1865 2338 1923 2360 nos
1961 2328 2061 2360 decet.
2116 2327 2217 2358 Porro
2250 2326 2308 2358 hoc

1338 2371 1516 2403 membrum
1546 2372 1683 2403 inseruit
1709 2371 1881 2413 apostolus,
1910 2375 1945 2402 ut
1973 2369 2157 2401 ostenderet
2187 2380 2222 2401 se
2246 2379 2307 2400 non

1337 2413 1392 2446 abs
1415 2424 1449 2446 re
1472 2415 1518 2445 ita
1540 2414 1644 2454 loqui:
1673 2415 1729 2446 sed
1757 2414 1868 2446 morbo
1890 2413 1954 2445 iam
1978 2413 2142 2454 grassanti
2165 2422 2308 2444 necessa—

1337 2458 1417 2488 riam
1441 2457 1634 2489 medicinam
1658 2457 1784 2489 afferre.

1423 2499 1523 2540 quue
1545 2510 1577 2531 eo
1592 2501 1701 2541 mayis.
1737 2499 1892 2532 Nonnulli
1907 2499 2010 2531 locum
2027 2499 2115 2531 hunc
2131 2507 2308 2538 congruere

1337 2547 1453 2582 putant
1475 2553 1548 2575 cum
1571 2542 1627 2574 1110
1647 2543 1742 2575 Pauli
1764 2543 1870 2583 (Rom.
1888 2541 1938 2581 13,
1963 2542 2031 2583 11);
2055 2541 2147 2573 Hora
2169 2544 2218 2572 est
2240 2549 2308 2571 sur-

1337 2585 1433 2626 gendi
1456 2596 1474 2617 e
1495 2596 1617 2617 somno.
1662 2586 1759 2617 Nunc
1781 2585 1867 2617 enim
1897 2585 2027 2626 propior
2049 2584 2140 2616 nobis
2156 2587 2205 2615 est
2220 2583 2307 2614 salus

1337 2638 1434 2668 quam
1469 2639 1568 2668 quum
1603 2629 1804 2660 credidimus.
1852 2627 1923 2668 Ego
1953 2637 2030 2660 vero
2063 2627 2172 2668 potius
2205 2625 2308 2672 sentio

1338 2670 1390 2703 hic
1412 2671 1608 2703 mentionem
1633 2672 1672 2703 de
1688 2671 1799 2703 ultimo
1815 2670 1937 2702 Christi
1956 2670 2098 2702 adventu
2115 2669 2195 2708 fieri,
2217 2677 2308 2700 cuius
