2513 3126
285 233 326 263 ‘23
1036 225 1176 257 EPIST.
1202 225 1265 257 AD
1290 224 1538 257 HERRAEOs
2242 226 2285 258 24

287 334 436 370 apparet:
469 325 661 369 prodigia
686 329 804 361 mitem,
835 322 917 362 quod
944 332 1060 353 novum
1086 322 1205 362 aliquid
1230 328 1262 353 et

288 373 478 404 inusitatum
511 369 697 401 continent:
732 367 884 402 virtutes,
919 365 1004 405 quod
1036 364 1196 395 Dominus
1229 366 1260 396 in

288 416 350 447 illis
375 413 538 454 singulare
562 418 591 441 et
616 408 912 441 extraordinarium
939 408 1070 438 virtutis
1093 418 1169 439 suae
1193 417 1262 448 spc-

287 460 389 490 cimcn
414 456 488 486 edit.
535 454 573 484 In
598 452 756 484 vocabulo
786 451 972 488 attestandi,
1004 456 1134 481 notatur
1157 457 1262 482 rectus

288 498 518 532 miraculorum
545 506 632 534 usus,
655 505 771 535 nempe
788 494 872 533 quod
889 492 1080 524 stabiliendo
1095 493 1262 533 evangelio

288 543 410 574 servire
448 540 577 571 debent.
633 539 716 569 Fere
754 538 839 568 euim
878 537 986 567 omnia
1018 536 1263 576 quibuscunque

287 584 423 616 sacculis
446 582 532 614 edita
555 583 674 613 suerint
698 579 861 616 miracula,
886 579 971 610 hunc
991 579 1086 609 finem
1114 578 1262 610 habuisse

289 627 497 668 reperiemus,
522 631 555 656 ut
580 624 670 655 verbi
694 623 754 653 Dei
779 627 887 653 essent
910 621 1023 661 sigilla.
1062 620 1135 660 Quo
1159 622 1263 662 magis

287 673 494 710 praepostera
524 674 573 699 est
604 667 803 708 papistarum
834 665 1034 704 superstitio,
1068 664 1122 704 qui
1151 665 1262 695 fictitia

287 723 346 744 sua
381 711 537 743 miracula
564 710 603 740 ad
634 709 803 740 veritatem
832 707 893 738 Dei
925 707 1178 738 labefactandam
1209 706 1262 738 de-

288 758 450 795 torquent.
504 752 698 785 Coniunctio
729 752 786 781 σὺν
817 750 867 781 vel
902 749 1015 788 simul,
1049 749 1135 780 hunc
1167 749 1264 781 habet

290 808 432 836 sensum,
455 806 513 827 nos
536 797 567 826 iu
593 795 656 826 fide
679 793 841 834 evangelli
864 793 1048 825 confirmari
1071 792 1263 833 symphonia

289 841 428 881 quadam
462 839 521 870 Dei
552 843 584 869 et
615 837 800 869 hominum:
835 836 986 876 quoniam
1017 835 1171 866 miracula
1203 835 1262 866 Dei

287 884 380 924 quasi
411 881 587 913 testimonii
621 881 691 911 vice
721 889 794 910 cum
832 878 1000 909 hominum
1026 887 1105 909 voce
1128 887 1262 909 consen-

288 928 380 957 tiant.
426 924 525 955 Addit
549 923 728 963 spiritus
758 922 897 953 sancti
922 920 1263 958 distributiones,

288 969 404 1009 quibus
435 967 532 998 etiam
563 972 676 997 ornata
707 965 768 996 fuit
797 964 957 1004 evangelii
987 964 1142 1002 doctrina,
1173 964 1264 994 cuius

289 1010 482 1052 appendices
505 1010 647 1040 fuerunt.
689 1008 852 1046 Quorsum
877 1008 963 1038 enim
988 1007 1152 1037 distribuit
1175 1006 1264 1037 Deus

289 1054 422 1094 spiritus
446 1053 495 1084 sui
514 1052 606 1090 dona,
631 1051 691 1082 nisi
708 1051 827 1091 partim
845 1052 881 1081 ut
899 1050 985 1080 illius
1009 1049 1264 1089 promulgandae
1290 1041 1292 1069 ῗ

289 1096 474 1127 adiumenta
505 1100 625 1134 essent,
655 1094 772 1134 partim
797 1103 874 1124 vero
898 1098 935 1123 ut
958 1092 1168 1123 admiratione
1193 1102 1263 1131 per-

288 1144 455 1170 moverent
478 1138 646 1168 hominum
672 1136 796 1168 animos
813 1135 852 1167 ad
871 1134 1135 1175 obsequendum?
1170 1134 1264 1166 Unde

288 1181 411 1213 Paulus
446 1180 536 1219 dicit,
574 1180 702 1220 linguas
736 1189 805 1210 esse
839 1179 871 1209 in
907 1179 1035 1219 signum
1071 1177 1263 1209 infidelibus.

290 1223 472 1260 Particula‚
512 1222 734 1255 secundum
772 1222 861 1253 eius
899 1221 1175 1259 voluntatem,
1209 1221 1264 1251 ad-

291 1272 401 1298 monet
431 1267 570 1298 virtutes
592 1266 682 1302 istas,
713 1275 849 1305 quarum
881 1264 1044 1303 meminit,
1079 1274 1143 1294 non
1174 1273 1264 1303 posse
1290 1282 1292 1288 ›

291 1310 430 1341 adscribi
454 1310 516 1340 nisi
532 1308 618 1340 Deo:
644 1317 702 1338 nec
721 1315 839 1338 temere
858 1307 955 1338 fuisse
972 1307 1085 1346 editas,
1108 1306 1163 1337 sed
1179 1312 1265 1338 certo

292 1353 361 1384 eius
385 1352 529 1391 consilio,
552 1357 588 1383 ut
610 1351 770 1392 evangelii
794 1350 890 1381 fidem
915 1350 1135 1390 obsignarent.

377 1438 406 1469 5.
431 1437 506 1468 Non
528 1437 611 1468 enim
633 1436 753 1477 anyelz's
784 1435 908 1467 subiecit
932 1435 1031 1467 orbem
1056 1436 1207 1474 tatarum,
1230 1434 1266 1466 cle

291 1491 350 1521 qao
373 1481 540 1520 loquimur.

291 1524 412 1556 dicens:
460 1524 543 1563 Quid
575 1525 618 1554 est
650 1522 738 1553 homo
770 1522 850 1561 quod
882 1531 999 1552 memor
1031 1531 1062 1552 es
1092 1520 1182 1552 eius?
1213 1523 1267 1551 aut

290 1567 380 1606 filias
408 1566 560 1606 hominis,
590 1565 670 1605 quod
698 1565 809 1596 visitas
839 1565 932 1595 eum?
979 1564 1006 1595 7.
1029 1562 1177 1595 Minuisti
1198 1573 1266 1594 eum

288 1609 459 1650 paululum
489 1609 526 1640 ab
548 1609 684 1649 anyelis:
710 1608 812 1648 9Zoria
835 1610 861 1638 et
882 1607 992 1639 honore
1013 1607 1167 1639 coronasti
1187 1616 1265 1646 eum,

293 1655 319 1684 et
354 1652 540 1684 constituisti
577 1661 645 1682 eum
681 1661 776 1690 super
811 1660 903 1689 opera
942 1660 1092 1681 „ianuam
1127 1651 1265 1680 tuarum:

293 1695 323 1726 S.
361 1695 474 1726 Omnia
506 1694 661 1726 subiecisti
694 1693 750 1725 sab
777 1693 910 1732 pedibus
942 1693 1017 1724 eius.

293 1741 368 1769 certe
395 1738 444 1769 illi
471 1738 585 1776 omnia,
615 1736 694 1768 nihil
720 1736 843 1776 reliquit
865 1746 925 1767 non
947 1735 1123 1767 subiectam.
1168 1735 1267 1774 Atqui

295 1790 374 1811 nunc
396 1781 529 1812 nondum
556 1780 695 1811 videmus
717 1779 768 1810 illi
790 1780 893 1810 omnia
915 1779 1063 1810 subiecta:
1107 1778 1136 1809 9.
1161 1778 1267 1809 Iesum

294 1826 395 1855 autem
424 1823 478 1863 qai
502 1823 671 1862 paululum
700 1822 884 1853 imminutas
911 1822 974 1861 fuit
1003 1822 1040 1853 ab
1063 1821 1191 1862 anyelis,
1220 1821 1267 1852 in·
1291 1854 1292 1858 ,

293 1870 415 1898 tuemur
432 1868 564 1906 propter
579 1866 761 1905 passionem
779 1866 886 1896 mortis
899 1865 1001 1905 yloria
1018 1867 1045 1896 et
1060 1864 1170 1895 honore
1184 1873 1268 1895 coro-

293 1912 415 1941 natum:
441 1911 474 1940 ut
502 1910 607 1949 qratia
630 1908 692 1939 Dei
718 1917 778 1947 pro
808 1908 948 1939 omnibus
975 1909 1113 1948 yztstaret
1134 1909 1267 1938 mortem.

1291 1945 1293 1967 ἲ
1319 1947 1485 1978 Christum
1503 1948 1577 1979 facti
1593 1953 1756 1988 compotes
1772 1948 1909 1979 fuerint:
1933 1948 2087 1987 sequitur,
2111 1946 2291 1977 dominium

380 2003 408 2025 o.
441 1994 514 2026 Non
543 1995 624 2025 enim
651 1993 777 2035 amyclis.
829 1993 904 2025 Alio
934 1997 1125 2034 argumento
1155 2002 1267 2023 rursus

295 2037 409 2077 probat
442 2037 656 2068 obediendum
690 2037 822 2068 Christo
856 2047 940 2068 esse:
979 2037 1054 2076 quia
1091 2035 1140 2066 illi
1177 2041 1267 2075 pater

294 2081 395 2111 totius
415 2079 500 2111 orbis
519 2080 690 2121 imperium
719 2079 865 2118 contulit,
889 2091 907 2110 a
925 2089 987 2119 quo
1012 2079 1134 2110 honore
1157 2077 1267 2118 procul

295 2125 413 2154 absunt
437 2122 554 2164 angeli.
600 2123 694 2154 Unde
717 2123 874 2162 sequitur,
904 2122 987 2153 nihil
1011 2121 1192 2161 angelicum
1217 2121 1267 2150 de-

294 2166 369 2197 bere
399 2176 468 2197 esse
495 2166 726 2205 impedimento
755 2166 927 2204 quominus
951 2166 988 2203 is,
1012 2166 1067 2204 qui
1091 2164 1266 2204 primatum

295 2208 384 2240 solus
415 2214 512 2248 tenet,
545 2210 694 2239 emineat.
740 2207 804 2239 Sed
836 2209 938 2247 primo
962 2208 1030 2239 loeo
1054 2205 1267 2238 excutiendus

295 2257 344 2282 est
374 2251 518 2291 psalmus
548 2261 642 2291 quem
671 2251 816 2282 adducit:
848 2251 924 2290 quia
946 2251 1073 2281 videtur
1097 2251 1205 2289 inepte
1227 2248 1267 2278 ad

296 2294 465 2325 Christum
489 2293 583 2325 trahi.
618 2293 859 2325 Commemorat
882 2294 946 2324 illic
970 2293 1079 2323 David
1104 2291 1266 2328 beneficia,

296 2336 411 2376 quibus
445 2336 624 2367 humanum
660 2347 761 2376 genus
794 2337 998 2376 prosequitur
1028 2335 1128 2366 Deus.

296 2389 392 2418 quam
424 2380 510 2410 enim
538 2379 572 2409 in
603 2380 690 2410 coelo
713 2385 745 2410 et
767 2379 868 2410 stellis
891 2379 1106 2410 consideravit
1128 2377 1190 2408 Dei
1215 2386 1267 2416 po-

297 2422 440 2459 tentiam,
463 2422 502 2452 ad
519 2422 666 2453 homines
682 2421 856 2457 descendit,
876 2422 909 2452 in
928 2421 1044 2461 quibus
1064 2420 1268 2461 peculiariter

297 2471 429 2504 apparet
459 2465 615 2496 mirabilis
642 2465 711 2495 eius
741 2465 875 2495 bonitas.
922 2465 1011 2504 Ergo
1042 2474 1106 2494 non
1136 2463 1174 2494 de
1204 2473 1267 2492 uno

298 2508 446 2546 quopiam
478 2507 609 2538 homine
638 2507 792 2547 loquitur,
827 2506 882 2538 sed
913 2506 952 2537 de
981 2506 1152 2537 universis.

297 2549 448 2589 spondeo,
478 2549 538 2580 hoc
561 2555 663 2580 totum
685 2560 748 2580 non
773 2550 899 2581 obstare
922 2550 1094 2588 quominus
1117 2548 1268 2587 restringi

299 2592 435 2622 debeant
451 2592 529 2623 istae
546 2593 724 2623 sententiae
740 2592 778 2623 ad
797 2592 919 2624 Christi
937 2602 1116 2632 personam.
1150 2590 1269 2621 Fateor
1293 2603 1296 2624 ι

299 2635 427 2674 quidem
457 2635 549 2665 initio
572 2635 757 2666 collocatum
781 2636 880 2666 fuisse
902 2635 1063 2665 hominem
1088 2635 1122 2664 in
1146 2643 1268 2673 posses·

298 2678 388 2709 sione
415 2677 544 2716 mundi,
578 2683 612 2708 ut
642 2677 790 2709 omnibus
820 2677 882 2708 Dei
911 2677 1059 2717 operibus
1090 2680 1268 2717 praeesset:
1294 2674 1296 2706 i

584 1480 612 1511 6.
639 1479 782 1510 Testatus
804 1481 846 1510 est
869 1481 970 1510 autem
992 1478 1120 1517 quidam
1142 1477 1266 1518 alicubi,
1291 1492 1293 1499 ·

1292 1658 1293 1670 1
1319 1656 1376 1677 nos
1395 1656 1508 1686 rapere
1539 1648 1587 1678 fas
1615 1658 1680 1678 non
1703 1653 1760 1679 est.

1072 1692 1267 1724 Subiiciemio
1292 1726 1293 1735 ἵ

1178 2335 1268 2365 Post·
1292 2353 1294 2357 ι

1204 2505 1267 2535 Re·
1294 2528 1295 2539 ,

1317 332 1428 352 vorum
1454 332 1510 351 sua
1535 320 1714 351 defectione
1738 321 1912 360 promeruit
1936 324 1972 351 ut
1996 320 2136 352 dominio
2159 320 2218 354 hoo
2234 323 2287 354 ab-

1316 365 1488 395 dicaretur.
1535 362 1625 394 Haeo
1648 363 1733 394 onim
1758 364 1841 394 iusta
1869 363 1900 394 in
1926 364 2129 395 beneficiario
2152 365 2286 404 ingrati-

1316 407 1437 437 tudinis
1468 415 1572 446 poena
1598 410 1655 442 est,
1679 412 1715 437 ut
1740 406 1906 442 Dominus,
1939 416 2031 446 quem
2062 416 2235 446 agnoscere
2256 412 2288 439 et

1316 450 1420 480 debita
1450 448 1512 479 fide
1541 448 1644 479 colere
1668 454 1804 487 recusat,
1835 449 1902 480 iure
1926 449 2015 489 prius
2039 459 2057 480 a
2080 459 2114 480 se
2137 459 2289 482 concesso

1316 503 1388 523 cum
1419 491 1542 532 spoliet.
1588 491 1676 531 Ergo
1706 492 1800 522 simul
1831 497 1927 532 atque
1952 492 2056 523 Adam
2079 502 2114 523 se
2137 502 2193 532 per
2216 503 2287 533 pec-

1316 542 1421 566 catum
1439 545 1457 565 a
1473 533 1544 564 Deo
1561 534 1724 573 alienavit,
1738 534 1828 565 bonis
1844 534 2001 573 omnibus,
2017 545 2097 574 quae
2114 540 2288 575 acceperat,

1316 578 1431 608 merito
1467 577 1613 616 privatus
1644 579 1703 608 est.
1756 577 1826 608 Non
1862 577 1944 617 quod
1974 587 2068 608 usum
2097 578 2290 617 perdiderit:

1315 620 1370 650 sed
1395 619 1469 659 quia
1489 619 1539 650 ius
1559 618 1740 660 legitimum
1758 621 1897 651 retinere
1917 630 1979 651 non
1997 620 2101 660 potuit
2117 626 2288 661 postquam

1317 663 1421 693 Deum
1456 661 1637 701 reliquerat.
1689 662 1726 693 In
1762 673 1823 694 usu
1853 664 1948 694 ctiam
1980 663 2049 704 ipso
2079 663 2168 695 Deus
2196 663 2290 704 signa

1317 712 1444 736 exstare
1475 704 1667 744 privationis
1698 704 1814 736 voluit:
1848 706 1942 746 quale
1972 711 2020 737 est
2050 705 2133 746 quod
2165 706 2290 738 belluae

1317 748 1465 779 ferociter
1495 748 1526 777 in
1560 758 1617 779 nos
1649 748 1837 788 insurgunt,
1869 754 1901 779 et
1930 759 2011 789 quae
2041 753 2186 780 nostrum
2214 759 2289 780 con-

1317 798 1460 830 spectum
1481 790 1622 821 revereri
1640 789 1828 828 debuerant,
1851 797 1927 823 sunt
1947 792 2038 823 nobis
2055 791 2293 823 formidabiles:

1317 833 1398 873 quod
1430 832 1468 863 ad
1500 832 1688 873 obsequium
1719 833 1800 865 aliae
1831 845 2006 874 nunquam,
2041 834 2122 866 aliae
2153 835 2208 865 vix
2238 844 2290 866 as-

1318 882 1489 907 suescunt:
1524 876 1609 915 quod
1644 884 1761 907 nocent
1795 877 1891 908 variis
1926 878 2045 908 modis:
2080 878 2164 917 quod
2204 882 2291 909 terra

1317 919 1462 950 culturae
1486 929 1548 949 non
1572 919 1759 958 respondet:
1784 919 1866 959 quod
1890 919 2024 956 coelum,
2048 930 2112 957 aer,
2137 930 2234 957 mare,
2259 923 2291 951 et

1318 962 1381 993 alia
1416 961 1507 992 nobis
1542 971 1636 1000 saepe
1664 962 1781 993 infesta
1812 968 1897 994 sunt.
1952 962 2074 993 Verum
2110 968 2148 994 ut
2177 973 2289 994 omnes

1317 1008 1484 1035 creaturae
1513 1004 1547 1034 in
1571 1004 1675 1035 officio
1699 1004 1904 1036 subiectionis
1929 1011 2108 1045 manerent,
2132 1005 2290 1045 quidquid

1319 1055 1425 1077 tamen
1450 1050 1609 1087 usurpant
1632 1047 1688 1078 filii
1706 1047 1806 1084 Adae,
1830 1048 1893 1079 illis
1911 1048 1944 1079 in
1962 1048 2083 1079 furtum
2100 1049 2291 1088 imputatur.

1318 1090 1402 1128 Quid
1433 1090 1518 1120 enim
1549 1099 1644 1121 suum
1675 1101 1744 1121 esse
1772 1090 1890 1131 dicent,
1920 1101 2017 1131 quum
2049 1091 2109 1131 ipsi
2134 1090 2195 1122 Dei
2225 1101 2291 1122 nou

1318 1132 1405 1163 sint?
1442 1132 1512 1163 Hoc
1534 1133 1616 1163 iacto
1639 1133 1859 1172 fundamento,
1883 1140 1970 1173 patet
1992 1134 2086 1165 istam
2110 1133 2173 1164 Dei
2197 1133 2290 1165 bene-

1318 1175 1480 1206 ficentiam
1506 1175 1586 1206 nihil
1607 1176 1646 1207 ad
1664 1187 1721 1207 nos
1737 1177 1909 1217 pertinere,
1934 1176 2033 1208 donec
2050 1186 2106 1216 per
2123 1176 2291 1208 Christum

1318 1219 1502 1249 restitutum
1542 1218 1640 1250 fuerit
1674 1220 1722 1250 ius
1756 1219 1840 1258 quod
1875 1219 1907 1250 in
1943 1219 2047 1250 Adam
2082 1218 2291 1259 perdidimus.

1318 1260 1392 1299 Qua
1414 1262 1539 1295 ratione
1563 1261 1655 1293 docet
1678 1261 1801 1293 Paulus
1819 1261 1862 1303 (1.
1879 1262 1962 1293 Tim.
1978 1262 2008 1299 4,
2031 1262 2073 1303 5),
2096 1262 2292 1293 sanctificari

1318 1304 1408 1334 nobis
1431 1304 1517 1335 cibos
1541 1314 1597 1344 per
1625 1304 1731 1336 fidem.
1776 1305 1820 1335 Et
1843 1305 1917 1336 alibi
1939 1305 2130 1345 pronuntiat
2152 1304 2291 1336 infideli-

1318 1346 1376 1377 bus
1412 1346 1493 1377 nihil
1531 1357 1600 1378 esse
1635 1347 1808 1387 mundum,
1846 1348 1923 1387 quia
1959 1348 2115 1387 pollutam
2150 1347 2293 1379 habeant

1319 1390 1557 1420 conscientiam.
1603 1390 1675 1421 Hoc
1697 1396 1745 1421 est
1772 1390 1854 1430 quod
1883 1390 2054 1421 habuimus
2077 1390 2169 1421 initio
2192 1390 2291 1421 huius

1319 1432 1483 1472 epistolae,
1507 1432 1676 1464 Christum
1693 1443 1710 1464 a
1727 1439 1818 1473 patre
1835 1433 2017 1464 ordinatum
2034 1443 2103 1464 esse
2119 1433 2291 1464 haeredem

1320 1476 1555 1506 universorum.
1600 1476 1697 1507 Certe
1719 1480 1822 1507 totam
1845 1477 1901 1507 uni
1926 1476 2157 1507 haereditatem
2182 1476 2291 1507 vendi-

1319 1518 1436 1555 cando,
1476 1518 1615 1558 reliquos
1650 1529 1762 1550 omnes
1795 1519 1938 1550 excludit
1972 1525 2126 1558 tanquam
2160 1518 2291 1550 alienos.

1319 1561 1362 1591 Et
1392 1561 1523 1592 merito:
1560 1561 1747 1593 exsulamus
1781 1563 1866 1592 enim
1897 1572 2009 1593 omnes
2040 1571 2058 1592 a
2088 1571 2189 1601 regno
2217 1560 2290 1593 Dei.

1320 1603 1410 1642 Quae
1440 1614 1516 1644 ergo
1546 1605 1613 1636 suis
1644 1605 1826 1636 domesticis
1857 1605 2011 1636 alimenta
2035 1604 2219 1642 destinavit,
2250 1603 2292 1635 ad

1808 1649 1852 1679 At
1875 1647 2036 1686 Christus,
2058 1657 2115 1687 per
2138 1656 2234 1686 quem
2257 1647 2291 1678 in

1319 1690 1472 1721 familiam
1503 1694 1700 1730 eooptamur,
1733 1691 1830 1722 simul
1859 1691 1893 1721 in
1924 1691 2108 1721 societatem
2139 1690 2219 1721 iuris
2241 1690 2291 1721 sui

1319 1743 1377 1763 nos
1401 1732 1552 1771 admittit,
1583 1738 1620 1764 ut
1650 1736 1717 1765 toto
1741 1734 1862 1764 mundo
1885 1743 1957 1764 cum
1982 1732 2045 1764 Dei
2068 1732 2292 1764 benedictione

1318 1775 1474 1806 fruamur.
1519 1776 1613 1807 Unde
1645 1782 1675 1807 et
1698 1776 1820 1808 Paulus
1849 1776 1912 1807 fide
1939 1776 2031 1807 docet
2053 1776 2162 1816 (Rom.
2185 1775 2214 1811 4,
2238 1774 2293 1816 13)

1318 1817 1484 1849 Abraham
1519 1819 1637 1850 factum
1669 1829 1738 1851 esse
1769 1820 1939 1850 haeredem
1971 1819 2099 1850 mundi:
2135 1824 2292 1858 quatenus

1318 1861 1437 1892 scilicet
1468 1862 1502 1892 in
1526 1862 1650 1893 Christi
1680 1873 1795 1902 corpus
1826 1862 1940 1893 insitus
1968 1862 2038 1892 fuit.
2083 1861 2178 1900 Quod
2201 1861 2228 1891 si
2251 1860 2292 1892 ab

1319 1904 1406 1934 omni
1430 1903 1492 1935 Dei
1516 1905 1727 1936 beneficentia
1750 1910 1901 1936 arcentur
1925 1905 2082 1944 homines,
2113 1904 2212 1935 donec
2235 1913 2292 1944 per

1318 1989 1408 2029 illud,
1426 1991 1516 2021 cuius
1534 1991 1676 2030 psalmus
1693 1991 1849 2029 meminit,
1864 1990 1954 2021 nobis
1971 1990 2104 2030 periisse
2119 1990 2153 2020 in
2169 1988 2290 2020 Adam:

1319 2033 1452 2072 ideoque
1476 2033 1514 2063 de
1538 2034 1666 2074 integro
1688 2040 1837 2073 oportere
1875 2034 1966 2064 nobis
2003 2033 2208 2063 donationem
2241 2031 2290 2061 in-

1319 2077 1468 2106 staurari.
1520 2076 1622 2107 Porro
1651 2077 1845 2107 instauratio
1875 2086 1893 2106 a
1922 2076 2054 2107 Christo
2088 2081 2240 2114 tanquam
2271 2083 2291 2104 a

1319 2120 1421 2158 capite
1444 2120 1564 2159 incipit.
1605 2119 1678 2150 Non
1703 2123 1753 2151 est
1776 2130 1853 2160 ergo
1877 2119 2006 2150 dubium
2030 2118 2107 2158 quin
2131 2117 2290 2157 respicere

1319 2162 1351 2192 in
1375 2162 1480 2202 ipsum
1504 2162 1677 2193 debeamus
1699 2162 1824 2202 quoties
1847 2163 1956 2202 agitur
1979 2161 2017 2192 de
2041 2160 2180 2191 hominis
2203 2159 2290 2199 prin-

1319 2205 1423 2244 cipatu
1456 2206 1489 2235 in
1520 2215 1630 2236 omnes
1664 2211 1837 2236 creaturas.
1891 2204 1966 2235 Huc
1996 2213 2121 2243 quoque
2151 2203 2292 2242 pertinet

1320 2248 1401 2287 quod
1426 2248 1616 2278 nominatim
1634 2248 1715 2278 dixit
1734 2247 1908 2288 apostolus,
1929 2247 2062 2277 orbem
2086 2245 2289 2276 futurum:

1320 2291 1436 2330 accipit
1464 2291 1550 2321 enim
1581 2300 1640 2331 pro
1671 2296 1834 2321 renovato.
1887 2289 1981 2328 Quod
2010 2293 2046 2319 ut
2075 2288 2195 2320 clarius
2224 2288 2291 2328 fiat,

1319 2334 1538 2373 concipiamus
1579 2334 1697 2364 animis
1739 2333 1897 2373 duplicem
1937 2331 2110 2362 mundum:
2151 2331 2290 2370 priorem

1320 2383 1484 2407 vetustum
1515 2377 1568 2416 qui
1599 2381 1726 2416 peccato
1750 2376 1840 2407 Adae
1863 2380 2032 2413 corruptus
2055 2377 2121 2404 est:
2153 2373 2290 2404 alterum

1320 2419 1431 2449 ordine
1454 2420 1676 2459 posteriorem,
1698 2424 1734 2449 ut
1756 2425 1805 2449 est
1823 2428 1879 2458 per
1894 2417 2061 2448 Christum
2080 2416 2290 2447 instauratus.

1320 2460 1433 2492 Status
1456 2463 1543 2492 enim
1563 2462 1685 2502 primae
1701 2461 1870 2492 creationis
1893 2459 2060 2499 obsolevit,
2083 2464 2116 2489 et
2139 2469 2204 2490 una
2220 2468 2292 2489 cum

1322 2505 1452 2535 homine
1474 2505 1587 2536 cecidit
1610 2504 1715 2544 quoad
1738 2504 1844 2543 ipsum
1868 2502 2040 2533 hominem.
2076 2502 2164 2542 Ergo
2187 2500 2292 2541 quoad

1321 2558 1404 2578 nova
1422 2548 1479 2578 fiat
1499 2548 1659 2578 restitutio
1679 2557 1734 2586 per
1750 2546 1927 2582 Christum,
1953 2545 2094 2584 psalmus
2117 2544 2170 2575 hie
2186 2544 2292 2575 locum

1322 2600 1386 2620 non
1416 2589 1554 2620 habebit.
1600 2590 1696 2620 Nunc
1725 2594 1858 2628 apparet
1887 2598 1951 2618 non
1975 2587 2082 2618 vocari
2109 2587 2218 2618 orbem
2241 2586 2291 2617 fu-

1321 2635 1430 2664 turum
1463 2633 1621 2663 duntaxat
1651 2632 1777 2671 qualem
1808 2641 1825 2661 e
1853 2631 2086 2661 resurrectione
2115 2639 2292 2670 speramus,

1322 2677 1376 2706 sed
1407 2677 1460 2715 qui
1491 2676 1595 2715 coepit
1624 2673 1664 2705 ab
1693 2673 1824 2705 exordio
1859 2673 1950 2714 regni
1980 2672 2119 2704 Christi:
2153 2671 2291 2712 comple-
