2513 3126
279 215 336 246 371
1078 206 1219 240 EPIST.
1243 204 1467 239 IOHANNIS
2207 205 2269 237 372

279 314 442 345 anxietate
479 311 576 341 levati
616 316 708 339 curas
743 317 817 338 suas
857 307 889 337 in
921 305 1026 337 Deum
1062 308 1250 336 exonerent.
1275 306 1279 349 J
1304 303 1399 336 etiam
1431 303 1456 334 si
1488 301 1616 342 quando
1640 302 1782 342 graviter
1805 301 1884 332 iram
1910 301 1970 333 Dei
1994 302 2033 333 ab
2056 301 2133 342 ipsis
2156 311 2269 342 provo—

280 356 393 396 Neque
424 358 531 385 tamen
556 351 635 382 haee
658 350 747 391 quies
770 354 802 380 et
825 349 980 381 securitas
1014 347 1167 389 precandi
1202 357 1249 378 ar-

282 399 390 430 dorem
416 396 615 435 restinguere
640 393 672 424 in
697 392 788 424 nobis
812 391 923 423 debet:
946 395 982 422 ut
1005 391 1059 432 qui
1079 396 1186 421 certus
1202 391 1251 421 est

282 442 320 472 de
344 439 427 471 felici
451 442 579 477 eventu,
603 436 642 467 ab
666 434 848 467 invocando
869 434 937 466 Deo
953 434 1122 466 abstineat.
1157 432 1250 464 Fidei

281 484 365 515 enim
394 479 551 513 certitudo
580 477 757 511 socordiam
789 477 921 508 minime
951 480 1094 518 generat,
1128 475 1179 507 vel
1203 475 1249 515 pi-

280 526 418 567 gritiam.
464 522 529 554 Sed
554 526 682 553 tantum
708 520 777 552 vult
800 519 965 561 apostolus
994 519 1027 550 in
1051 519 1118 550 suis
1141 527 1251 558 quem·

281 578 340 608 que
358 564 602 598 necessitatibus
618 563 830 604 tranquillum
848 572 926 602 esse,
950 562 1003 594 ubi
1021 571 1095 593 euos
1111 560 1251 602 gemitus

281 611 312 641 in
337 609 398 641 Dei
421 608 529 640 sinum
554 606 709 647 deposuit.

368 695 420 725 16.
446 692 482 725 Si
505 693 575 733 quis
597 691 709 723 viderit
728 691 860 731 fratrem
881 699 974 722 suum
991 692 1167 730 peccantem
1179 699 1251 728 pec-

281 740 346 770 cato
367 747 428 769 non
449 736 492 768 ad
513 737 648 773 mortem,
673 735 764 774 petet,
795 736 822 765 et
848 733 933 765 dabit
955 732 1005 764 illi
1027 733 1132 764 vitam.
1179 731 1252 764 Pec-

281 780 364 812 canti
386 779 454 811 dico
477 788 537 810 non
559 778 602 810 ad
624 779 760 809 mortem.
793 775 853 808 Est
869 778 1029 816 peccatum
1052 775 1094 807 ad
1108 777 1251 806 mortem.-

282 833 343 856 non
359 832 422 863 pro
444 821 498 853 fillo
519 821 587 852 dico
608 822 643 852 ut
665 819 737 860 quis
759 822 851 859 royet.
891 818 940 850 17.
963 818 1072 850 Omnis
1094 817 1252 849 iniustitia

277 868 434 908 peccatum
450 867 503 896 est.
534 863 576 894 Et
592 865 636 895 est
645 864 806 902 peccatum
820 871 881 893 non
896 861 938 894 ad
953 863 1087 893 mortem.
1120 860 1170 892 18.
1187 859 1252 892 No-

280 909 383 940 vimus
406 907 486 947 quod
509 906 654 946 quisquis
677 915 715 937 ex
737 904 806 936 Deo
826 905 947 946 genitus
973 906 1024 940 est,
1055 914 1115 935 non
1132 903 1253 942 peccat.-

280 952 334 983 sed
363 951 417 990 qui
439 950 561 990 ymiitus
582 951 626 980 est
648 959 684 980 ex
706 947 783 984 Deo,
813 950 914 979 servat
941 957 974 979 se
996 947 1109 987 ipsum,
1139 948 1166 977 et
1187 955 1253 977 ma-

281 995 385 1035 lignus
406 1003 467 1024 non
489 992 587 1033 tanyit
609 1002 687 1023 eum.

370 1079 419 1110 16.
445 1077 481 1109 Si
504 1078 586 1118 quir,
609 1079 664 1109 etc.
704 1076 864 1108 Fructum
888 1074 971 1115 fidei,
995 1075 1086 1105 cuius
1104 1073 1254 1104 meminit

282 1121 460 1162 apostolus,
494 1121 559 1151 iam
592 1119 720 1160 longius
752 1118 914 1150 extendit:
948 1123 984 1148 ut
1014 1127 1071 1157 pro
1101 1115 1254 1148 fratribus

283 1166 378 1196 etiam
404 1164 533 1195 valeant
566 1173 674 1203 preces
702 1169 842 1193 nostrae.
887 1160 1045 1201 Magnum
1070 1158 1151 1190 illud
1174 1163 1253 1198 erat,

283 1206 367 1248 quod
397 1206 495 1238 simul
519 1215 555 1236 ac
578 1205 766 1246 premimur,
797 1203 934 1244 benigne
961 1211 1020 1233 nos
1043 1201 1134 1233 Deus
1157 1201 1197 1232 ad
1219 1212 1253 1233 se

283 1250 412 1288 invitat,
434 1248 590 1288 nobisque
613 1258 706 1288 opem
731 1248 814 1278 ferre
837 1250 969 1286 paratus
993 1249 1056 1276 est:
1088 1243 1144 1276 sed
1168 1243 1253 1285 quod

284 1302 342 1333 pro
366 1292 438 1324 aliis
455 1301 581 1332 quoque
597 1295 749 1331 rogantes
765 1289 877 1320 audire
896 1288 1043 1325 sustinet,
1067 1296 1134 1319 non
1153 1297 1254 1328 parva

283 1335 359 1366 inde
381 1334 583 1367 confirmatio
605 1333 680 1365 fidei
704 1337 831 1364 nostrae
855 1331 993 1363 accedit:
1017 1334 1053 1362 ut
1071 1334 1159 1362 certo
1183 1339 1252 1370 per-

284 1377 371 1409 suasi
394 1378 494 1409 simus
526 1387 583 1408 nos
607 1377 639 1407 in
662 1376 792 1417 propria
815 1384 911 1405 causa
933 1373 1095 1414 repulsam
1120 1373 1253 1404 minime

285 1430 427 1461 unquam
459 1429 619 1460 passuros.
670 1418 797 1449 Interea
827 1417 977 1448 hortatur
1009 1415 1188 1456 apostolus,
1218 1419 1254 1446 nt

284 1465 385 1494 simus
409 1462 463 1493 alii
485 1462 524 1493 de
548 1462 683 1493 aliorum
707 1461 810 1492 salute
833 1465 946 1490 mutuo
969 1458 1114 1490 solliciti:
1139 1457 1254 1489 deinde

285 1506 357 1537 vult
387 1505 525 1537 fratrum
558 1504 666 1545 lapsus
690 1503 781 1535 nobis
803 1512 873 1533 esse
897 1501 936 1533 ad
960 1501 1116 1533 orandum
1140 1501 1253 1533 incita·

286 1552 406 1579 menta.
450 1548 493 1579 Et
528 1552 613 1579 certe
643 1547 746 1577 ferrea
775 1551 860 1577 esset
889 1544 951 1576 ista
982 1544 1132 1585 durities,
1166 1543 1254 1575 nullo

285 1591 522 1623 misericordiae
559 1600 657 1622 sensu
694 1588 799 1629 tangi,
838 1597 937 1628 quum
973 1587 1097 1618 animas
1132 1586 1255 1618 Christi

285 1634 442 1675 sanguine
466 1633 647 1672 redemptas
666 1632 814 1663 videmus
837 1631 871 1661 in
895 1631 1032 1661 exitium
1048 1630 1103 1662 ire.
1138 1628 1254 1661 Osten-

285 1677 331 1707 dit
366 1680 474 1707 autem
508 1676 542 1706 in
577 1685 675 1706 manu
709 1684 778 1706 esse
811 1673 1004 1712 remedium,
1042 1682 1105 1713 quo
1139 1672 1256 1704 fratres

285 1719 438 1750 fratribus
462 1722 662 1750 succurrant.
708 1716 830 1754 Vitam,
855 1716 969 1757 inquit,
992 1716 1141 1756 pereunti
1165 1715 1256 1746 resti-

286 1766 364 1800 tuet,
389 1762 442 1802 qui
465 1771 524 1802 pro
548 1771 584 1792 eo
608 1760 723 1792 orabit.
761 1759 969 1800 Quamquam
993 1759 1126 1790 verbum
1147 1757 1259 1795 Dabit,

287 1805 398 1836 referri
423 1804 460 1835 ad
485 1803 592 1835 Deum
617 1807 739 1844 potest:
772 1812 808 1833 ac
832 1802 858 1833 si
882 1802 1000 1833 dictum
1025 1806 1118 1840 esset,
1150 1800 1259 1832 fratris

287 1848 387 1878 vitam
405 1846 495 1878 Deus
519 1846 672 1878 concedet
694 1844 845 1886 precibus
865 1845 996 1875 nostris.
1031 1844 1156 1875 Verum
1173 1842 1257 1874 idem

287 1899 414 1930 semper
437 1890 498 1920 erit
523 1899 645 1926 sensus,
669 1898 707 1920 eo
726 1898 829 1928 usque
844 1887 954 1919 valere
977 1886 1121 1918 fidelium
1137 1895 1258 1927 preces,

286 1938 322 1963 ut
345 1933 478 1963 fratrem
503 1941 521 1962 a
544 1937 647 1963 morte
671 1931 818 1971 eripiant.
864 1930 901 1961 Si
925 1929 964 1960 de
987 1929 1118 1961 homine
1141 1928 1258 1960 intelli-

288 1985 355 2016 gas,
379 1974 462 2014 quod
481 1975 534 2006 det
551 1975 645 2006 fratri
662 1975 773 2011 vitam,
794 1972 1003 2014 hyperbolica
1019 1973 1080 2003 erit
1098 1971 1258 2012 loquutio:

288 2017 371 2048 nihil
395 2023 504 2048 tamen
527 2017 705 2049 continebit
728 2016 869 2047 absurdi.
904 2015 988 2046 Nam
1009 2014 1095 2056 quod
1118 2014 1259 2056 gratuita

289 2059 351 2090 Dei
385 2059 528 2091 bonitate
562 2060 652 2091 nobis
685 2069 873 2091 concessum
908 2063 973 2089 est:
1010 2059 1075 2089 imo
1108 2057 1191 2098 qnod
1225 2057 1257 2087 in

290 2102 425 2142 gratiam
451 2108 596 2133 nostram
617 2103 688 2133 aliis
707 2101 905 2139 conceditur,
929 2101 1067 2133 dicimur
1085 2100 1156 2132 aliis
1173 2099 1258 2130 dare.

290 2145 397 2176 Tanta
427 2145 551 2176 utilitas
580 2154 645 2175 non
676 2153 789 2185 parum
821 2153 880 2175 nos
903 2144 1071 2175 stimulare
1094 2143 1196 2181 debet,
1225 2146 1261 2173 ut

290 2189 423 2228 peccata
450 2187 607 2218 fratribus
639 2187 757 2218 nostris
788 2187 907 2217 remitti
941 2191 1097 2227 petamus.
1150 2185 1260 2225 Quum

292 2235 401 2260 autem
419 2229 623 2271 συμπάθειαν
641 2229 732 2260 nobis
748 2228 951 2261 commendat
968 2229 1141 2269 apostolus,
1165 2227 1261 2260 simul

292 2272 443 2304 admonet
467 2276 667 2313 quantopere
689 2272 721 2303 in
742 2271 895 2302 fratribus
912 2271 1103 2303 damnandis
1120 2270 1263 2303 cavenda

293 2315 335 2346 sit
366 2315 547 2352 crudelitas,
579 2320 635 2346 aut
664 2315 697 2345 in
728 2313 927 2354 desperanda
953 2324 1063 2345 eorum
1088 2314 1193 2346 salute
1216 2313 1263 2344 ni-

293 2358 376 2388 mius
400 2358 497 2398 rigor.

381 2400 508 2432 Peccato
532 2410 592 2432 mm
614 2400 656 2431 ad
678 2402 813 2431 mortem.
859 2399 908 2430 Ne
932 2400 1079 2439 protinus
1102 2409 1192 2440 spem
1211 2398 1262 2430 ab·

295 2443 442 2474 iiciamus
461 2443 500 2473 de
516 2453 626 2474 eorum
644 2442 748 2473 salute
765 2443 819 2483 qui
836 2447 977 2482 peccant,
1001 2441 1107 2474 Deum
1124 2441 1265 2473 ostendit

295 2496 360 2516 non
379 2490 445 2517 tam
462 2486 607 2526 graviter
623 2485 734 2516 ulcisci
750 2495 883 2516 suorum
900 2484 1019 2525 lapsus,
1042 2490 1079 2516 ut
1095 2490 1265 2525 propterea

296 2538 350 2559 cos
384 2528 518 2560 abdicet.
574 2528 669 2559 Unde
704 2528 863 2568 sequitur,
900 2528 990 2558 nobis
1023 2538 1080 2568 pro
1114 2527 1266 2559 fratribus

296 2570 474 2610 habendos,
498 2571 627 2611 quando
646 2572 731 2611 ipsos
747 2570 910 2601 Dominus
925 2570 958 2601 in
975 2570 1113 2602 filiorum
1130 2578 1266 2601 numero

297 2613 427 2645 retinet.
474 2613 612 2645 Peccata
635 2624 712 2645 vero
742 2613 781 2644 ad
811 2616 948 2644 mortem
972 2623 1040 2645 esse
1064 2618 1170 2654 negat,
1202 2622 1265 2643 non

298 2655 395 2687 modo
430 2656 464 2687 in
497 2656 613 2697 quibus
648 2655 789 2696 quotidie
827 2656 928 2687 sancti
967 2655 1174 2697 delinquunt:
1212 2654 1265 2686 sed

1303 347 1368 378 cari
1399 345 1575 386 contingat.
1625 343 1789 383 Quamdiu
1819 343 1906 375 enim
1935 344 2049 376 veniae
2079 343 2270 384 relinquitur

1302 389 1405 428 locus,
1445 398 1532 419 mors
1569 396 1701 427 prorsus
1736 387 1906 427 imperium
1944 386 2086 418 nondum
2125 392 2268 427 occupat.

1304 431 1416 472 Neque
1440 436 1545 461 tamen
1571 429 1621 460 hie
1644 429 1730 461 inter
1746 429 1873 461 veniale
1896 433 1928 460 et
1946 428 2081 461 mortale
2103 434 2269 469 peccatum

1303 474 1473 515 distinguit
1496 471 1668 513 apostolus,
1699 473 1789 504 sicuti
1814 478 1924 513 postea
1947 472 2044 513 vulgo
2068 472 2187 504 factum
2210 475 2269 504 est.

1304 516 1442 548 Prorsus
1476 516 1560 547 enim
1596 514 1717 546 insulsa
1748 519 1797 546 est
1827 514 1882 546 illa
1913 513 2089 553 distinctio,
2123 524 2206 555 quae
2235 515 2269 546 in

1303 565 1423 600 papatu
1457 558 1605 590 obtinuit.
1661 557 1794 589 Nullum
1833 557 1899 589 sere
1933 556 2100 590 Serbonici
2135 557 2270 590 mortale

1305 607 1471 643 peccatum
1489 605 1677 642 agnoscunt,
1701 600 1763 632 nisi
1780 601 1813 631 in
1830 600 1944 641 quibus
1961 606 2026 632 tam
2043 610 2149 632 crassa
2164 604 2271 632 exstat

1304 644 1480 685 turpitudo,
1503 650 1537 675 ut
1560 643 1709 675 manibus
1731 643 1855 684 palpari
1874 648 1978 684 queat.
2013 642 2063 674 Ita
2080 644 2112 674 in
2132 643 2270 683 peccatis

1305 687 1487 719 venialibus
1520 689 1653 718 censent
1685 687 1866 717 teterrimas
1901 686 2081 723 foeditates,
2121 695 2202 726 quae
2236 685 2269 717 in

1304 730 1422 762 animis
1455 729 1566 761 latent.
1619 728 1744 761 Omnes
1778 728 1916 770 denique
1948 728 2069 770 peccati
2103 727 2271 769 originalis

1305 773 1437 811 fruetus,
1468 773 1562 804 modo
1595 782 1657 803 non
1687 777 1859 812 erumpant
1888 772 1922 803 in
1952 777 2124 804 externum
2153 777 2270 810 actum,

1305 816 1367 847 levi
1398 815 1604 856 adspersione
1633 825 1734 855 aquae
1761 814 1944 847 benedictae
1968 814 2033 846 elui
2056 817 2181 855 putant.
2227 813 2271 845 Et

1305 858 1380 898 quid
1403 858 1532 895 mirum,
1557 868 1654 898 quum
1679 868 1719 889 ne
1744 857 1946 897 blasphemas
1965 856 2095 898 quidem
2112 856 2151 888 de
2166 856 2271 898 gratia

1305 900 1367 932 Dei
1399 900 1626 938 dubitationes,
1656 904 1688 931 et
1712 899 1865 940 quidquid
1890 906 1939 932 est
1962 899 2132 932 libidinum
2157 909 2194 931 ac
2216 910 2270 932 cu-

1305 943 1493 984 piditatum,
1528 943 1622 974 modo
1655 952 1831 974 consensus
1864 953 1928 974 non
1962 942 2106 980 accedat,
2141 948 2272 984 peccata

1305 996 1373 1018 esse
1396 988 1571 1018 censeant?
1616 985 1652 1018 Si
1676 986 1803 1017 animus
1827 986 1967 1018 hominis
1989 985 2179 1017 infidelitate
2202 995 2271 1025 per-

1305 1028 1445 1069 cellitur,
1479 1029 1506 1059 si
1535 1039 1609 1060 eum
1640 1028 1788 1060 sollicitat
1818 1029 2018 1069 impatientia
2052 1033 2089 1059 ut
2117 1028 2274 1060 adversus

1306 1071 1412 1103 Deum
1447 1071 1575 1109 fremat,
1609 1072 1818 1111 quantumvis
1852 1071 2052 1113 prodigiosae
2081 1071 2272 1111 cupiditates

1306 1124 1381 1146 eum
1405 1113 1556 1145 titillent:
1586 1114 1646 1146 hoc
1670 1118 1772 1145 totum
1803 1114 1906 1146 levius
1929 1118 1979 1146 est
2001 1114 2144 1155 papistis‚
2175 1123 2272 1154 quam

1306 1162 1343 1188 ut
1372 1157 1403 1187 in
1434 1162 1562 1196 peccato
1590 1156 1775 1197 deputetur,
1809 1157 1922 1189 saltem
1957 1162 2031 1197 post
2065 1156 2273 1197 baptismum.

1306 1200 1379 1231 Non
1404 1200 1521 1230 mirum
1552 1199 1652 1239 igitur
1674 1200 1701 1230 si
1724 1210 1764 1231 ex
1787 1201 1914 1241 magnis
1937 1199 2110 1232 sceleribus
2133 1198 2272 1231 venialia

1307 1242 1424 1274 delicta
1453 1242 1590 1273 faciunt:
1625 1251 1682 1273 sua
1705 1243 1802 1283 enim,
1832 1253 1895 1274 non
1920 1243 1982 1274 Dei
2006 1242 2130 1274 trutina
2152 1251 2271 1283 appen—

1306 1285 1396 1316 dunt.
1450 1284 1551 1324 Atqui
1583 1284 1669 1316 inter
1703 1285 1813 1317 fideles
1845 1285 2014 1317 indubium
2050 1285 2110 1316 hoc
2143 1285 2273 1316 axioma

1306 1337 1376 1359 esse
1397 1326 1500 1364 debet,
1525 1327 1682 1367 quidquid
1698 1338 1770 1360 cum
1787 1329 1858 1369 lege
1874 1328 1936 1360 Dei
1952 1333 2084 1368 pugnat,
2107 1332 2273 1367 peccatum

1306 1380 1390 1410 esse,
1425 1375 1456 1400 et
1490 1369 1619 1409 quidem
1653 1371 1790 1403 mortale
1824 1382 1883 1402 sua
1913 1377 2038 1402 natura.
2089 1369 2153 1402 Ubi
2187 1371 2274 1401 enim

1305 1413 1387 1454 legis
1411 1413 1639 1453 transgressio,
1663 1412 1729 1445 illic
1751 1419 1783 1445 et
1805 1418 1972 1455 peccatum
1996 1418 2027 1444 et
2050 1423 2145 1445 mors.
2191 1412 2274 1452 Quis

1306 1465 1382 1496 ergo
1402 1454 1574 1487 verborum
1599 1456 1732 1496 apostoli
1756 1467 1870 1489 sensus
1892 1455 1978 1488 erit?
2016 1456 2155 1488 Peccata
2177 1458 2274 1496 negat

1306 1498 1475 1530 mortifera
1509 1508 1593 1537 esse,
1627 1508 1707 1539 quae
1736 1500 1795 1530 etsi
1826 1503 1930 1531 morte
1961 1498 2058 1539 digna
2088 1503 2177 1536 sunt,
2210 1508 2275 1529 non

1307 1546 1414 1572 tamen
1440 1545 1504 1571 tam
1524 1541 1676 1573 atrociter
1692 1552 1708 1573 a
1726 1541 1796 1574 Deo
1820 1541 2010 1582 puniuntur.
2046 1540 2123 1572 Ideo
2146 1544 2275 1581 peccata

1307 1585 1340 1615 in
1364 1594 1398 1615 se
1421 1593 1486 1614 non
1510 1584 1676 1615 aestimat:
1699 1584 1754 1616 sed
1778 1585 1932 1616 iudicium
1950 1583 1988 1615 de
2003 1583 2067 1615 illis
2084 1594 2124 1614 ex
2140 1586 2275 1624 paterna

1307 1626 1371 1658 Dei
1402 1625 1605 1666 indulgentia
1633 1627 1721 1666 facit,
1756 1638 1836 1668 quae
1863 1630 1988 1659 reatum
2019 1626 2193 1666 condonat,
2221 1625 2275 1657 ubi

1307 1674 1417 1700 tamen
1441 1668 1535 1709 eulpa
1555 1673 1633 1701 erat.
1678 1670 1827 1711 Denique
1851 1670 1947 1701 morti
1970 1680 2035 1701 non
2055 1669 2176 1701 addicit
2195 1677 2277 1710 quos

1307 1711 1400 1743 Deus
1430 1711 1583 1752 erigendo
1606 1713 1748 1744 restituit
1772 1714 1806 1744 in
1831 1713 1940 1750 vitam,
1969 1712 2119 1752 quamvis
2142 1722 2199 1752 per
2221 1721 2275 1743 eos

1308 1765 1374 1786 non
1398 1755 1524 1786 steterit
1546 1755 1720 1795 quominus
1744 1767 1762 1788 a
1785 1756 1853 1788 vita
1876 1755 2006 1786 alienati
2030 1759 2147 1787 essent.

1394 1796 1453 1828 Est
1471 1800 1627 1837 peccatum
1651 1798 1692 1830 ad
1718 1801 1853 1831 monem.
1898 1797 1967 1829 Iam
1998 1797 2065 1829 dixi
2094 1798 2140 1829 ita
2169 1798 2275 1830 vocari

1308 1845 1486 1881 peccatum,
1516 1841 1567 1872 cui
1598 1840 1689 1872 nulla
1718 1852 1791 1883 spes
1821 1841 1933 1873 veniae
1956 1841 2079 1882 reliqua
2106 1845 2164 1872 est.
2210 1839 2276 1872 Sed

1309 1883 1475 1924 quaeritur
1507 1882 1602 1923 quale
1632 1884 1693 1916 hoc
1726 1885 1778 1917 sit.
1823 1883 1929 1916 Valde
1958 1884 2045 1916 enim
2079 1889 2173 1915 atrox
2207 1892 2277 1915 esse

1309 1930 1445 1966 oportet,
1467 1926 1551 1965 quod
1576 1926 1665 1958 Deus
1688 1929 1754 1959 tam
1778 1937 1889 1959 severe
1912 1926 2086 1959 ulciscitur.
2133 1926 2185 1958 Ex
2208 1935 2281 1957 con-

1311 1974 1400 2000 textu
1425 1968 1534 2009 colligi
1556 1974 1672 2010 potest,
1705 1980 1770 2002 non
1793 1980 1862 2001 esse
1886 1969 2055 2010 partialem
2079 1969 2129 2011 (ut
2150 1967 2279 2010 vocant)

1311 2013 1446 2052 lapsum,
1482 2021 1540 2043 nec
1571 2014 1733 2053 praecepti
1764 2013 1862 2044 unius
1893 2014 2200 2053 transgressionem:
2224 2011 2280 2043 sed

1311 2055 1518 2095 apostasiam,
1542 2065 1604 2095 qua
1620 2057 1750 2095 penitus
1772 2055 1920 2087 homines
1943 2065 1960 2085 a
1980 2055 2050 2086 Deo
2074 2066 2108 2087 se
2127 2055 2279 2086 alienant.

1312 2098 1394 2129 Nam
1419 2102 1531 2137 postea
1559 2098 1687 2130 subiicit
1721 2098 1896 2139 apostolus,
1927 2098 2010 2129 filios
2033 2097 2096 2129 Dei
2123 2108 2187 2129 non
2211 2107 2282 2137 pec-

1312 2151 1401 2173 care:
1432 2146 1468 2171 ut
1491 2141 1621 2180 scilicet,
1641 2141 1751 2173 relicte
1776 2141 1854 2179 De0‚
1885 2140 2028 2172 Satanae
2055 2151 2088 2171 se
2117 2140 2153 2171 in
2176 2144 2280 2171 totum

1313 2183 1461 2215 addicant
1484 2193 1520 2215 ac
1543 2184 1739 2224 mancipent.
1784 2183 1871 2215 Talis
1895 2182 2038 2224 defectio,
2068 2193 2132 2214 non
2159 2182 2281 2213 mirum

1314 2228 1363 2258 est
1385 2226 1412 2258 si
1435 2226 1581 2258 mortalis
1612 2227 1652 2258 sit
1676 2226 1794 2267 lapsus.
1839 2226 1952 2265 Neque
1982 2227 2068 2257 enim
2091 2234 2166 2257 suos
2190 2224 2282 2255 Deus

1313 2279 1454 2309 unquam
1479 2270 1523 2301 ita
1547 2270 1652 2310 privat
1676 2270 1811 2310 spiritus
1829 2269 1944 2310 gratia,
1968 2269 2043 2308 quin
2061 2268 2200 2308 aliquam
2217 2267 2282 2307 pie·

1314 2313 1392 2343 tatis
1414 2312 1587 2344 scintillam
1611 2312 1789 2352 retineant.
1834 2311 2002 2352 Reprobos
2029 2321 2105 2351 ergo
2128 2315 2160 2342 et
2182 2308 2280 2341 exitio

1316 2355 1447 2386 devotos
1471 2365 1540 2387 esse
1571 2359 1704 2395 oportet,
1735 2356 1789 2394 qui
1812 2354 1858 2386 sic
1887 2353 2038 2385 deficiunt
2068 2356 2103 2384 ut
2133 2353 2282 2384 timorem

1315 2397 1378 2429 Dei
1403 2397 1564 2429 abiiciant.
1612 2396 1648 2429 Si
1672 2398 1741 2437 quis
1765 2401 1899 2437 quaerat
1922 2406 1962 2427 an
1987 2406 2096 2427 eorum
2120 2395 2284 2436 poeniten-

1316 2442 1379 2471 tiae
1401 2441 1567 2481 praeclusa
1590 2441 1631 2471 sit
1654 2440 1766 2471 salutis
1789 2440 1900 2470 ianua:
1924 2439 1957 2470 in
1976 2443 2128 2479 promptu
2151 2442 2200 2469 est
2216 2447 2282 2469 res-

1316 2484 1436 2523 ponsio,
1470 2493 1570 2524 quum
1600 2483 1633 2514 in
1657 2482 1830 2523 reprobum
1860 2492 1990 2513 sensum
2013 2482 2122 2513 traditi
2145 2481 2217 2518 sint,
2252 2485 2284 2511 et

1317 2527 1431 2566 spiritu
1455 2531 1566 2558 sancto
1596 2525 1751 2561 destituti,
1783 2535 1846 2556 non
1869 2524 1956 2555 aliud
1987 2534 2040 2556 eos
2073 2532 2164 2564 posse
2188 2532 2284 2563 quam

1317 2568 1486 2600 obstinatis
1510 2568 1624 2600 animis
1653 2577 1779 2608 semper
1801 2578 1894 2599 ruere
1916 2568 1950 2598 in
1974 2566 2124 2605 deterius,
2157 2569 2189 2598 et
2212 2574 2284 2606 pec·

1318 2617 1388 2643 cata
1421 2612 1539 2643 addere
1570 2611 1717 2652 peccatis.
1763 2609 1864 2642 Porro
1897 2620 1996 2651 quum
2030 2615 2195 2650 peccatum
2229 2612 2285 2639 aut

1319 2654 1518 2695 blasphemia
1547 2654 1580 2686 in
1604 2654 1754 2695 spiritum
1785 2653 1943 2685 eiusmodi
1978 2652 2189 2685 defectionem
2215 2660 2285 2691 per-
