2513 3126
272 247 329 279 171

357 344 502 383 Deposito
520 341 603 373 omni
621 350 719 372 onere.
759 339 847 379 Quia
862 338 1106 370 similitudinem
1124 348 1237 369 cursus

272 395 415 427 usurpat,
446 385 541 416 simul
573 383 740 422 expeditos
770 393 840 414 csse
873 382 970 413 iubet.
1023 381 1236 411 Festinationi

271 431 356 461 onim
383 428 461 459 nihil
487 427 588 465 magis
611 427 794 460 advorsum.
818 435 914 465 quam
939 425 965 455 si
981 424 1115 455 sarcinis
1131 424 1237 454 onusti

270 474 380 504 simus.
422 471 524 501 Porro
556 470 644 500 varia
678 475 756 499 sunt
784 478 893 503 onera,
923 477 1004 507 quae
1034 466 1236 506 spiritualem

270 524 399 547 cursum
431 519 575 543 nostrum
605 519 774 542 morantur
802 522 838 542 ao
862 510 1059 550 impediunt:
1090 516 1125 540 ut
1148 519 1238 540 amor

271 558 356 588 vitae
386 555 572 595 praesentis.
603 555 712 584 muudi
737 554 876 592 delitiae,
906 553 1099 592 cupiditates
1122 552 1237 589 carnis,

269 609 364 631 curae
389 606 545 633 terrenae,
577 597 706 627 divitiae
730 597 826 627 etiam
851 606 887 627 ac
912 596 1058 635 honores,
1089 599 1121 626 et
1143 605 1237 634 quae-

269 651 395 680 cuuque
425 647 500 671 sunt
531 639 674 670 eiusdem
708 639 847 679 generis.
893 638 1047 678 Quisquis
1070 648 1146 678 ergo
1171 637 1239 668 vult

270 685 302 715 in
327 683 451 716 Christi
478 683 581 714 stadio
610 693 750 720 currere,
780 682 920 721 primum
950 691 984 711 se
1007 681 1156 712 omnibus
1179 680 1238 711 im-

270 727 465 767 pedimentis
488 725 626 756 abdicet:
651 725 725 764 quia
749 725 811 755 iam
833 725 906 764 plus
922 724 1001 755 satis
1018 723 1100 754 tardi
1118 733 1238 762 sumus,

270 775 307 801 ut
341 780 405 800 non
435 769 564 800 aliunde
599 767 750 798 accedant
780 777 935 798 remorae.
986 766 1101 807 Neque
1133 772 1237 796 tamen

270 812 419 844 iubemur
451 812 581 842 divitias
604 810 793 849 simpliciter
816 810 962 848 abiicere,
990 816 1046 840 aut
1068 809 1131 839 alia
1156 809 1240 839 vitae

270 855 448 894 commoda,
472 854 532 884 uisi
557 860 716 893 quatenus
739 863 870 884 cursum
891 859 1036 883 nostrum
1055 851 1240 882 retardant:

270 900 345 939 quia
368 899 467 929 Satan
492 896 566 936 illis,
596 896 687 935 quasi
713 896 809 931 tricis,
840 906 896 926 nos
920 895 1039 925 retinet
1063 899 1158 934 atque
1182 895 1240 924 im-

271 941 379 981 plicat.
425 940 528 970 Porro
558 939 748 978 metaphora
777 948 891 969 cursus
918 938 995 969 satis
1019 938 1169 977 frequens
1193 941 1241 966 est

271 985 304 1014 111
335 983 512 1022 scripturis.
559 982 623 1013 Hic
647 992 722 1012 vero
746 991 811 1012 non
834 980 1010 1020 quemlibet
1032 990 1161 1011 cursum
1187 978 1238 1009 de-

271 1027 387 1066 signat,
418 1025 473 1055 sed
497 1024 675 1055 cursorium
699 1030 870 1062 certamen,
901 1023 983 1063 quod
1008 1022 1113 1053 studia
1138 1020 1241 1060 magis

270 1070 352 1101 solet
381 1067 566 1099 accendere.
612 1068 748 1099 Summa
778 1067 878 1107 igitur
906 1072 962 1102 est,
996 1076 1052 1096 nos
1076 1070 1240 1095 certamen

271 1112 434 1151 ingressos
458 1120 537 1147 esse,
562 1115 594 1140 et
616 1109 744 1149 quidem
769 1109 802 1140 in
821 1109 1029 1141 celeberrimo
1048 1107 1161 1145 stadio,
1186 1116 1241 1136 un·

272 1154 367 1194 dique
405 1153 613 1184 circumstare
651 1152 770 1183 multos
808 1158 923 1186 testes.
962 1149 1139 1190 praesidem
1178 1148 1240 1179 Dei

272 1197 384 1234 filium,
414 1196 469 1237 qui
500 1195 539 1226 ad
571 1195 749 1235 praemium
779 1205 838 1226 nos
868 1194 984 1225 invitat
1015 1196 1047 1223 et
1078 1191 1241 1222 hortatur:

273 1239 499 1280 turpissimum
523 1238 624 1278 igitur
648 1238 716 1268 fore
733 1237 760 1268 si
777 1238 809 1268 in
827 1237 931 1268 medio
947 1235 1050 1275 spatio
1067 1235 1243 1274 fatigemur

273 1283 325 1314 vel
355 1287 550 1321 torpeamus.
597 1280 802 1320 Quamquam
830 1286 935 1310 autem
960 1278 1063 1309 sancti
1088 1277 1243 1314 homines,

274 1325 313 1356 de
335 1324 452 1365 quibus
475 1324 632 1360 meminit,
657 1334 720 1354 non
745 1328 843 1353 testes
866 1321 960 1352 modo
978 1325 1064 1358 sunt,
1087 1319 1142 1350 sed
1159 1320 1243 1350 eius-

1133 241 1283 274 CAPU‘I'
1305 240 1385 275 XII.

2202 242 2261 274 172

1292 337 1380 369 omni
1412 338 1568 375 molestia,
1600 338 1768 378 vitamque
1792 337 1915 369 felicem
1940 341 1972 368 et
1997 338 2089 369 bonis
2113 337 2267 370 omnibus¹

1291 381 1477 412 affluentem
1503 381 1633 422 degero:
1657 382 1761 421 ipsum
1787 386 1894 411 tamen
1919 380 2005 411 ultro
2024 381 2160 412 subiisse
2177 391 2262 412 mor-

1292 429 1356 454 tem
1381 424 1526 455 aeerbam
1549 430 1582 455 et
1605 424 1731 464 plenam
1757 423 1942 462 ignominia.
1988 423 2082 462 Nam,
2106 433 2163 464 pro
2185 434 2262 464 gau-

1291 466 1357 504 dio,
1391 466 1476 497 idem
1511 467 1597 498 valet
1631 474 1725 506 atque
1758 467 1845 497 Loco
1879 465 2005 506 gaudii:
2040 470 2073 497 et
2108 466 2262 506 gaudium

1291 519 1394 549 genus
1411 519 1506 539 omne
1522 509 1760 540 commoditatis
1775 508 2027 548 comprehendit.
2053 508 2262 549 Propositum

1292 557 1400 582 autem
1425 552 1504 582 dicit
1525 552 1610 591 quod
1634 553 1665 582 in
1681 563 1778 583 manu
1795 552 1918 583 Christi
1943 553 2023 590 erat,
2048 554 2083 582 ut
2106 553 2132 582 si
2154 551 2263 583 libuis-

1291 600 1348 630 set,
1374 594 1508 625 facultas
1531 599 1614 625 esset
1639 594 1760 626 utendi.
1806 594 2012 634 Quamquam
2042 594 2070 625 si
2095 594 2168 634 quis
2192 604 2265 635 par-

1293 637 1422 668 ticulam
1447 636 1516 668 ἀντί
1538 647 1666 668 causam
1692 638 1820 668 finalem
1842 644 1952 668 notare
1973 641 2072 676 putet,
2097 647 2160 668 non
2180 636 2262 667 mul-

1295 687 1359 710 tum
1385 679 1538 710 reclamo:
1565 683 1602 710 ut
1621 679 1663 710 sit
1681 690 1804 718 sensus,
1829 680 1996 711 Christum
2018 690 2080 710 non
2100 689 2265 711 recusasse

1295 730 1430 752 mortem
1462 722 1580 760 crucis,
1610 723 1685 762 quia
1714 723 1843 754 videbat
1873 722 1999 754 felicem
2030 723 2099 754 eius
2129 722 2264 754 exitum.

1297 765 1366 805 Ego
1397 771 1504 794 tamen
1533 765 1671 804 priorem
1696 766 1928 805 expositionem
1954 766 2087 796 retineo.
2136 764 2266 805 Duplici

1296 817 1389 846 porro
1422 807 1560 842 nomine,
1591 806 1714 838 Christi
1747 808 1836 839 nobis
1866 808 2073 839 tolerantiam
2103 818 2266 840 commen-

1295 850 1358 887 dat,
1383 849 1465 888 quod
1491 855 1625 880 mortem
1650 850 1887 882 acerbissimam
1914 850 2092 891 pertulerit,
2124 856 2157 881 et
2180 849 2266 890 quod

1295 892 1507 938 ignominiam
1538 891 1730 932 despexerit.
1777 893 1892 924 Finem
1922 893 2038 924 deinde
2062 893 2174 924 mortis
2197 892 2266 933 glo-

1297 944 1415 965 riosum
1439 943 1677 976 commemorat,
1702 941 1737 967 ut
1759 936 1864 967 sciant
1888 936 1998 967 fideles
2021 937 2053 966 in
2077 936 2215 967 salutem
2235 940 2268 967 et

1295 977 1430 1016 gloriam
1465 987 1594 1008 cessura
1628 979 1688 1009 sibi
1724 979 1809 1009 mala
1842 978 1951 1009 omnia
1985 988 2065 1017 quae
2096 979 2268 1016 sustinent,

1296 1021 1389 1050 modo
1427 1018 1594 1051 Christum
1637 1027 1824 1060 sequantur.
1877 1019 1933 1052 Sic
1977 1021 2072 1052 etiam
2112 1021 2266 1052 Iacobus:

1297 1062 1494 1093 Patientiam
1511 1062 1566 1093 Iob
1589 1063 1734 1101 audistis,
1757 1069 1789 1094 et
1810 1063 1907 1094 finem
1932 1063 2032 1094 nostis
2055 1062 2132 1104 (Iac.
2151 1063 2180 1100 5,
2206 1063 2270 1105 11).

1298 1103 1469 1144 Significat
1499 1115 1576 1146 ergo
1608 1106 1782 1146 apostolus,
1811 1106 1948 1137 eundem
1975 1106 2043 1137 fore
2067 1107 2270 1138 miserarium

1297 1153 1484 1178 nostrarum
1509 1148 1605 1179 finem
1630 1149 1684 1188 qui
1707 1149 1850 1180 cernitur
1866 1149 1897 1179 in
1916 1148 2065 1180 Christo:
2089 1148 2269 1180 secundum

1297 1189 1376 1221 illud
1401 1190 1514 1221 Pauli:
1545 1190 1582 1222 Si
1611 1192 1836 1232 compatimur,
1865 1191 1963 1223 simul
1995 1202 2069 1223 eum
2092 1201 2129 1223 eo
2152 1201 2269 1232 regna-

1299 1232 1402 1264 bimus
1425 1232 1533 1274 (Rom.
1558 1234 1588 1273 8,
1614 1234 1676 1275 17).

1382 1275 1413 1307 3.
1438 1275 1590 1316 Reputate
1612 1277 1684 1317 quis
1706 1276 1765 1309 hic.
1802 1276 1992 1317 Amplificat
2006 1287 2098 1308 suam
2115 1276 2267 1308 exhorta-

1298 1318 1430 1357 tionem,
1473 1319 1641 1351 Christum
1681 1319 1845 1351 nobiscum
1879 1320 2090 1351 conferendo:
2133 1329 2208 1351 nam
2241 1320 2268 1352 si

275 1368 348 1399 dem
378 1377 494 1398 cursus
522 1367 612 1402 socii,
643 1367 698 1405 qui
729 1367 812 1396 viam
844 1364 934 1395 nobis
966 1368 1244 1403 praemonstrant:
1269 1367 1272 1409 Ι
1297 1361 1384 1392 filius
1409 1362 1479 1400 Dei,
1505 1372 1598 1401 quem
1623 1362 1663 1394 ab
1686 1363 1835 1394 omnibus
1858 1362 1984 1393 adorari
2009 1362 2125 1401 decuit,
2155 1366 2270 1402 sponte

274 1416 373 1442 testes
394 1415 502 1441 tamen
522 1419 636 1440 vocare
659 1408 773 1439 maluit
796 1417 891 1447 quam
911 1416 1066 1443 cursores,
1091 1411 1127 1436 ut
1145 1405 1244 1445 signi-

275 1453 387 1485 ficaret
418 1462 483 1483 uon
510 1451 654 1483 aemulos
677 1460 745 1482 esse
768 1451 821 1490 qui
845 1450 984 1490 palmam
1009 1449 1101 1480 nobis
1124 1448 1245 1489 praeri-

275 1496 384 1537 piant,
422 1495 477 1526 sed
513 1493 741 1535 approbatores
775 1493 898 1533 potius,
936 1492 989 1532 qui
1023 1491 1182 1532 plaudant
1215 1495 1246 1522 et

277 1538 485 1579 gratulentur
504 1544 633 1568 nostrae
651 1537 812 1567 victoriae.
849 1535 1130 1574 Quemadmodum
1147 1533 1246 1565 etiam

276 1581 430 1613 Christus
462 1591 526 1611 11011
556 1586 681 1611 tantum
713 1578 910 1619 agonotheta
940 1582 997 1615 est,
1029 1577 1085 1609 sed
1114 1587 1245 1608 manum

276 1623 370 1655 nobis
405 1623 557 1664 porrigit,
592 1622 680 1653 viros
714 1632 750 1653 30
784 1621 1010 1653 strenuitatem
1046 1619 1246 1660 suppeditat:

278 1666 419 1706 denique
443 1676 500 1697 nos
524 1665 564 1696 ad
582 1664 800 1696 inchoandum
818 1674 945 1695 cursum
962 1666 1133 1704 praeparat
1150 1668 1248 1702 atque

278 1709 411 1740 idoneos
440 1707 554 1746 reddit,
584 1713 616 1739 et
645 1718 705 1739 sua
732 1707 855 1739 virtute
885 1717 943 1738 nos
970 1706 1119 1747 perducit
1147 1715 1248 1745 usque

277 1752 317 1783 ad
340 1758 470 1782 metam.

365 1793 492 1825 Peccata
519 1793 600 1834 quod
621 1802 677 1824 nos
698 1792 882 1824 circumstat.
928 1791 1000 1823 Hoc
1023 1791 1248 1833 gravissimum

278 1842 326 1869 est
355 1847 437 1868 onus
468 1836 553 1877 quod
581 1836 673 1867 nobis
695 1836 808 1867 obstat.
854 1835 945 1867 Dicit
967 1841 1075 1866 autem
1099 1843 1157 1865 nos
1180 1843 1249 1864 esse

279 1879 467 1920 implicitos,
503 1884 539 1910 ut
570 1879 724 1918 sciamus,
754 1878 915 1909 neminem
946 1877 1107 1909 currendo
1137 1881 1249 1917 aptum

279 1932 362 1960 esse,
393 1923 456 1953 nisi
484 1922 537 1962 qui
568 1921 694 1953 exuerit
723 1921 781 1952 hos
808 1920 950 1961 laqueos.
1001 1920 1073 1952 Non
1107 1919 1251 1959 loquitur

281 1971 390 1996 autem
422 1964 460 1995 de
491 1965 637 1996 externis
661 1964 714 1995 vel
744 1963 921 1995 actualibus
949 1962 1001 2005 (ut
1024 1961 1152 2003 vocant)
1179 1972 1251 2001 pec-

282 2008 378 2038 catis:
412 2007 469 2038 sed
503 2008 542 2038 de
576 2007 644 2046 ipso
679 2007 777 2046 fonte,
810 2006 870 2038 hoc
904 2012 954 2037 est
983 2004 1251 2045 concupiscentia,

281 2060 362 2090 quae
392 2049 438 2080 ita
468 2059 580 2081 omues
611 2050 712 2080 nostri
743 2055 851 2089 partes
881 2052 1017 2089 occupat
1047 2053 1081 2079 ut
1111 2046 1252 2087 undique

282 2092 460 2124 sentiamus
484 2102 541 2123 nos
565 2091 668 2122 teneri
691 2092 760 2122 eius
783 2091 915 2131 laqueis.

372 2134 430 2166 Per
457 2134 652 2174 patientiam.
707 2134 779 2165 Hac
813 2144 891 2165 voce
924 2144 1051 2174 semper
1085 2142 1253 2164 monemur

284 2176 362 2217 quid
391 2177 563 2217 praecipue
592 2177 625 2207 in
654 2175 717 2207 fide
748 2176 942 2208 considerari
965 2177 1046 2208 velit
1069 2176 1252 2216 apostolus:

283 2230 411 2260 nempe,
442 2224 478 2251 ut
505 2229 643 2259 regnum
674 2219 747 2257 Dei,
778 2219 863 2258 quod
893 2220 984 2250 carni
1013 2224 1062 2250 est
1092 2217 1253 2249 invisibile

284 2273 462 2302 sensusque
479 2272 592 2293 omnes
608 2267 737 2293 nostros
753 2267 894 2301 superat,
917 2262 1032 2301 spiritu
1049 2270 1253 2302 quaeramus.

285 2305 370 2337 Nam
393 2305 449 2345 qui
472 2305 506 2336 in
528 2304 588 2336 1130
611 2304 820 2335 meditatione
843 2310 1051 2344 occupantur,
1076 2303 1169 2335 facile
1193 2309 1255 2333 ter·

285 2358 364 2379 rena
392 2347 502 2378 omnia
531 2352 749 2378 contemnunt.
793 2346 845 2376 Ita
867 2346 1003 2377 Iudaeos
1033 2357 1098 2378 non
1129 2351 1255 2386 poterat

286 2391 402 2422 melius
431 2389 619 2422 abstrahere
646 2399 665 2420 a
687 2389 756 2420 suis
779 2389 997 2429 caeremoniis,
1030 2398 1129 2429 quam
1152 2388 1178 2420 si
1201 2398 1255 2419 eos

287 2433 327 2464 ad
343 2442 421 2465 vera
445 2433 520 2464 fidei
536 2432 692 2464 exercitia
707 2436 884 2467 revocaret.
908 2441 948 2462 ex
964 2431 1078 2471 quibus
1095 2431 1256 2462 discerent

287 2475 455 2516 spirituale
477 2485 547 2507 esse
564 2474 687 2507 Christi
710 2484 858 2515 regnum,
881 2478 913 2505 et
935 2474 1033 2505 huius
1056 2473 1168 2505 mundi
1191 2473 1256 2504 ele-

287 2519 405 2550 mentis
427 2518 522 2559 longe
544 2518 701 2558 superius.

373 2560 403 2592 2.
437 2560 501 2592 Pro
531 2560 649 2602 gaudio
678 2559 741 2592 sibi
765 2559 934 2600 proposito.
985 2558 1127 2590 Tametsi
1156 2558 1257 2589 latina

289 2603 434 2644 loquutio
450 2603 597 2634 nonnihil
613 2602 704 2634 habit
719 2602 950 2643 ambiguitatis,
974 2605 1083 2632 tamen
1098 2602 1132 2632 in
1149 2602 1256 2633 verbis

289 2646 415 2686 graecis
445 2646 613 2686 perspicue
643 2650 777 2686 apparet
806 2655 921 2676 sensus
948 2644 1093 2684 apostoli.
1147 2644 1256 2684 Signi-

291 2690 365 2722 ficat
388 2689 484 2728 enim,
508 2699 608 2729 quum
631 2688 795 2729 integrum
818 2690 904 2719 essct
919 2686 1050 2719 Christo
1066 2696 1101 2718 se
1117 2687 1257 2718 eximere

1298 1404 1399 1435 subiit
1429 1411 1494 1435 tam
1525 1404 1607 1437 dura
1633 1405 1824 1444 certamina,
1854 1405 1926 1445 quis
1950 1410 2096 1436 nostrum
2121 1415 2270 1436 recusare

1298 1448 1417 1478 audeat
1450 1446 1564 1479 iisdem
1599 1459 1634 1479 se
1667 1458 1740 1479 cum
1764 1448 1819 1479 illo
1848 1448 2028 1480 subiicere?
2080 1447 2154 1479 Una
2183 1448 2269 1479 enim

1299 1489 1379 1521 haec
1401 1490 1554 1530 cogitatio
1578 1491 1617 1522 ad
1637 1491 1812 1523 vincendas
1834 1501 1946 1522 omnes
1968 1490 2163 1522 tentationes
2181 1491 2269 1522 suffi-

1299 1543 1371 1564 cere
1405 1533 1516 1572 debet,
1550 1543 1650 1573 quum
1685 1534 1896 1574 intelligimus
1930 1544 1988 1565 nos
2021 1533 2079 1564 filii
2110 1533 2171 1564 Dei
2201 1542 2272 1564 esse

1300 1575 1450 1607 comites:
1488 1581 1519 1607 et
1557 1587 1631 1607 eum
1668 1577 1722 1616 qui
1759 1587 1857 1617 supra
1894 1587 1952 1608 nos
1986 1576 2065 1607 adeo
2099 1576 2273 1616 eminebat,

1300 1618 1440 1649 voluisse
1464 1618 1503 1650 ad
1527 1619 1742 1651 conditionem
1768 1625 1910 1650 nostram
1935 1619 2140 1655 descendere,
2163 1623 2199 1649 ut
2213 1628 2272 1650 suo

1301 1671 1358 1692 nos
1391 1662 1540 1702 exemplo
1574 1663 1742 1693 animaret.
1798 1662 1865 1700 Ita,
1902 1662 2052 1702 inquam,
2089 1661 2272 1701 colligimus

1301 1704 1436 1744 animos,
1469 1705 1523 1744 qui
1553 1705 1673 1745 alioqui
1697 1705 1878 1744 liquescunt
1898 1709 1930 1735 et
1952 1705 2044 1745 quasi
2067 1704 2100 1735 in
2124 1703 2272 1745 despera—

1302 1746 1421 1778 tionem
1444 1747 1625 1778 solvuntur.

1388 1833 1418 1864 4.
1461 1832 1609 1864 Nondum
1645 1832 1687 1864 ad
1720 1832 1903 1872 sanquinem
1935 1832 2095 1864 restitistis
2125 1832 2276 1864 adversus

1298 1878 1455 1916 peccatum
1487 1875 1639 1907 certando.
1694 1875 1723 1907 5.
1758 1875 1801 1907 Et
1832 1875 1918 1906 obliti
1950 1875 2024 1907 estis
2055 1874 2277 1906 eachortationis

1303 1929 1381 1959 quae
1403 1918 1487 1950 vobis
1508 1921 1658 1958 tanquam
1678 1917 1758 1957 filiis
1780 1918 1934 1958 loquitur.-
1957 1917 2025 1949 Fili
2047 1918 2101 1957 mi,
2123 1928 2162 1949 ne
2182 1917 2277 1949 disci-

1298 1962 1425 2001 plinam
1454 1961 1588 1992 Domini
1616 1961 1764 2002 neyliyas,
1795 1964 1822 1992 et
1851 1971 1889 1992 ne
1917 1961 2045 2000 deficias
2072 1961 2148 1992 dum
2177 1960 2215 1992 ab
2242 1969 2277 1991 eo

1305 2004 1457 2045 arqueris.
1509 2004 1539 2035 6.
1570 2004 1666 2043 Quem
1698 2005 1780 2035 enim
1808 2003 1914 2044 deliqit
1942 2003 2100 2036 Dominus
2131 2003 2278 2044 castigat:

1301 2047 1439 2088 flayellat
1467 2056 1583 2078 omnem
1603 2046 1707 2086 filium
1730 2057 1819 2086 quem
1840 2046 1980 2085 suscipit.
2027 2046 2055 2077 7.
2080 2045 2118 2077 Si
2139 2045 2278 2086 discipli-

1304 2100 1378 2121 nam
1405 2091 1574 2129 sustinetis,
1605 2089 1694 2120 Deus
1721 2092 1872 2129 tanquam
1897 2089 1979 2128 siliis
2006 2089 2143 2128 offertur.
2198 2088 2277 2127 Quis

1305 2133 1387 2164 enim
1416 2135 1458 2164 est
1478 2133 1565 2172 filius
1586 2142 1675 2171 quem
1693 2134 1787 2171 pater
1808 2142 1869 2163 non
1889 2132 2038 2172 castiget?
2084 2131 2113 2163 8.
2139 2131 2226 2171 Quod
2247 2131 2277 2162 si

1305 2175 1491 2214 disciplinae
1513 2178 1650 2215 expertes
1672 2175 1754 2214 estis,
1777 2175 1866 2206 euius
1879 2175 2051 2214 participes
2068 2176 2140 2206 sunt
2157 2183 2277 2205 omnes:

1305 2219 1409 2257 spurii
1431 2219 1528 2259 iyitur
1549 2218 1632 2257 estis,
1655 2227 1716 2248 non
1735 2217 1807 2256 filii.

1392 2303 1422 2334 4.
1448 2303 1595 2335 Nondum
1623 2302 1666 2334 ad
1694 2302 1885 2342 sanquinem.
1931 2301 2025 2334 Ultra
2051 2301 2275 2342 progreditur:

1308 2345 1457 2376 admonet
1479 2346 1576 2383 enim,
1604 2345 1697 2376 etiam
1722 2355 1821 2384 quum
1844 2355 1903 2376 nos
1925 2344 2014 2384 impii
2037 2349 2275 2384 persequuntur

1309 2398 1366 2428 pro
1389 2388 1513 2420 Christi
1537 2388 1676 2424 nomine,
1700 2394 1777 2419 tunc
1800 2398 1857 2418 nos
1880 2391 2005 2418 certare
2028 2391 2142 2418 contra
2165 2396 2276 2427 pecca-

1309 2436 1387 2462 tum.
1443 2431 1483 2462 In
1524 2430 1607 2462 113110
1646 2429 1766 2461 luctam
1801 2429 1993 2461 descendere
2026 2429 2177 2461 Christus
2211 2439 2278 2460 11011

1309 2476 1422 2514 potuit,
1444 2473 1499 2514 qui
1522 2482 1623 2513 purus
1646 2478 1678 2504 et
1700 2473 1853 2503 immunis
1876 2476 1946 2503 erat
1969 2472 2008 2503 ab
2031 2472 2118 2502 omni
2137 2479 2275 2512 peccato.

1311 2518 1355 2547 At
1386 2527 1444 2548 nos
1478 2516 1539 2547 hac
1570 2516 1605 2546 in
1639 2520 1729 2555 parte
1759 2514 1808 2545 illi
1838 2524 1951 2546 sumus
1982 2515 2167 2555 dissimiles,
2202 2515 2279 2554 quia

1310 2569 1437 2599 semper
1458 2560 1492 2590 in
1516 2557 1608 2589 nobis
1631 2558 1755 2588 habitat
1778 2560 1962 2597 peccatum:
1985 2558 2038 2588 cui
2062 2556 2223 2588 domando
2245 2563 2280 2588 et

1311 2602 1511 2642 profligando
1524 2600 1722 2632 conveniunt
1735 2598 1935 2631 afflictiones.
1960 2600 2136 2640 Principio,
2148 2600 2280 2637 scimus,

1311 2644 1466 2685 quidquid
1498 2643 1656 2675 malorum
1687 2648 1735 2673 est
1765 2644 1800 2674 in
1830 2642 1889 2673 hoc
1919 2642 2050 2680 mundo,
2081 2653 2123 2674 ex
2150 2646 2279 2682 peceato

1311 2688 1492 2727 provenire,
1522 2696 1559 2719 ac
1587 2687 1620 2717 in
1643 2686 1756 2726 primis
1778 2690 1916 2716 mortem
1939 2685 2054 2726 ipsam.
2100 2685 2223 2716 Verum
2246 2683 2280 2715 id
