2513 3126
111 175 173 207 333

997 172 1146 205 CAPUT
1170 173 1233 204 111.

2041 180 2103 211 334

114 273 199 304 tolus
233 273 381 314 aequalia
414 277 557 314 peccata,
596 281 694 312 quum
733 269 912 309 iniquitatis
950 269 1081 300 damnat
1133 274 1267 308 cuntur,
1307 271 1382 310 quia
1424 273 1547 304 sincero
1585 274 1689 305 cordis
1721 274 1837 306 affectu
1872 274 1911 305 ad
1946 275 2102 307 iustitiam

114 325 227 347 omnes
250 326 305 356 qui
329 321 478 355 peccant:
509 314 563 346 sed
586 312 775 353 simpliciter
799 313 912 343 docere
935 312 1017 352 vult,
1041 322 1081 342 ex

114 364 302 399 contemptu
326 358 389 390 Dei
413 358 501 390 nasci
524 361 698 398 peccatum,
729 357 761 385 et
783 355 944 395 peccando
968 354 1082 386 violari

114 402 195 442 legis
222 402 390 432 iustitiam.
436 401 545 439 Quare
574 397 654 429 nihil
684 408 854 429 commune
884 397 980 428 habet
1007 407 1081 429 cum

114 444 216 475 deliro
240 443 423 476 Stoicorum
455 441 619 482 paradoxo
650 440 729 471 haec
751 439 908 471 Iohannis
928 439 1081 471 doctrina.

114 486 241 518 Deinde
269 487 321 518 hic
344 494 512 526 peccare
535 494 599 514 non
623 483 785 524 significat
801 483 833 513 in
857 483 964 523 aliquo
987 493 1082 523 opere

115 529 315 569 delinquere:
343 538 401 559 nec
424 526 581 567 peccati
606 535 721 556 nomen
746 536 803 565 pro
825 525 963 566 singulis
986 525 1082 557 delic-

115 572 157 603 tis
187 571 324 612 capitur:
357 569 412 601 sed
440 573 605 609 peceatum
635 574 735 605 vocat,
771 567 826 599 ubi
849 568 995 600 homines
1019 573 1083 599 toto

115 614 221 646 cordis
250 613 367 645 affectu
397 611 437 643 ad
460 611 581 642 malum
605 617 713 642 ruunt.
759 611 827 642 Nec
849 611 929 642 alios
953 620 1084 651 peccare

117 657 276 697 intelligit,
300 655 361 686 nisi
377 655 430 694 qui
451 653 568 685 addicti
593 658 670 685 sunt
694 657 832 692 peccato.
864 654 975 694 Neque
997 654 1083 685 enim

117 699 235 736 fideles,
269 699 322 738 qui
354 697 460 728 adhuc
493 697 599 727 carnis
628 697 896 736 concupiscentiis
926 696 1084 734 laborant,

115 742 215 782 iniqui
247 745 431 779 censentur,
465 740 612 779 quamvis
639 749 658 770 a
682 745 812 779 peccato
836 749 899 770 non
923 740 989 770 sint
1011 739 1084 780 puri

115 795 174 816 nec
196 784 373 814 immunes:
406 782 461 813 sed
485 784 560 821 quia
583 792 647 813 non
673 787 787 821 regnat
811 783 842 813 in
867 783 945 822 ipsis
974 791 1083 822 pecca-

115 834 192 863 tum,
217 825 379 856 lohannes
395 825 472 856 dicit
489 835 543 856 eos
563 835 627 856 non
652 834 798 864 peccare:
823 830 860 856 ut
882 835 958 856 mox
982 825 1085 855 fusius

115 878 284 909 exponam.
330 868 466 899 Summa
490 867 585 899 huius
609 868 789 898 sententiae
813 873 871 905 est,
901 877 1084 907 perversam

115 921 224 942 eorum
249 911 349 941 vitam
374 911 427 950 qui
458 910 610 950 peccandi
636 910 797 942 licentiam
822 911 880 941 sibi
905 911 1086 950 indulgent,

113 963 241 986 exosam
266 964 336 984 esse
359 953 440 993 Deo,
475 963 535 985 nec
559 963 651 993 posse
674 953 714 984 ab
737 963 774 984 eo
797 953 884 994 ferri,
915 963 1015 993 quum
1039 953 1085 992 ip—

112 997 178 1029 sius
212 996 276 1037 legi
310 997 351 1027 sit
385 996 532 1027 adversa.
581 996 668 1028 Hinc
696 1006 761 1027 non
791 998 947 1036 sequitur,
981 1005 1086 1035 neque

112 1043 217 1080 potest
239 1039 357 1079 colligi,
380 1038 491 1070 fideles
514 1039 640 1079 iniquos
663 1049 742 1077 esse,
766 1039 841 1078 quia
863 1039 994 1070 subesse
1017 1038 1086 1069 Deo

112 1082 256 1122 cupiunt,
291 1082 415 1122 sibique
449 1082 480 1112 in
511 1082 578 1113 suis
607 1082 695 1113 vitiis
718 1081 900 1122 displicent,
933 1080 1029 1120 idque
1052 1081 1085 1111 in

113 1125 253 1166 singulis
276 1124 410 1156 delictis.
452 1124 579 1155 Deinde
604 1126 711 1162 vitam,
735 1130 889 1164 quantum
914 1125 948 1156 in
971 1135 1004 1155 se
1027 1129 1086 1163 est,

113 1173 314 1207 componunt
345 1167 384 1197 ad
416 1167 495 1207 legis
525 1167 724 1207 obsequium.
771 1167 895 1199 Verum
927 1167 981 1199 ubi
1008 1166 1084 1197 deli-

115 1211 224 1242 berata
254 1215 302 1241 est
332 1210 483 1250 peccandi
514 1210 666 1242 voluntas
697 1211 748 1242 vel
779 1210 952 1242 continuus
983 1216 1084 1247 tenor,

114 1253 179 1285 illic
202 1258 250 1284 est
274 1253 354 1293 legis
377 1253 600 1293 transgressio.

197 1295 226 1327 5.
252 1295 353 1327 Porro
381 1296 480 1327 nostis
508 1296 590 1335 quod
611 1296 663 1327 ille
687 1296 847 1336 apparuit.
893 1295 967 1327 Alio
990 1305 1085 1335 argu-

113 1345 221 1370 mento
249 1338 452 1370 demonstrat
475 1346 631 1378 quantum
656 1340 741 1370 inter
764 1350 798 1370 se
820 1338 998 1370 dissideant
1014 1348 1085 1378 pec-

112 1387 219 1412 catum
250 1386 282 1412 et
311 1381 401 1413 fides.
446 1381 572 1412 Christi
602 1383 688 1413 enim
718 1382 857 1413 officium
880 1385 930 1412 est
952 1384 1085 1421 peccata

112 1423 233 1461 tollere,
268 1429 301 1455 et
330 1424 363 1454 in
395 1425 482 1455 hunc
506 1425 600 1455 finem
626 1435 645 1455 a
668 1427 759 1464 patre
781 1424 899 1456 missus
922 1427 988 1455 est:
1022 1423 1085 1454 fide

111 1472 219 1498 autem
265 1467 460 1506 percipimus
495 1466 617 1499 Christi
649 1468 819 1499 virtutem:
854 1477 931 1507 ergo
961 1467 1016 1507 qui
1051 1468 1085 1497 in

113 1509 283 1541 Christum
317 1509 434 1548 credit,
468 1520 600 1541 necesse
633 1513 683 1541 est
716 1521 734 1541 a
768 1510 908 1550 peccatis
941 1510 1084 1550 purgari.

112 1553 286 1584 Caeterum
318 1562 415 1592 quum
446 1552 521 1583 alibi
550 1552 675 1584 dicatur
698 1552 849 1585 Christus
873 1557 1004 1592 peccata
1028 1553 1085 1582 tol-

113 1595 189 1634 lere,
212 1595 362 1634 quoniam
387 1597 498 1626 mortis
522 1605 597 1626 suae
619 1596 775 1627 sacrificio
798 1606 836 1627 ea
858 1596 1012 1635 expiavit,
1043 1606 1085 1626 ne

112 1647 219 1669 coram
251 1638 320 1668 Deo
354 1638 447 1669 nobis
481 1639 696 1679 imputentur:
738 1639 799 1670 hoc
831 1638 899 1670 loco
932 1638 1084 1679 intelligit

113 1680 276 1712 Iohannes
301 1691 376 1711 vere
398 1687 429 1711 et
446 1681 514 1721 ipso
537 1684 611 1712 actu
635 1680 683 1723 (ut
706 1680 897 1723 loquuntur)
914 1681 1084 1713 Christum

114 1723 228 1754 tollere
259 1728 398 1764 peccata,
434 1725 508 1764 quia
537 1734 595 1764 per
625 1725 731 1764 ipsum
763 1725 963 1765 crucifigitur
990 1729 1085 1756 vetus

114 1766 209 1797 homo
234 1771 353 1804 noster,
376 1772 408 1797 et
431 1776 488 1806 per
511 1767 753 1807 poenitentiam,
785 1777 913 1798 carnem
939 1773 1084 1798 nostram

112 1819 185 1840 cum
221 1809 332 1849 pravis
361 1810 627 1849 concupiscentiis
656 1811 789 1850 spiritus
811 1811 879 1841 eius
902 1810 1084 1842 mortificat.

113 1851 224 1891 Neque
240 1853 325 1882 enim
343 1853 465 1891 patitur
480 1858 660 1890 contextus,
684 1853 723 1884 de
743 1853 932 1884 remissione
955 1853 1084 1892 exponi.

113 1895 169 1926 sie
193 1895 275 1925 enim
296 1893 344 1935 (ut
363 1894 443 1936 dixi)
466 1896 686 1934 ratiocinatur,
710 1906 764 1927 eos
787 1897 840 1936 qui
865 1905 996 1935 peccare
1020 1906 1084 1926 non

113 1937 275 1976 desinunt,
308 1937 439 1968 irritum
467 1938 571 1969 facere
594 1938 717 1970 Christi
741 1939 947 1970 beneficium:
983 1948 1084 1979 quum

113 1980 183 2011 ideo
207 1980 342 2017 venerit,
365 1984 401 2011 ut
424 1980 566 2012 aboleret
588 1991 727 2022 regnum
751 1981 882 2022 peccati.
914 1981 951 2012 Id
975 1986 1084 2012 autem

114 2023 154 2052 ad
178 2023 310 2063 spiritus
333 2023 618 2055 sanctificationem
642 2024 792 2056 refertur.

199 2065 363 2097 Peccatum
391 2066 426 2097 iu
455 2076 487 2097 eo
517 2076 577 2098 non
608 2069 660 2098 est.
706 2067 779 2099 Non
803 2067 842 2098 de
865 2067 988 2099 Christi
1013 2077 1083 2107 per-

113 2118 193 2139 sona
209 2108 261 2140 hic
280 2107 357 2148 agit,
381 2109 435 2139 sed
459 2109 497 2140 de
520 2112 588 2140 toto
612 2120 754 2150 corpore.
793 2110 995 2150 Quocunque
1019 2110 1083 2142 vim

112 2161 204 2183 suam
230 2151 380 2181 diffundit
403 2151 564 2190 Christus,
595 2156 693 2193 negat
723 2153 861 2193 amplius
888 2152 990 2184 locum
1014 2163 1083 2184 esse

113 2201 252 2233 peccato.
299 2194 438 2225 Proinde
470 2195 577 2226 statim
607 2196 739 2236 colligit,
772 2207 837 2227 non
868 2206 1000 2236 peccare
1028 2196 1083 2236 qui

113 2237 147 2267 in
171 2236 303 2268 Christo
337 2242 479 2267 manent.
524 2237 606 2268 Nam
641 2239 668 2269 si
701 2249 759 2279 per
793 2240 888 2270 fidem
923 2240 957 2269 in
992 2239 1083 2270 nobis

113 2279 251 2316 habitat,
281 2290 361 2318 opus
384 2279 465 2310 illud
489 2290 582 2310 suum
606 2283 741 2322 peragit,
765 2285 800 2312 ut
824 2292 881 2313 nos
905 2292 922 2312 a
947 2282 1084 2322 peccatis

113 2328 240 2363 purget.
287 2322 381 2353 Unde
413 2328 546 2362 apparet
575 2323 653 2362 quid
682 2325 724 2355 sit
747 2334 929 2365 peccare.
974 2324 1084 2364 Neque

114 2365 200 2396 enim
224 2375 281 2396 suo
305 2375 362 2395 nos
384 2366 499 2405 spiritu
524 2366 662 2404 perfecte
685 2377 749 2399 uno
773 2367 823 2398 die
847 2367 898 2397 vel
921 2373 1084 2398 momento

115 2406 265 2438 Christus
296 2414 438 2445 renovat,
469 2407 523 2438 sed
552 2409 790 2441 renovationem
814 2421 853 2441 ex
878 2415 969 2450 parte
992 2419 1084 2450 coep-

116 2455 182 2480 tam
199 2451 366 2481 continuat
383 2455 449 2482 tota
465 2451 541 2482 vita.
583 2450 670 2482 Fieri
694 2463 770 2493 ergo
794 2463 855 2484 non
880 2455 984 2493 potest
1007 2454 1084 2492 quin

115 2497 243 2532 peccato
277 2493 406 2524 obnoxii
441 2494 507 2524 sint
540 2493 668 2534 fideles,
706 2495 859 2534 quamdiu
894 2496 928 2526 in
964 2495 1083 2526 mundo

115 2540 224 2575 agunt.
263 2534 327 2567 Sed
351 2541 511 2576 quatenus
534 2537 623 2576 viget
646 2537 678 2567 in
697 2538 774 2577 ipsis
791 2538 912 2570 Christi
936 2549 1083 2579 regnum,

114 2580 282 2617 peccatum
311 2578 465 2609 abolitum
496 2583 555 2610 est.
600 2579 727 2610 Interea
757 2586 931 2612 censentur
954 2592 972 2612 a
996 2591 1084 2621 prae-

114 2621 207 2660 cipua
231 2627 335 2660 parte:
372 2621 431 2653 hoc
456 2626 513 2658 est,
549 2623 623 2652 iusti
648 2632 716 2653 esse
739 2628 772 2654 et
794 2623 877 2655 iuste
901 2625 1011 2656 vivere
1035 2624 1083 2654 di-

1133 312 1310 351 adspirant.
1351 313 1511 345 Dicuntur
1528 327 1601 346 non
1620 326 1800 355 peccare:
1818 317 1892 357 quia
1908 318 1980 348 etsi
1998 319 2105 350 curnis

1134 355 1324 386 infirmitate
1340 355 1501 394 labuntur,
1527 365 1656 398 peccato
1674 364 1778 390 tamen
1797 370 1861 391 non
1883 361 2103 392 consentiunt:

1134 398 1213 437 quin
1238 398 1343 437 potius
1360 401 1516 438 gemendo
1539 401 1713 439 luctantur,
1739 408 1774 432 ut
1798 413 1873 433 vere
1896 403 2007 434 testari
2030 414 2104 434 curn

1136 440 1237 471 Paulo
1263 440 1370 481 (Rom.
1388 442 1416 479 7,
1443 442 1494 483 19)
1524 449 1642 483 queant
1673 455 1706 475 sc
1736 445 1855 476 malum
1888 446 1991 478 facere
2021 446 2105 486 quod

1136 482 1258 514 nolunt.
1307 483 1468 516 Mancre
1492 487 1524 516 in
1548 486 1679 518 Christo
1704 487 1812 518 fideles
1835 488 1921 525 dicit,
1945 489 2020 528 quia
2043 489 2106 519 fide

1135 525 1167 556 in
1191 535 1264 556 eum
1289 526 1471 565 inserimur,
1495 533 1526 559 et
1549 540 1648 560 unum
1672 530 1831 561 efficimur
1854 541 1926 561 cum
1951 532 2028 571 ipso.

1221 569 1250 600 6.
1284 569 1433 608 Quisquis
1458 574 1571 611 peccat,
1601 582 1662 603 non
1688 572 1766 604 vidit
1788 582 1865 604 eum.
1911 573 2106 614 Oppositum

1136 611 1318 642 membrum
1343 622 1400 642 suo
1425 623 1511 644 more
1535 614 1667 655 addidit,
1694 620 1730 646 ut
1753 616 1893 647 sciamus
1917 616 1994 647 falso
2017 627 2106 656 prae-

1137 656 1204 684 texi
1222 653 1344 685 Christi
1369 655 1464 686 fidem
1489 661 1520 686 et
1544 658 1692 688 notitiam
1714 658 1834 698 absque
1850 659 1937 688 vitae
1954 660 2106 691 novitate.

1137 696 1306 736 Nusquam
1337 697 1424 727 euim
1455 699 1577 729 otiosus
1607 705 1657 731 est
1687 700 1854 737 Christus,
1890 701 1942 732 ubi
1976 707 2107 741 regnat:

1138 739 1193 770 sed
1217 740 1350 779 spiritus
1372 740 1423 770 sui
1449 742 1599 773 virtutem
1624 744 1753 774 exserit.
1801 743 1972 784 Proprium
1998 749 2106 775 autem

1137 782 1206 813 eius
1237 792 1306 813 esse
1335 782 1455 813 dictum
1486 789 1545 823 est,
1575 792 1740 824 peccatum
1771 786 1893 826 fugare,
1925 796 1991 817 non
2015 796 2107 818 secus

1138 830 1234 864 atque
1268 825 1314 856 sol
1350 825 1473 866 fulgore
1511 836 1569 857 suo
1607 828 1754 859 tenebras
1792 829 1942 869 dispellit.
1999 831 2107 869 Atque

1138 868 1256 898 iterum
1276 867 1336 899 hoc
1352 868 1420 899 loco
1437 869 1587 900 docemur
1604 881 1698 910 quam
1716 872 1789 902 viva
1809 882 1859 903 res
1875 872 1917 903 sit
1932 876 1965 903 et
1991 872 2107 904 efficax

1138 910 1261 941 Christi
1285 911 1442 951 cognitio:
1467 923 1582 951 nempe
1606 923 1687 952 quae
1710 923 1766 945 nos
1789 915 1822 945 in
1843 915 1912 945 eius
1928 915 2107 955 imaginem

1139 955 1358 985 transformat.
1416 954 1466 984 Ita
1500 965 1555 994 per
1590 956 1787 988 affectum
1822 963 1854 988 et
1891 958 2107 995 notitiam,

1139 996 1219 1026 nihil
1244 996 1329 1027 aliud
1353 997 1548 1037 intelligitur
1571 1008 1666 1038 quam
1691 998 1781 1031 fides.

1225 1081 1254 1112 7.
1279 1080 1401 1120 Fiholi,
1424 1092 1511 1113 nemo
1534 1093 1586 1114 vos
1608 1083 1756 1124 decipiat:
1780 1085 1834 1124 qui
1854 1085 1931 1125 facit
1952 1086 2109 1117 iustitiam

1137 1124 1240 1155 iustus
1262 1127 1315 1164 est,
1337 1125 1596 1164 quemadmodum
1617 1126 1669 1158 ille
1691 1128 1792 1159 iustus
1813 1130 1863 1159 est.
1903 1128 1931 1159 8.
1955 1129 2016 1167 Qui
2032 1128 2109 1167 facit

1134 1169 1310 1207 peccatum,
1345 1177 1383 1198 ex
1416 1168 1537 1200 diabolo
1570 1172 1629 1200 est:
1662 1170 1737 1209 quia
1771 1170 1809 1201 ab
1838 1171 1930 1202 initio
1964 1170 2110 1202 diabolus

1134 1212 1246 1250 peccat.
1294 1210 1336 1241 In
1357 1210 1412 1241 hoc
1432 1211 1649 1251 manifestatus
1678 1215 1721 1243 est
1740 1212 1830 1252 filius
1851 1212 1925 1252 Dei,
1955 1216 1989 1244 ut
2011 1213 2109 1245 solvat

1137 1262 1230 1292 opera
1257 1253 1384 1284 diaboli.
1431 1253 1460 1285 9.
1487 1254 1635 1294 Quisquis
1656 1257 1749 1287 uatus
1771 1258 1814 1286 est
1835 1266 1872 1287 ex
1894 1255 1972 1296 Deo,
2001 1266 2107 1295 pecca-

1137 1298 1202 1326 tum
1230 1306 1291 1327 nou
1316 1296 1402 1335 facit,
1437 1297 1582 1336 quoniam
1611 1307 1711 1329 semen
1739 1298 1807 1330 eius
1839 1300 1874 1330 in
1903 1299 1974 1338 ipso
1996 1301 2108 1330 manet.

1138 1338 1182 1370 Et
1202 1348 1262 1370 non
1278 1341 1379 1378 potest
1389 1349 1524 1379 peccare,
1548 1341 1623 1379 quia
1638 1351 1676 1372 eac
1690 1340 1760 1372 Deo
1773 1342 1895 1382 yenitus
1911 1344 1964 1372 est.
2000 1341 2049 1373 10.
2068 1341 2108 1372 In

1138 1381 1191 1413 hoc
1212 1381 1373 1421 manifesti
1395 1385 1466 1413 suut
1486 1383 1548 1421 filii
1570 1382 1632 1415 Dei
1655 1386 1681 1414 et
1700 1383 1761 1423 filii
1782 1383 1910 1416 diaboli.

1225 1467 1253 1498 7.
1293 1467 1354 1506 Qui
1386 1468 1464 1507 facit
1496 1469 1661 1500 iustitiam.
1719 1469 1820 1500 Docet
1859 1469 1911 1501 hic
1945 1469 2109 1509 apostolus

1140 1510 1323 1541 testandam
1348 1521 1417 1541 esse
1441 1512 1530 1542 bonis
1554 1512 1703 1552 operibus
1725 1513 1810 1543 vitae
1829 1513 2026 1543 novitatem:
2050 1522 2110 1544 nec

1139 1561 1289 1584 constare
1319 1553 1417 1594 illam,
1451 1555 1489 1584 de
1517 1564 1580 1594 qua
1608 1555 1762 1594 loquutus
1791 1561 1850 1595 est,
1880 1555 2005 1586 Christi
2035 1565 2108 1587 cum

1139 1597 1207 1627 suis
1231 1597 1384 1627 membris
1407 1597 1663 1637 similitudinem,
1692 1598 1754 1629 nisi
1786 1598 1913 1629 fructus
1936 1608 2012 1629 suos
2035 1608 2108 1637 pro-

1138 1638 1238 1670 ferat:
1273 1649 1309 1670 ac
1340 1640 1367 1670 si
1398 1640 1531 1677 diceret,
1563 1650 1660 1680 quum
1692 1651 1750 1672 nos
1780 1651 1849 1672 esse
1872 1641 2005 1672 Christo
2033 1651 2108 1672 con-

1139 1683 1257 1713 formes
1281 1682 1399 1722 deceat,
1432 1682 1527 1713 huius
1558 1684 1601 1713 rei
1627 1683 1746 1714 veritas
1773 1689 1805 1714 et
1828 1683 2050 1714 testimonium
2075 1683 2109 1714 in

1139 1725 1206 1756 vita
1241 1730 1352 1756 nostra
1388 1729 1501 1756 exstet.
1559 1725 1682 1756 Eadem
1721 1729 1770 1757 est
1809 1726 1886 1758 haec
1924 1726 2110 1757 exhortatio

1137 1778 1212 1799 cum
1236 1767 1292 1799 illa
1315 1768 1417 1805 Pauli,
1448 1767 1488 1798 ad
1513 1768 1622 1800 Galat.
1646 1778 1713 1809 cap.
1737 1769 1766 1807 5,
1789 1768 1840 1807 25,
1869 1769 1896 1800 si
1919 1769 2036 1808 spiritu
2061 1769 2110 1799 vi·

1140 1811 1223 1847 vitis,
1247 1811 1362 1850 spiritu
1386 1815 1418 1841 et
1440 1811 1613 1842 ambulate.
1651 1811 1749 1842 Multi
1768 1813 1854 1843 enim
1878 1811 2016 1842 libenter
2038 1821 2109 1852 per-

1139 1853 1314 1885 suaderent
1337 1863 1371 1884 se
1395 1853 1513 1884 habere
1536 1854 1695 1894 sepultam
1719 1855 1753 1885 in
1773 1855 1923 1886 cordibus
1942 1854 2110 1894 iustitiam,

1138 1896 1215 1927 dum
1241 1896 1345 1936 pedes,
1369 1902 1400 1926 et
1424 1907 1548 1935 manus,
1578 1902 1609 1928 et
1633 1897 1784 1938 linguam,
1813 1903 1845 1928 et
1868 1897 1977 1929 oculos
2000 1896 2109 1937 palam

1137 1944 1272 1979 occupat
1294 1939 1458 1979 iniquitas.

1223 1982 1252 2013 8.
1285 1982 1345 2021 Qui
1372 1981 1449 2021 facit
1472 1985 1642 2022 peccatum.
1694 1982 1767 2014 Hoc
1797 1992 1923 2023 quoque
1952 1983 2108 2020 facere,

1137 2025 1177 2056 ad
1205 2030 1340 2056 externa
1368 2035 1466 2064 opera
1500 2025 1656 2063 refertur,
1692 2030 1727 2056 ut
1756 2025 1797 2057 sit
1825 2035 1952 2064 sensus,
1986 2025 2108 2057 nullam

1137 2078 1206 2099 esse
1230 2068 1291 2098 Dei
1314 2072 1345 2098 et
1369 2067 1492 2099 Christi
1516 2069 1624 2107 vitam,
1649 2069 1702 2099 ubi
1726 2078 1878 2108 perverse
1900 2072 1932 2099 et
1954 2069 2107 2100 scelerate

1136 2121 1170 2141 se
1202 2111 1347 2142 homines
1373 2115 1508 2151 gerunt:
1542 2111 1598 2142 sed
1629 2111 1725 2148 tales,
1760 2111 1879 2142 diaboli
1911 2112 2018 2151 potius
2039 2122 2108 2142 esse

1137 2154 1305 2193 mancipia.
1352 2153 1425 2192 Qua
1455 2153 1643 2193 loquutione
1673 2153 1787 2185 melius
1814 2154 1968 2194 exprimit
1990 2159 2106 2194 quant-

1136 2207 1232 2236 opere
1262 2206 1280 2226 a
1309 2195 1440 2227 Christo
1471 2196 1657 2228 dissideant.
1709 2196 1989 2235 Quemadmodum
2020 2197 2106 2227 enim

1138 2238 1303 2270 Christum
1327 2239 1416 2278 prius
1440 2241 1594 2279 tanquam
1619 2239 1724 2270 omnis
1747 2239 1888 2270 iustitiae
1905 2239 2028 2270 fontem
2051 2249 2106 2279 po—

1137 2283 1216 2313 suit:
1250 2282 1296 2312 ita
1325 2292 1413 2312 nunc
1441 2282 1604 2313 diabolum
1636 2292 1676 2313 ex
1705 2283 1850 2322 opposito
1872 2281 1987 2313 statuit
2010 2284 2107 2322 caput

1137 2325 1266 2365 peccati.
1313 2324 1453 2365 Negavit
1482 2335 1675 2365 quemquam
1710 2335 1779 2356 esse
1803 2325 1934 2362 Christi,
1965 2324 2027 2355 nisi
2051 2325 2107 2364 qui

1137 2368 1240 2399 iustus
1263 2367 1315 2404 sit,
1339 2367 1500 2407 talemque
1523 2367 1673 2407 operibus
1689 2377 1722 2398 se
1741 2372 1902 2407 praestet:
1926 2377 2011 2398 nunc
2027 2366 2106 2399 alios

1138 2420 1249 2441 omnes
1273 2410 1305 2440 in
1329 2409 1447 2441 diaboli
1464 2411 1650 2441 societatem
1667 2410 1803 2450 ablegat,
1827 2412 1958 2450 eiusque
1975 2410 2106 2450 imperio

1137 2453 1280 2484 subiicit:
1309 2457 1345 2482 ut
1367 2455 1506 2484 sciamus
1531 2453 1610 2484 nihil
1635 2463 1704 2484 esse
1727 2454 1870 2483 medium
1893 2454 1971 2492 quin
1996 2458 2106 2493 tyran-

1138 2496 1245 2526 nidem
1278 2495 1379 2527 Satan
1414 2501 1559 2535 occupet,
1594 2495 1647 2526 ubi
1681 2496 1856 2535 primatum
1884 2505 1950 2526 non
1980 2496 2105 2527 obtinet

1137 2538 1259 2570 Christi
1293 2538 1424 2569 iustitia.
1476 2539 1588 2578 Neque
1622 2544 1730 2569 tamen
1760 2539 1823 2569 duo
1853 2538 1990 2570 adversa
2020 2539 2105 2578 prin-

1137 2582 1228 2621 cipia,
1259 2591 1330 2612 cum
1360 2581 1578 2619 Manichaeis,
1613 2581 1764 2621 fingenda
1795 2586 1879 2612 sunt.
1930 2581 2104 2613 Diabolum

1137 2625 1223 2655 enim
1247 2625 1365 2655 scimus
1390 2634 1453 2655 non
1477 2628 1595 2655 natura
1618 2634 1677 2656 nec
1700 2624 1871 2656 creationis
1889 2624 2024 2665 origine,
2047 2624 2103 2655 sed
