2513 3126
286 204 324 234 4:
1033 199 1171 231 amer.
1197 201 1258 231 Ao
1284 199 1532 231 nnnnxnos
1832 189 1834 192 '
2239 202 2281 235 48

285 310 348 331 uon
367 300 498 339 impcdrt
524 298 741 329 incredulitas:
767 296 793 326 si
818 295 910 326 medo
929 296 1018 326 Deus
1036 295 1159 327 invitet.
1196 296 1256 328 Sed

286 343 318 374 in
337 344 443 381 prima
463 351 596 380 pons-ona
622 339 778 378 loquendo,
800 339 913 369 maiori
936 348 987 369 cos
1009 338 1166 370 dulcedine
1188 339 1256 371 acli-

283 385 332 424 σι’ί,
356 384 394 417 ab
416 385 527 416 alicnis
552 384 633 421 ipsos
655 392 815 421 separans.

373 447 506 478 Tamelsi
528 446 680 485 operibus.
725 445 768 477 Ut
793 445 928 475 definiat
950 444 1055 484 qualis
1079 445 1122 475 sit
1146 449 1256 477 nestra

284 490 418 529 requies,
443 494 570 520 rovoont
591 499 649 519 nos
668 488 706 519 ad
731 488 761 519 id
786 487 868 527 quod
894 487 991 518 refert
1009 487 1124 526 Moses,
1149 487 1255 519 Deum

283 533 390 563 statim
426 542 443 562 a
477 531 638 562 creatione
670 531 780 561 mundi
813 530 1011 570 requievisse
1042 530 1082 561 ab
1106 531 1256 570 operibus

283 576 358 605 suis.
405 574 447 604 Et
479 574 608 605 tandein
641 574 802 604 concludit
833 572 916 604 hanc
946 583 1015 603 esse
1045 582 1154 604 verum
1179 573 1256 604 fide-

284 618 362 647 lium
395 617 538 656 requiem
570 627 650 656 qnae
681 616 830 646 omnibus
858 615 994 646 saeculis
1018 615 1113 646 durat
1136 616 1163 647 si
1187 615 1257 648 Deo

283 660 350 689 sint
373 660 562 690 conformes.
609 660 647 690 Ε(
674 669 750 690 sune
775 666 810 689 ut
835 658 913 689 haec
937 668 1064 689 summa
1085 662 1134 689 est
1158 658 1255 690 homi-

283 703 334 733 nis
365 702 501 733 felicitas
527 702 596 732 Dec
627 712 683 732 sue
714 701 905 732 adhaerere:
941 702 987 731 ita
1017 701 1152 732 ultimus
1183 702 1256 733 finis

281 755 352 775 esse
369 745 462 776 debet
481 756 542 785 qne
559 745 691 775 consilia
714 745 821 774 omnia
844 748 876 774 et
899 744 1040 774 actiones
1064 745 1253 776 referamur.

281 787 354 819 Hoc
371 788 494 827 prebat,
515 788 591 827 qnia
611 787 707 827 Deus,
725 789 776 827 qni
798 787 993 826 requievisse
1011 786 1136 826 dicitur,
1159 786 1254 828 longe

281 838 354 870 post
377 834 522 871 tempore
547 830 720 860 incredulis
744 830 884 869 requiem
909 839 998 860 suam
1021 835 1126 869 negat.
1159 828 1254 869 Quod

281 874 402 904 frustra
420 875 545 908 laceret,
570 873 629 903 nisi
647 872 795 912 exemplo
817 883 874 903 sue
899 872 1007 902 fideles
1032 872 1128 902 vellet
1151 873 1253 912 quies-

280 925 364 947 cere.
419 916 496 946 Ideo
530 915 619 952 dicit,
655 915 847 956 reliquum
883 915 979 945 fieri
1014 919 1056 945 ut
1091 915 1251 955 quidam

280 958 595 998 ingrediantur.
642 958 723 989 Nam
755 959 781 989 si
812 968 875 988 nen
907 958 1040 995 intrare,
1074 968 1176 997 poena
1206 964 1254 989 est

281 1001 525 1039 incredulitatis,
561 1008 595 1031 ut
625 1001 688 1031 iam
719 1001 839 1032 dictum
872 1007 933 1032 est:
969 1001 1174 1032 credentibus
1206 1001 1252 1032 in-

281 1054 410 1084 gressus
445 1049 540 1083 patet.
595 1043 660 1075 Sed
695 1044 790 1084 paulo
825 1043 898 1084 plus
933 1043 1027 1074 habet
1058 1043 1255 1075 difficultatis

281 1086 366 1125 quod
396 1086 524 1117 subiicit
551 1087 702 1118 continue
736 1092 815 1126 pest,
848 1086 947 1118 alium
975 1086 1067 1117 nobis
1091 1086 1173 1118 diem
1197 1086 1253 1117 ho-

282 1129 431 1160 diernum
456 1130 555 1160 statui
580 1130 613 1160 in
637 1129 770 1170 psalmo,
801 1130 876 1170 quia
899 1129 1020 1169 priores
1043 1129 1163 1160 exclusi
1186 1130 1253 1161 fue-

281 1172 356 1202 rint.
412 1171 501 1203 Nihil
536 1173 621 1203 enim
657 1172 720 1203 tale
754 1173 936 1212 exprimere
971 1172 1124 1203 videntur
1158 1172 1255 1203 verba

282 1214 431 1246 Davidis:
468 1220 594 1246 tantum
624 1215 710 1246 enim
742 1215 802 1247 hoc
825 1220 940 1246 sonant
964 1215 1047 1254 quod
1073 1214 1162 1246 Deus
1185 1215 1253 1248 infi-

282 1257 446 1288 delitatem
478 1258 587 1298 populi
619 1259 707 1289 ultus
737 1259 788 1298 sit,
823 1268 894 1289 eum
924 1263 1029 1289 terrae
1052 1258 1252 1297 possessione

281 1299 468 1331 abdicando.
508 1300 712 1341 Respondeo,
737 1302 844 1332 valere
863 1301 1139 1340 consequentiam:
1163 1301 1254 1332 nobis

280 1342 388 1373 offerri
405 1343 490 1382 quod
514 1343 577 1374 illis
600 1343 743 1375 ablatum
767 1349 823 1381 est,
848 1354 945 1382 quum
970 1343 1141 1374 admoneat
1164 1344 1255 1383 spiri-

281 1390 334 1416 tus
363 1388 504 1423 sanctus,
536 1396 600 1417 non
632 1397 701 1418 esse
731 1387 998 1418 committendum
1026 1391 1137 1417 nostra
1159 1387 1255 1426 culpa

281 1432 317 1458 ut
346 1428 457 1459 eodem
489 1439 610 1468 poenae
640 1439 757 1469 genere
784 1429 989 1460 mulctemur.
1035 1428 1121 1468 Quid
1145 1428 1253 1460 enim?

281 1471 308 1501 si
325 1471 417 1502 nobis
434 1472 528 1503 hodie
552 1472 632 1502 nihil
656 1473 907 1511 promitteretur,
932 1483 973 1503 an
995 1471 1098 1503 locum
1122 1472 1254 1503 haberet

282 1513 362 1544 haec
391 1513 582 1545 admonitio:
614 1514 731 1546 Videte
762 1526 801 1546 ne
829 1514 918 1546 vebis
941 1514 1025 1546 idem
1050 1514 1131 1555 quod
1154 1515 1252 1554 patri-

282 1555 341 1587 bus
382 1557 572 1597 contingat?
639 1557 780 1589 Proinde
820 1558 936 1589 merito
971 1558 1047 1589 dicit
1080 1557 1253 1598 apostolus,

281 1599 358 1638 quia
381 1603 508 1639 patrum
536 1600 709 1632 infidelitas
732 1611 866 1633 vacuam
889 1605 921 1632 et
945 1600 1105 1632 desertam
1129 1610 1253 1641 posses—

281 1643 406 1673 sionem
429 1643 566 1683 reliquit,
589 1643 664 1674 filiis
686 1645 836 1675 renovari
859 1644 1114 1684 promissionem,
1138 1648 1175 1675 ut
1197 1643 1252 1675 ob-

282 1685 408 1716 tineant
431 1685 516 1725 quod
540 1686 579 1717 ab
601 1685 665 1717 illis
687 1686 870 1727 neglectum
895 1687 964 1718 fuit.

370 1749 399 1779 8.
433 1749 519 1780 Nam
548 1750 578 1781 εἰ
605 1749 697 1782 Iesus
728 1751 873 1790 requiem.
923 1751 996 1782 Non
1030 1751 1101 1782 vult
1134 1761 1254 1792 negare

282 1791 359 1830 quin
383 1801 440 1831 per
463 1793 607 1832 requiem
629 1793 736 1824 David
760 1800 880 1824 terram
901 1793 1057 1825 Chanaan
1081 1794 1252 1834 intelligat,

283 1833 315 1864 in
345 1844 442 1874 quam
472 1834 567 1866 Iesue
598 1835 753 1876 populum
783 1837 923 1868 induxit:
955 1836 1010 1868 sed
1041 1837 1123 1869 hanc
1155 1838 1252 1869 fuisse

282 1876 431 1908 ultimam
459 1878 603 1918 requiem
627 1884 724 1919 negat
746 1879 786 1910 ad
815 1889 911 1918 quam
936 1879 1104 1920 adspirant
1126 1880 1250 1912 fideles:

282 1929 363 1958 quae
397 1919 484 1951 illius
517 1921 614 1952 etiam
645 1922 765 1952 saeculi
802 1921 950 1954 fidelibus
988 1923 1153 1955 nobiscum
1191 1923 1252 1954 fuit

284 1963 476 1994 communis.
521 1963 654 1995 Certum
685 1969 733 1996 est
755 1966 852 2003 enim,
877 1965 973 1997 altius
996 1975 1050 1996 ees
1073 1967 1252 2006 respexisse

284 2014 381 2044 quam
413 2005 452 2036 ad
483 2011 605 2037 terram
634 2006 733 2039 illam.
784 2007 855 2038 Ime
885 2010 972 2039 terra
1000 2008 1158 2040 Chanaan
1188 2020 1251 2040 non

286 2047 416 2078 aliunde
454 2049 536 2079 tanti
573 2050 805 2082 aestimabatur
845 2051 907 2082 nisi
949 2051 1032 2091 quod
1073 2051 1252 2092 spiritualis

283 2089 492 2122 haereditatis
514 2092 622 2132 imago
647 2099 715 2124 erat
738 2103 774 2124 ac
793 2093 986 2134 symbolum.
1024 2094 1112 2135 Ergo
1129 2105 1252 2135 posses-

286 2133 408 2164 sionem
442 2134 549 2174 adepti
580 2145 641 2166 non
675 2136 856 2167 debuerunt
886 2137 1051 2176 quiescere
1085 2148 1121 2169 ac
1153 2138 1181 2169 si
1213 2137 1252 2168 ad

284 2185 445 2206 summam
486 2181 633 2208 vetorum
675 2184 867 2218 perventum
907 2179 1005 2210 foret:
1051 2181 1107 2211 sed
1149 2181 1252 2220 petius

284 2218 437 2250 meditari
468 2220 553 2259 qued
583 2225 652 2251 erat
683 2222 715 2252 in
747 2232 782 2252 ea
812 2222 992 2262 spirituale.
1045 2223 1252 2255 Possessione

285 2260 473 2292 fruebantur
496 2262 541 2293 illi
566 2263 682 2302 quibus
706 2264 813 2295 David
837 2265 998 2304 psalmum
1023 2265 1174 2298 dictavit:
1198 2265 1252 2297 sed

284 2303 542 2336 admonebantur
571 2306 609 2337 de
639 2307 822 2346 quaerenda
845 2307 969 2339 meliori
992 2309 1109 2349 requie.
1156 2308 1252 2340 Vide-

285 2356 356 2378 mus
387 2353 424 2378 ut
455 2352 542 2379 terra
565 2349 724 2380 Ohanaan
754 2350 851 2381 fuerit
873 2351 1014 2391 requies:
1045 2353 1100 2383 sed
1125 2352 1251 2383 umbra—

286 2389 360 2426 tilis,
395 2395 426 2421 et
449 2390 534 2422 ultra
557 2401 651 2431 quam
676 2392 786 2424 fideles
810 2393 960 2433 progredi
983 2395 1137 2434 oportuit.
1182 2394 1252 2425 Hoc

286 2442 381 2463 sensu
414 2440 512 2474 negat
543 2434 707 2474 apestolus
738 2436 881 2475 requiem
906 2436 1002 2467 fuisse
1026 2438 1210 2477 praestitam
1234 2447 1252 2467 a

287 2473 399 2521 losue:
430 2477 504 2515 quia
528 2477 630 2517 ipsius
653 2478 803 2518 auspiciis
826 2478 896 2510 ideo
919 2484 1039 2511 terram
1063 2480 1252 2521 promissam

285 2526 453 2556 ingressus
476 2524 524 2550 est
547 2520 695 2560 populus,
719 2527 754 2551 ut
776 2520 810 2552 in
833 2521 955 2553 coelum
975 2522 1129 2554 alacriore
1148 2522 1252 2554 studio

285 2559 502 2592 contenderet.
554 2563 662 2603 Atque
695 2563 771 2594 hine
805 2564 957 2605 colligere
991 2571 1176 2606 promptum
1205 2569 1254 2596 est

287 2601 380 2649 quale
409 2603 451 2633 sit
480 2604 565 2635 inter
589 2615 647 2637 nos
671 2610 703 2637 et
724 2606 797 2638 illos
820 2606 1001 2639 discrimen.
1047 2608 1130 2639 Nam
1154 2618 1252 2649 quum

287 2650 432 2685 utrisque
455 2645 539 2677 idem
564 2658 676 2687 scopus
699 2649 740 2680 sit
764 2650 936 2690 praefixus,
966 2650 1029 2681 illis
1053 2650 1155 2683 additi
1177 2656 1252 2683 sunt

1308 297 1436 328 externi
1468 295 1536 336 typi
1568 294 1683 334 quibus
1713 296 1945 337 dirigerentur:
1978 298 2070 329 nobis
2101 309 2165 330 non
2189 300 2277 333 item.

1310 339 1376 371 Nec
1406 350 1483 370 sane
1515 348 1595 377 opus
1627 338 1701 370 fnit:
1733 350 1830 378 quuin
1862 350 1911 371 res
1936 340 2004 380 ipsa
2027 340 2114 371 nuda
2137 347 2279 381 ponatur

1309 388 1383 413 unte
1417 381 1535 412 oculos.
1588 380 1671 411 Nam
1706 382 1766 413 etsi
1802 382 1834 413 in
1865 392 1922 422 spe
1957 382 2062 414 adhuc
2098 385 2200 423 posita
2230 391 2280 417 est

1308 424 1394 456 salus
1429 429 1555 460 nostra,
1592 429 1699 455 tamen
1735 425 1817 464 quod
1853 425 1891 455 ad
1930 424 2109 456 doctrinam
2143 432 2277 467 spectat,

1308 472 1394 498 rectu
1429 477 1486 497 nes
1521 466 1554 496 iu
1582 466 1703 497 coelum
1739 467 1835 499 ducit.
1881 467 1948 499 Ncc
1971 467 2123 500 Christus
2147 480 2276 502 manum

1309 509 1378 540 ideo
1402 509 1491 540 nobis
1516 509 1660 549 porrigit,
1684 515 1718 540 ut
1737 520 1795 541 nes
1819 521 1875 550 per
1899 510 2020 551 figuras
2041 512 2277 544 circumducat:

1308 552 1363 583 sed
1388 557 1424 582 ut
1447 562 1464 583 e
1487 551 1609 583 munde
1639 552 1793 584 abductos
1820 554 1851 584 in
1876 554 1998 584 coelum
2023 554 2136 594 erigat.
2182 554 2277 594 Quod

1309 600 1414 626 autem
1439 594 1585 625 umbram
1610 600 1738 635 separat
1760 596 1923 636 apestolus
1942 606 1959 626 a
1980 597 2123 633 veritate,
2149 597 2179 628 id
2200 599 2278 629 facit

1309 638 1382 677 quia
1404 637 1449 668 illi
1473 647 1544 668 cum
1569 637 1696 669 Iudaeis
1720 643 1787 669 erat
1811 639 1973 679 negotium
1999 639 2053 679 qui
2077 639 2109 670 in
2134 641 2277 672 externis

1309 680 1404 711 rebus
1424 679 1561 711 nimium
1582 680 1766 712 haerebant.
1792 681 1971 718 Concludit,
1998 682 2134 722 relinqui
2160 684 2277 723 populo

1310 723 1369 753 Dei
1383 722 1650 763 sabbathismum,
1670 723 1730 755 hoc
1743 728 1802 763 est,
1815 734 1884 756 esse
1896 725 2056 764 quandam
2071 725 2275 764 spiritualem

1308 766 1448 805 requiem
1473 765 1511 796 ad
1536 776 1631 805 quain
1658 776 1714 797 nos
1737 766 1877 806 quotidie
1902 768 1991 798 Deus
2015 768 2140 800 invitat.

1394 807 1442 839 10.
1479 808 1564 839 Nam
1600 809 1654 847 qui
1690 809 1846 848 requievit.
1907 809 1967 842 Est
2005 810 2089 842 illius
2128 812 2277 852 perpetui

1307 850 1454 882 sabbathi
1486 850 1640 887 definitio,
1672 851 1705 881 in
1737 862 1801 891 quo
1830 862 1957 883 summa
1989 852 2153 885 hominum
2179 854 2277 886 beati-

1308 894 1384 925 tudo
1407 894 1568 934 consistit,
1593 893 1645 924 ubi
1671 894 1826 933 quaedam
1850 897 1898 925 est
1922 895 2005 926 iuter
2025 895 2096 927 illos
2115 902 2146 928 et
2166 897 2275 929 Deum

1306 936 1503 976 similitudo,
1539 946 1600 976 qua
1633 947 1704 967 cum
1741 937 1809 976 ipso
1852 936 2051 970 cohaereant.
2107 939 2273 980 Quidquid

1305 980 1390 1010 enim
1423 990 1564 1019 unquam
1596 978 1634 1010 de
1663 989 1786 1011 summo
1819 979 1902 1010 bono
1934 979 2139 1020 disputarunt
2173 983 2276 1022 philo-

1305 1022 1406 1062 sophi,
1426 1022 1598 1062 insipidum
1625 1033 1660 1054 ac
1684 1023 1893 1063 nugatorium
1919 1022 1990 1060 fuit,
2013 1024 2087 1063 quia
2110 1024 2274 1057 hominem

1306 1065 1339 1096 in
1371 1076 1404 1096 se
1428 1065 1498 1105 ipso
1529 1064 1732 1096 detinebant:
1763 1075 1859 1105 quum
1885 1075 2015 1097 necesse
2038 1067 2081 1097 sit
2103 1073 2195 1098 extra
2218 1079 2278 1100 nes

1306 1108 1395 1138 exire
1433 1112 1468 1139 ut
1506 1107 1690 1139 felicitatem
1725 1107 1933 1147 reperiamus.
1990 1107 2159 1140 Summum
2199 1121 2276 1152 ergo

1307 1151 1447 1182 heminis
1481 1150 1599 1182 benum
1635 1150 1715 1181 nihil
1750 1150 1836 1182 aliud
1874 1156 1923 1182 est
1960 1161 2057 1191 quam
2096 1162 2169 1183 cum
2204 1152 2275 1185 Deo

1307 1194 1498 1225 coniunctio.
1545 1193 1594 1224 Eo
1617 1193 1808 1234 pervenitur
1831 1204 1930 1233 quum
1955 1195 1994 1225 ad
2018 1194 2088 1225 eius
2111 1195 2278 1236 exemplar

1307 1247 1416 1268 sumus
1461 1236 1637 1276 compositi.
1702 1236 1802 1267 Porro
1847 1236 1943 1267 istam
1985 1237 2277 1270 conformationem

1307 1280 1468 1318 apostolus
1498 1280 1530 1310 in
1562 1289 1599 1310 eo
1627 1279 1721 1310 sitam
1753 1289 1823 1310 esse
1853 1279 1962 1318 decet,
1995 1279 2021 1311 si
2053 1280 2092 1311 ab
2124 1281 2276 1320 operibus

1307 1323 1424 1354 nestris
1440 1322 1650 1363 quiescamus.
1681 1321 1776 1354 Unde
1793 1322 1922 1353 tandem
1939 1323 2093 1363 sequitur,
2111 1322 2276 1355 hominem

1307 1375 1339 1396 se
1358 1365 1546 1405 abnegando
1566 1366 1694 1397 beatum
1721 1365 1799 1396 fieri.
1839 1364 1924 1404 Quid
1941 1366 2026 1396 enim
2043 1365 2130 1396 aliud
2147 1372 2194 1397 est
2211 1376 2278 1398 ces-

1306 1409 1385 1439 satio
1402 1408 1442 1439 ab
1457 1408 1607 1448 operibus
1625 1408 1725 1439 notris
1741 1417 1837 1447 quam
1854 1408 1960 1439 carnis
1974 1409 2181 1447 mortificatio,
2199 1408 2275 1440 dum

1308 1452 1364 1483 sibi
1383 1451 1478 1482 homo
1497 1451 1663 1482 renuntiat
1678 1455 1714 1481 ut
1733 1451 1824 1481 vivat
1841 1450 1932 1481 Deo‘?
1957 1450 2040 1482 Nam
2057 1451 2132 1482 hinc
2148 1462 2276 1492 semper

1307 1494 1487 1525 faciendum
1500 1499 1549 1525 est
1562 1493 1740 1533 exordium,
1754 1504 1851 1533 quum
1866 1492 1904 1524 de
1917 1493 2030 1534 regula
2042 1495 2093 1535 pie
2102 1500 2276 1535 sancteque

1307 1537 1438 1568 vivendi
1462 1537 1578 1577 agitur,
1603 1541 1638 1567 ut
1660 1536 1756 1567 homo
1780 1536 1841 1568 sibi
1865 1536 2100 1576 quodammodo
2129 1542 2276 1569 mortuus

1306 1580 1411 1611 Deum
1432 1581 1574 1620 patiatur
1593 1579 1722 1611 vivere:
1747 1579 1878 1610 ferietur
1899 1579 1939 1610 ab
1956 1579 2106 1619 operibus
2126 1580 2275 1620 propriis,

1306 1627 1341 1654 ut
1364 1623 1466 1654 locum
1491 1623 1561 1654 Dee
1582 1623 1689 1663 agenti
1712 1621 1874 1653 concedat.
1909 1622 2020 1653 Fateri
2039 1623 2124 1654 enim
2144 1633 2276 1654 necesse

1306 1670 1364 1706 est,
1388 1670 1465 1698 tunc
1489 1668 1575 1698 recte
1591 1666 1719 1697 demum
1736 1665 1944 1697 constitutam
1968 1676 2037 1697 esse
2056 1666 2158 1697 vitam
2175 1675 2274 1705 quum

1306 1709 1374 1740 Deo
1401 1709 1546 1740 subiecta
1577 1714 1634 1740 est.
1680 1709 1779 1748 Atqui
1810 1713 1939 1748 propter
1961 1708 2139 1748 ingenitam
2163 1709 2274 1749 pravi-

1305 1754 1403 1782 tatem
1435 1752 1496 1783 hoc
1527 1761 1690 1791 nunquam
1721 1751 1767 1792 fit,
1798 1751 1898 1782 donec
1921 1761 1939 1781 a
1963 1751 2100 1792 propriis
2123 1751 2274 1791 operibus

1305 1795 1560 1834 supersedemus.
1606 1794 1694 1825 Talis
1717 1794 1852 1834 inquam
1877 1794 2094 1834 repugnantia
2116 1799 2165 1826 est
2187 1795 2274 1826 inter

1305 1837 1367 1868 Dei
1399 1837 1665 1879 gubernationem
1690 1841 1722 1868 et
1745 1842 1871 1868 nostros
1894 1837 2037 1875 affectus,
2066 1841 2103 1868 ut
2125 1838 2157 1868 in
2181 1836 2274 1868 nobis

1304 1891 1412 1921 agere,
1457 1881 1519 1912 nisi
1556 1880 1680 1918 otiosis,
1718 1884 1866 1919 nequeat.
1925 1879 2011 1918 Quia
2054 1890 2132 1911 vera
2173 1879 2274 1912 huius

1305 1924 1419 1963 quietis
1442 1923 1712 1964 complementum
1737 1932 1904 1963 nunquam
1926 1925 2033 1954 exstat
2056 1924 2088 1953 in
2112 1922 2173 1954 hac
2196 1923 2273 1961 vita,

1304 1977 1430 2007 semper
1464 1976 1501 1998 eo
1524 1966 1693 1997 nitendum
1717 1971 1774 1997 est.
1819 1965 1870 1996 Ita
1892 1965 2002 1996 fideles
2025 1965 2273 2006 ingrediuntur:

1304 2009 1358 2040 sed
1390 2010 1449 2041 hac
1477 2009 1669 2046 conditione,
1701 2013 1737 2040 ut
1760 2008 1919 2040 currendo
1943 2008 2070 2039 assidue
2094 2008 2271 2048 proficiant.

1305 2052 1479 2084 Caeterum
1502 2063 1568 2084 non
1591 2051 1702 2083 dubito
1721 2051 1798 2091 quin
1818 2051 1857 2082 ad
1874 2050 2067 2082 sabbathum
2085 2051 2160 2082 data
2177 2060 2273 2091 opera

1304 2095 1448 2127 alluserit
1471 2095 1645 2135 apostolus,
1670 2099 1705 2125 ut
1728 2094 1864 2125 Iudaeos
1888 2098 2052 2125 revocaret
2075 2093 2114 2125 ab
2137 2098 2274 2125 externa

1305 2138 1372 2169 eius
1403 2138 1636 2170 observatione.
1689 2137 1803 2177 Neque
1832 2137 1916 2168 enim
1946 2137 2039 2168 aliter
2069 2140 2172 2176 potest
2201 2135 2272 2167 eius

1305 2181 1472 2221 abrogatio
1507 2180 1646 2221 intelligi
1686 2190 1784 2220 quam
1829 2180 1955 2221 cognite
1994 2178 2154 2219 spirituali
2196 2179 2270 2210 fine.

1305 2224 1444 2255 Proinde
1468 2224 1531 2255 duo
1562 2223 1659 2255 simul
1690 2224 1773 2264 agit:
1805 2233 1879 2254 nam
1903 2226 1935 2253 et
1957 2222 2080 2263 gratiae
2110 2221 2271 2253 excellen-

1305 2266 1383 2297 tiam
1407 2266 1669 2303 commendando,
1702 2276 1760 2297 nos
1790 2266 1829 2297 ad
1864 2275 1934 2296 eam
1961 2264 2024 2296 fide
2054 2264 2270 2304 recipiendam

1304 2310 1465 2341 stimulat:
1499 2315 1531 2341 et
1559 2309 1662 2341 obiter
1690 2309 1814 2340 interea
1836 2307 1975 2339 ostendit
2005 2317 2162 2347 quaenam
2195 2317 2271 2338 vera

1304 2352 1345 2382 sit
1368 2352 1514 2384 sabbathi
1532 2353 1632 2384 ratio:
1656 2362 1696 2383 ne
1719 2356 1925 2392 praepostere
1941 2349 2051 2381 Iudaei
2076 2350 2110 2380 in
2133 2353 2271 2381 externa

1303 2395 1503 2426 caeremonia.
1524 2395 1690 2426 haereant.
1736 2395 1785 2425 De
1815 2393 2022 2433 abrogatione
2051 2391 2181 2432 quidem
2205 2403 2270 2424 non

1304 2442 1413 2477 aperte
1436 2438 1580 2470 disserit:
1610 2438 1685 2477 quia
1707 2447 1771 2468 non
1796 2436 1856 2467 hoc
1879 2436 1945 2476 agit
1968 2445 2008 2466 ex
2032 2435 2190 2475 professo:
2213 2435 2270 2467 sed

1304 2490 1399 2520 quum
1425 2481 1488 2512 alio
1512 2483 1673 2521 spectasse
1696 2479 1787 2511 docet
1810 2478 1899 2509 illam
1923 2478 2166 2516 caeremoniam,
2190 2488 2270 2518 pau-

1304 2523 1395 2554 latim
1419 2525 1463 2555 ita
1486 2533 1541 2555 eos
1564 2533 1583 2554 a
1606 2521 1828 2563 superstitiosa
1850 2521 2002 2561 opinione
2025 2520 2162 2552 abducit.
2204 2520 2270 2560 Qui

1305 2567 1390 2597 enim
1413 2566 1512 2598 alium
1536 2566 1634 2597 fuisse
1664 2565 1759 2596 finem
1782 2563 1944 2605 praecepti
1966 2569 2064 2603 tenet⁷
2095 2573 2193 2604 quam
2215 2574 2269 2595 ex—

1304 2610 1432 2640 ternum
1457 2609 1559 2641 otium
1575 2608 1626 2640 vel
1646 2607 1770 2640 cultum
1787 2612 1984 2645 terrestrem,
2007 2606 2034 2638 is
2050 2607 2085 2637 in
2100 2606 2269 2638 Christum

1305 2652 1505 2692 respiciendo
1539 2661 1616 2682 mox
1645 2651 1736 2682 facile
1766 2650 1834 2681 eius
1866 2649 2007 2680 adventu
2048 2649 2270 2681 caeremoniae
