2513 3126
91 198 153 229 213

91 306 169 335 ergo
193 295 303 327 fideles
320 295 446 334 Petrus,
470 296 545 335 quia
568 301 689 335 sponte,
715 305 778 326 non
798 299 906 326 autem
924 294 1061 325 necessi-

92 344 158 370 tate
196 339 314 376 coacti,
352 349 385 370 se
423 338 574 369 tristitiae
611 338 791 369 subiiciant.
852 336 946 376 Quod
984 336 1061 367 dicit

92 382 319 421 Paulisper
347 391 471 418 nunc,
495 380 535 412 ad
558 381 811 412 consolationem
836 380 930 410 valet.
977 378 1060 409 Nam

95 424 249 464 temporis
283 423 438 462 brevitas,
472 424 556 455 mala
584 424 790 463 quantumvis
821 422 939 461 alioqui
970 420 1060 458 dura,

93 478 157 498 non
189 477 301 507 parum
332 471 499 506 temperat.
546 466 730 497 Praesentis
759 470 866 496 autem
892 465 978 495 vitae
1001 462 1061 494 du-

93 510 175 541 ratio
199 511 303 540 instar
326 509 480 539 momenti
504 515 561 540 est.

181 552 218 583 St·
245 561 322 590 opus
351 554 401 583 est.
446 551 597 583 Conditio
627 560 684 591 pro
714 560 811 581 causa
842 548 893 580 hic
923 548 1060 588 capitur.

94 594 276 627 Ostendere
305 595 390 625 enim
415 594 527 633 voluit,
559 604 621 624 non
653 598 773 623 temere
801 591 873 621 fieri
904 591 988 630 quod
1017 590 1062 620 ita

95 638 184 669 Deus
214 647 288 668 suos
318 642 456 668 exercet.
502 636 584 667 Nam
612 636 638 666 si
666 634 756 665 nulla
779 643 875 664 causa
898 642 956 663 nos
980 633 1060 662 affli-

95 686 185 721 geret
208 680 308 719 Deus,
336 680 368 709 id
400 679 537 709 toleratu
570 687 668 718 grave
695 681 787 706 esset.
834 675 952 706 Petrus
982 685 1061 714 ergo

95 726 322 763 argumentum
353 720 575 752 consolationis
598 719 738 757 sumpsit
760 728 801 748 ex
826 717 888 748 Dei
911 717 1060 748 consilio:

95 776 161 796 non
196 764 279 804 quod
309 773 436 802 semper
466 763 548 792 ratio
579 760 671 791 nobis
701 765 868 799 appareat,
903 760 958 791 sed
987 760 1063 800 quia

95 817 283 848 persuasum
313 806 405 836 nobis
431 814 500 835 esse
525 803 619 834 debet
641 804 686 833 sic
710 803 778 833 fieri
802 808 958 842 oportere,
989 803 1063 843 quia

95 850 165 881 Deo
189 849 301 889 placet.
339 846 523 877 Notandum
548 845 633 886 quod
654 856 718 876 nou
736 855 831 876 unam
849 846 1061 876 tentationem

95 893 194 933 ponit,
226 890 281 921 sed
311 889 435 929 plures:
467 899 571 928 neque
602 899 702 919 unum
736 888 927 919 tentationis
950 899 1063 928 genus,

95 935 150 967 sed
180 933 317 964 diversa.
370 931 575 971 Quamquam
607 930 703 962 huius
733 931 795 962 loci
826 932 1063 971 expositionem

95 977 197 1008 satius
220 980 268 1006 est
291 985 330 1005 ex
356 975 458 1014 primo
480 975 583 1014 capite
608 974 714 1005 Iacobi
739 980 855 1013 petere.

180 1018 209 1049 7.
233 1017 406 1049 Pretiosior
435 1027 521 1048 auro.
567 1018 809 1057 Argumentum
834 1021 882 1048 est
905 1026 925 1048 a
948 1017 1065 1048 minori

95 1061 134 1093 ad
157 1061 272 1092 maius.
317 1060 401 1091 Nam
425 1060 451 1091 si
475 1069 601 1099 aurum,
625 1060 709 1099 quod
734 1059 903 1090 metallum
927 1064 976 1090 est
998 1069 1065 1090 cor-

95 1103 262 1144 ruptibile.
293 1105 375 1134 tanti
406 1103 555 1134 ducimus
584 1107 620 1133 ut
650 1103 788 1133 velimus
819 1103 895 1143 igne
927 1102 1065 1143 probari,

95 1157 159 1187 quo
189 1156 284 1177 suum
309 1146 394 1185 apud
417 1155 475 1176 nos
498 1146 637 1186 pretium
661 1146 819 1176 obtineat:
849 1145 924 1185 quid
948 1146 1065 1176 mirum

96 1190 125 1221 si
146 1189 237 1220 Deus
267 1189 300 1219 in
324 1188 386 1219 fide
410 1187 545 1218 eandem
569 1188 678 1227 exigat
701 1188 934 1228 probationem,
965 1199 1066 1228 quum

97 1238 186 1263 tanta
205 1231 246 1263 sit
266 1231 349 1271 apud
366 1241 440 1262 eum
457 1231 532 1262 fidei
548 1231 762 1262 excellentia?
798 1231 940 1262 Tametsi
958 1237 1065 1262 autem

98 1275 191 1306 aliter
214 1279 331 1306 sonant
355 1274 462 1311 verba,
485 1274 581 1304 fidem
606 1279 714 1305 tamen
738 1285 816 1305 auro
839 1280 1012 1314 comparat,
1035 1279 1067 1305 et

97 1329 168 1349 eam
202 1327 279 1348 auro
313 1317 419 1358 magis
450 1317 622 1357 pretiosam
653 1317 747 1348 facit:
782 1323 817 1348 ut
846 1317 921 1348 inde
949 1317 1067 1347 inferat

98 1361 229 1401 dignam
253 1369 323 1391 esse
346 1370 429 1400 quae
454 1360 550 1399 probe
574 1360 789 1391 examinetur.
836 1360 939 1390 Porro
964 1361 1065 1390 incer—

98 1409 168 1435 tum
202 1406 252 1433 est
283 1413 448 1442 quousque
481 1402 634 1433 extendat
664 1403 797 1434 verbum
828 1402 1067 1444 δοκιμάζεσθαι,

98 1450 130 1477 et
160 1455 276 1477 nomen
308 1444 457 1486 δοκίμιον.
503 1445 539 1476 Si
572 1444 699 1485 quidem
731 1446 879 1477 bifariam
913 1446 1069 1486 probatur

98 1499 213 1520 aurum
252 1488 335 1528 igni:
375 1490 479 1528 primo
520 1498 617 1528 quum
657 1494 852 1528 repurgatur
891 1499 909 1519 a
950 1490 1068 1520 scoria:

99 1531 215 1562 deinde
244 1541 341 1570 quum
374 1531 412 1561 de
435 1532 504 1562 eius
527 1530 687 1571 probitate
711 1531 890 1562 faciendum
915 1537 964 1563 est
987 1531 1069 1562 iudi-

99 1575 194 1606 cium.
239 1573 383 1613 Uterque
413 1573 571 1613 probandi
598 1575 711 1605 modus
741 1574 815 1605 fidei
845 1575 966 1614 optime
994 1584 1068 1605 con-

100 1617 195 1657 gruit.
241 1615 325 1647 Nam
356 1626 453 1656 quum
484 1617 605 1647 multae
637 1617 872 1648 incredulitatis
902 1618 1005 1649 faeces
1035 1618 1069 1648 in

99 1660 193 1690 nobis
223 1658 396 1696 resideant,
427 1658 503 1690 dum
527 1659 626 1690 variis
649 1660 879 1691 afflictionibus
903 1661 994 1701 quasi
1018 1671 1071 1691 ex-

98 1702 268 1742 coquimur
296 1702 330 1732 in
362 1701 493 1734 fornace
521 1702 593 1741 Dei,
624 1709 805 1743 purgantur
837 1703 910 1734 fidei
942 1708 1070 1734 nostrae

100 1745 232 1782 scoriae,
264 1749 300 1775 ut
331 1755 413 1785 pura
440 1747 472 1774 et
501 1745 601 1776 nitida
631 1746 673 1776 sit
700 1755 806 1776 coram
839 1746 917 1777 Deo.
964 1745 1070 1778 Simul

100 1788 356 1827 experimentum
399 1788 467 1818 eius
505 1788 645 1828 capitur,
686 1798 804 1820 verane
836 1799 876 1819 an
911 1790 986 1820 ficta
1019 1789 1068 1820 sit.

101 1830 280 1869 Utramque
313 1830 451 1869 speciem
484 1829 622 1862 libenter
656 1831 846 1871 amplector:
881 1835 978 1871 atque
1008 1831 1071 1863 huc

100 1879 224 1913 spectat
255 1872 337 1912 quod
368 1883 441 1904 mox
466 1874 620 1913 sequitur.
666 1874 749 1905 Nam
774 1880 811 1905 ut
833 1885 910 1906 suus
934 1880 1069 1915 argento

100 1916 204 1946 honor
236 1925 300 1946 non
330 1922 404 1947 ante
435 1916 588 1956 habetur,
624 1926 720 1956 quam
753 1923 926 1958 purgatum
956 1918 1069 1949 fuerit:

101 1959 146 1989 ita
186 1958 281 1989 fidem
323 1962 468 1989 nostram
509 1959 686 1991 honorifice
720 1959 901 1991 habendam
937 1970 1006 1992 esse
1039 1967 1070 1991 et

102 2000 317 2032 coronandam
349 2001 434 2041 apud
458 2001 565 2033 Deum
589 2003 760 2043 significat,
791 2003 845 2034 ubi
868 2003 928 2034 rite
951 2003 1072 2034 exami-

101 2049 177 2075 nata
200 2043 307 2074 fuerit.

189 2087 290 2126 Quum
312 2086 506 2118 revelabitur.
552 2087 623 2120 Hoc
646 2088 790 2119 additum
814 2090 863 2119 est
884 2093 921 2119 ut
945 2089 1071 2120 animos

101 2139 176 2160 suos
198 2130 231 2160 in
256 2129 405 2160 ultimum
428 2139 530 2169 usque
553 2130 636 2162 diem
660 2131 856 2171 suspendere
880 2131 990 2163 fideles
1010 2132 1072 2163 dis-

101 2177 185 2203 cant.
236 2172 332 2203 Nune
367 2171 453 2202 enim
487 2173 674 2205 abscondita
707 2179 757 2205 est
791 2175 857 2205 vita
893 2180 1004 2207 nostra
1037 2175 1070 2205 in

100 2214 250 2252 Christo,
284 2214 461 2254 latebitque
495 2215 584 2246 velut
616 2216 760 2257 sepulta,
795 2217 896 2249 donec
930 2228 947 2248 e
981 2217 1069 2250 coelo

102 2257 256 2289 Christus
288 2257 490 2297 apparuerit:
521 2263 553 2288 et
582 2260 670 2290 totus
692 2259 778 2291 vitae
803 2267 934 2291 nostrae
957 2270 1071 2292 cursus

103 2299 142 2331 ad
180 2300 348 2331 interitum
382 2300 509 2331 externi
543 2300 682 2333 hominis
715 2302 866 2334 inclinat:
907 2308 940 2335 et
974 2314 1071 2343 quae-

102 2353 230 2383 cunque
253 2343 405 2383 patimur,
430 2343 521 2382 quasi
544 2345 658 2375 mortis
673 2351 749 2375 sunt
766 2345 944 2385 praeludia.
983 2347 1072 2387 Ergo

103 2395 233 2417 necesse
263 2390 312 2417 est
340 2391 378 2416 ut
407 2386 438 2416 in
463 2385 631 2417 Christum
661 2387 867 2419 coniiciamus
897 2389 1015 2427 oculos,
1046 2389 1073 2421 si

103 2428 137 2458 in
160 2427 389 2460 afflictionibus
408 2428 545 2468 gloriam
569 2431 602 2459 et
623 2429 751 2461 laudem
774 2431 895 2462 intueri
914 2431 1073 2464 volumus,

103 2470 187 2501 Nam
222 2471 418 2502 tentationes
451 2471 485 2501 in
516 2471 607 2502 nobis
637 2473 745 2511 probri
776 2476 809 2504 et
838 2473 967 2513 pudoris
997 2479 1074 2506 sunt

104 2512 227 2553 plenae,
251 2514 284 2544 in
307 2513 440 2545 Christo
464 2519 572 2545 autem
596 2514 753 2555 gloriosae
776 2521 870 2547 sunt:
893 2517 948 2548 sed
971 2517 1074 2558 gloria

104 2555 160 2586 illa
183 2555 327 2587 nondum
350 2556 384 2587 in
403 2555 534 2587 Christo
558 2557 652 2597 plene
675 2559 879 2599 conspicitur,
903 2560 978 2600 quia
997 2571 1074 2591 non-

104 2598 181 2629 dum
204 2597 336 2629 advenit
358 2598 586 2631 consolationis
609 2600 685 2632 dies.

191 2641 219 2672 8.
248 2640 343 2680 Quem
364 2651 458 2681 quum
481 2651 542 2673 non
565 2643 716 2674 videritis.
759 2643 831 2675 Duo
854 2645 954 2685 ponit,
978 2644 1073 2684 Quod

986 197 1135 229 CAPUT
1160 198 1186 230 I.

2032 200 2096 231 214

1116 294 1294 335 Christum,
1327 305 1421 335 quem
1448 305 1512 326 non
1538 294 1705 334 viderunt,
1740 295 1892 336 diligant:
1929 295 1962 326 in
1997 305 2089 333 eum,

1114 347 1208 376 quem
1247 348 1310 368 non
1348 338 1566 378 conspiciunt,
1612 338 1752 368 credant.
1813 337 1877 370 Sed
1918 338 2007 378 prius
2047 348 2088 369 ex

1115 381 1290 418 posteriore
1329 381 1481 411 nascitur.
1543 380 1733 412 Dilectionis
1773 382 1861 411 enim
1900 391 1998 412 causa
2037 388 2087 412 cst

1115 421 1203 457 fides,
1234 433 1297 453 non
1330 422 1400 453 ideo
1431 428 1556 454 tautum
1581 423 1655 463 quia
1680 433 1737 453 nos
1760 422 1993 455 beneficiorum
2017 424 2088 464 qui-

1116 463 1174 494 bus
1208 476 1264 495 nos
1287 465 1440 497 Christus
1464 467 1676 505 prosequitur,
1708 466 1848 505 cognitio
1874 466 1913 497 ad
1937 476 2010 497 cum
2038 476 2088 497 re-

1115 505 1311 538 damandum
1336 513 1507 547 provocat:
1531 509 1586 540 sed
1606 508 1681 549 quia
1700 508 1877 547 perfectam
1898 508 2087 540 felicitatem

1114 548 1289 587 offerendo,
1321 561 1378 581 nos
1411 550 1450 582 ad
1480 561 1513 582 se
1542 552 1634 591 rapit.
1681 550 1811 581 Laudat
1843 561 1920 590 ergo
1951 551 2088 583 Iudaeos

1115 591 1198 629 quod
1222 592 1255 622 in
1273 592 1441 624 Christum
1464 594 1598 625 credant
1621 603 1716 634 quem
1740 603 1804 624 non
1824 592 2025 633 adspiciunt:
2050 598 2087 625 ut

1115 634 1257 672 cogitent
1292 635 1375 666 hanc
1398 646 1467 667 esse
1501 636 1575 667 fidei
1610 642 1771 674 naturam,
1806 636 1839 666 iu
1872 636 1974 675 bonis,
2006 646 2090 676 quae

1115 676 1223 706 oculos
1259 684 1384 708 nostros
1419 678 1537 716 latent,
1572 680 1791 718 acquiescere:
1827 688 1902 709 nam
1938 679 2005 709 eius
2040 679 2087 710 rei

1116 717 1246 757 aliquod
1272 718 1431 750 habebant
1449 722 1720 761 experimentum.
1760 720 1965 760 Quamquam
1984 722 2088 761 magis

1116 760 1278 791 laudando
1308 763 1471 802 praecipit.
1517 764 1622 803 Atque
1656 764 1715 796 hoc
1743 765 1832 803 prius
1854 763 1967 794 ordine
1991 774 2090 794 mem-

1118 804 1211 834 brum
1249 809 1314 843 est,
1354 815 1417 835 non
1456 806 1651 837 metiendam
1689 817 1758 837 esse
1792 806 1889 837 fidem
1924 806 2089 846 adspectu.

1117 846 1201 876 Nam
1236 856 1336 886 quum
1373 848 1489 878 misera
1519 849 1552 879 iu
1582 849 1721 888 speciem
1752 849 1794 879 sit
1825 848 2090 880 Christianorum

1118 889 1192 923 vita.
1218 889 1279 920 nisi
1303 889 1440 920 felicitas
1464 900 1573 921 eorum
1598 891 1632 921 in
1656 902 1712 931 spe
1735 892 1797 922 sita
1821 897 1915 929 esset,
1939 891 2089 931 protinus

1117 931 1332 963 conciderent.
1385 932 1493 964 Habet
1530 933 1659 972 quidem
1694 938 1726 964 et
1760 933 1839 965 fides
1869 945 1943 965 suos
1974 934 2092 971 oculos,

1119 974 1174 1005 sed
1206 974 1261 1014 qui
1282 975 1314 1005 in
1339 985 1477 1015 reguum
1502 975 1562 1006 Dei
1587 976 1749 1007 invisibile
1773 982 1954 1016 penetrant,
1984 981 2015 1008 et
2039 978 2091 1017 qui

1118 1017 1248 1056 speculo
1274 1018 1363 1049 verbi
1388 1019 1531 1048 contenti
1555 1023 1638 1049 sunt.
1678 1019 1738 1050 Est
1758 1020 1843 1049 enim
1861 1019 2093 1050 demonstratio

1120 1070 1229 1090 rerum
1260 1060 1483 1100 invisibilium,
1516 1065 1552 1091 ut
1576 1060 1713 1091 habetur
1736 1061 1769 1092 in
1794 1062 1939 1101 Epistola
1963 1062 2001 1093 ad
2027 1062 2092 1093 He-

1121 1102 1232 1133 braeos
1270 1102 1334 1144 (11,
1377 1103 1418 1144 1),
1479 1103 1589 1142 Quare
1630 1114 1745 1134 verum
1784 1110 1833 1134 est
1872 1104 1952 1135 illud
1993 1105 2088 1136 Pauli

1120 1145 1163 1184 (2.
1188 1144 1294 1177 Corin.
1318 1145 1347 1184 5,
1372 1146 1416 1187 6),
1448 1156 1505 1177 nos
1536 1147 1735 1186 peregrinari
1768 1156 1786 1176 a
1810 1146 1949 1178 Domino
1981 1158 2090 1188 quam-

1120 1187 1176 1219 diu
1212 1188 1271 1220 hac
1302 1199 1398 1220 carne
1428 1199 1540 1220 sumus
1570 1189 1769 1226 circumdati,
1805 1190 1880 1228 quia
1909 1200 1965 1228 per
1997 1190 2093 1221 fidem

1121 1231 1342 1270 ambulamus,
1384 1236 1416 1262 et
1456 1242 1520 1262 non
1562 1241 1619 1271 per
1652 1231 1851 1271 adspectum.
1906 1232 2092 1263 Secundum

1121 1274 1300 1305 membrum
1333 1279 1391 1311 est,
1423 1274 1538 1305 Fidem
1569 1284 1633 1305 non
1665 1274 1816 1314 frigidam
1841 1284 1910 1305 esse
1934 1276 2093 1315 notitiam,

1121 1317 1175 1347 sed
1200 1328 1280 1356 quae
1304 1317 1400 1349 corda
1424 1323 1535 1348 nostra
1554 1317 1734 1348 inflammat
1751 1317 1783 1347 in
1802 1327 1943 1348 amorem
1961 1317 2092 1349 Christi.

1121 1360 1233 1399 Neque
1257 1360 1343 1390 enim
1367 1359 1418 1401 (ut
1442 1360 1606 1399 sophistae
1629 1360 1791 1400 garriunt)
1816 1360 1896 1391 fides
1912 1361 2042 1391 confuse
2059 1365 2092 1391 et

1121 1403 1275 1443 implicite
1303 1402 1411 1434 Deum
1443 1403 1657 1443 apprehendit
1689 1402 1778 1444 (quia
1810 1403 1869 1434 hoc
1900 1408 1949 1433 est
1981 1404 2092 1444 vagari

1122 1456 1179 1485 per
1209 1447 1312 1477 invios
1335 1446 1482 1485 errores),
1516 1445 1572 1477 sed
1595 1446 1764 1477 Christum
1787 1456 1846 1486 pro
1869 1455 1962 1485 scopo
1987 1445 2094 1477 habet.

1123 1489 1223 1519 Porro
1248 1499 1312 1519 non
1333 1488 1448 1528 arripit
1466 1488 1589 1519 nudum
1606 1488 1729 1519 Christi
1748 1498 1876 1528 nomen,
1900 1493 1956 1519 aut
1972 1490 2093 1520 nudam

1122 1531 1313 1562 essentiam:
1355 1531 1411 1562 sed
1452 1531 1555 1572 qualis
1589 1531 1632 1562 sit
1666 1531 1768 1570 nobis,
1803 1536 1834 1563 et
1868 1531 1945 1572 quid
1980 1532 2095 1563 afferat

1124 1574 1290 1615 bonorum,
1325 1574 1516 1605 considerat.
1569 1573 1655 1612 Quia
1684 1575 1754 1605 fieri
1785 1584 1848 1604 non
1879 1578 1983 1614 potest
2015 1575 2094 1614 quin

1123 1627 1160 1648 eo
1195 1617 1318 1648 feratur
1352 1617 1493 1648 hominis
1521 1617 1670 1657 affectus,
1705 1616 1757 1647 ubi
1788 1616 1975 1648 felicitatem
2003 1627 2094 1648 suam

1123 1660 1254 1691 statuit:
1279 1659 1454 1691 secundum
1478 1660 1573 1691 illud:
1597 1659 1651 1690 ubi
1675 1659 1848 1691 thesaurus
1870 1665 1954 1697 tuus,
1978 1660 2022 1691 ibi
2041 1670 2096 1691 cor

1124 1707 1216 1734 tuum
1241 1703 1375 1744 (Matth.
1399 1703 1429 1742 6,
1451 1702 1516 1744 21).

1209 1745 1397 1777 Ezesuliatis.
1443 1745 1565 1777 Iterum
1596 1745 1712 1785 repetit
1742 1745 1880 1776 fructum
1904 1745 1995 1776 illum
2019 1745 2095 1776 fidei

1123 1789 1214 1820 cuius
1245 1789 1444 1826 meminerat,
1477 1799 1534 1820 nee
1564 1788 1745 1819 immerito:
1779 1792 1827 1819 est
1858 1788 1943 1818 enim
1974 1789 2094 1819 incom-

1124 1831 1266 1872 parabile
1297 1831 1356 1862 hoc
1386 1831 1514 1868 bonum,
1547 1831 1631 1871 quod
1656 1841 1718 1861 non
1743 1830 1837 1861 modo
1860 1835 1994 1870 pacatae
2017 1835 2094 1862 sunt

1124 1884 1230 1905 coram
1266 1874 1336 1906 Deo
1368 1874 1599 1914 conscientiae,
1637 1874 1691 1904 sed
1728 1874 1790 1904 iam
1826 1874 1910 1905 vitae
1945 1879 2095 1904 aeternae

1123 1917 1242 1948 fiducia
1271 1927 1382 1948 secure
1412 1917 1590 1948 exsultant.
1635 1917 1738 1947 Vocat
1761 1920 1868 1946 autem
1899 1916 2094 1956 gaudium

1124 1959 1431 2000 inenarrabile,
1462 1960 1537 2000 quia
1560 1970 1623 1999 pax
1648 1959 1709 1989 Dei
1733 1969 1862 1989 sensum
1885 1968 2015 1989 omnem
2038 1969 2094 1990 ex—

1123 2008 1265 2043 superat.
1307 2002 1401 2041 Quod
1426 2002 1478 2034 hic
1501 2002 1590 2033 addit
1613 2002 1920 2042 glorificatum,
1946 2002 2094 2032 bifariam

1124 2051 1227 2086 potest
1264 2046 1397 2085 exponi:
1436 2045 1487 2076 vel
1524 2050 1560 2076 ut
1598 2045 1804 2085 magnificum
1842 2054 1878 2076 ac
1916 2043 2094 2084 gloriosum

1124 2089 1300 2128 significet:
1333 2087 1384 2119 vel
1412 2092 1448 2119 ut
1477 2088 1567 2119 inani
1597 2088 1751 2127 fluxoque
1781 2093 1973 2126 opponatur,
2003 2087 2095 2118 cuius

1124 2132 1272 2162 homines
1296 2131 1389 2170 paulo
1413 2136 1484 2171 post
1508 2131 1615 2171 pudet.
1652 2130 1703 2160 Ita
1726 2130 1941 2170 glorificatum
1961 2129 2095 2170 perinde

1125 2174 1247 2206 valebit
1270 2180 1366 2213 atque
1388 2173 1525 2205 solidum
1550 2179 1583 2204 et
1605 2172 1728 2211 stabile,
1753 2176 1786 2203 et
1805 2180 1897 2203 extra
1912 2172 2094 2212 periculum

1124 2217 1350 2249 frustrationis.
1389 2216 1454 2255 Qui
1478 2216 1538 2247 hac
1562 2216 1682 2247 laetitia
1706 2225 1769 2246 non
1793 2215 1974 2246 efferuntur
1997 2225 2096 2255 supra

1124 2260 1237 2296 coelos,
1261 2265 1296 2290 ut
1318 2259 1385 2290 solo
1400 2259 1533 2290 Christo
1555 2258 1697 2291 contenti
1720 2258 1878 2289 mundum
1905 2257 2095 2298 despiciant.

1126 2304 1244 2334 frustra
1267 2303 1387 2333 iactant
1409 2312 1443 2332 se
1467 2302 1586 2333 habere
1609 2302 1714 2332 fidem.

1212 2346 1241 2377 9.
1274 2344 1478 2384 Reportantes
1502 2345 1603 2384 finem.
1650 2345 1813 2375 Admonet
1841 2352 1995 2383 quorsum
2021 2353 2095 2374 sen-

1126 2399 1181 2420 sus
1209 2398 1322 2419 omnes
1351 2398 1424 2419 suos
1447 2387 1587 2427 dirigere
1610 2387 1720 2418 fideles
1742 2386 1888 2426 debeant,
1922 2396 2038 2426 nempe
2060 2386 2096 2418 in

1127 2432 1265 2463 salutem
1283 2435 1457 2461 aeternam.
1482 2430 1626 2461 Mundus
1642 2430 1728 2460 enim
1745 2429 1797 2460 hic
1814 2429 1949 2460 affectus
1965 2435 2096 2461 nostros

1127 2475 1193 2506 suis
1226 2473 1383 2505 illecebris
1417 2473 1558 2504 irretitos
1591 2475 1698 2503 tenet:
1733 2472 1801 2503 vita
1830 2471 1910 2503 haec
1938 2476 1970 2502 et
1999 2482 2095 2512 quae-

1126 2527 1254 2557 eunque
1282 2515 1323 2547 ad
1353 2526 1468 2555 corpus
1497 2515 1670 2555 pertinent,
1705 2524 1822 2555 magna
1851 2518 1929 2545 sunt
1958 2515 2094 2555 impedi-

1127 2566 1247 2600 menta,
1278 2569 1319 2589 ne
1346 2559 1473 2589 animus
1503 2563 1613 2588 noster
1642 2558 1682 2588 ad
1710 2557 1838 2588 futurae
1866 2562 1898 2588 et
1919 2558 2098 2597 spiritualis

1127 2603 1214 2635 vitae
1244 2602 1470 2641 cogitationem
1502 2610 1537 2632 se
1566 2600 1715 2641 applicet.
1767 2600 1863 2631 Hanc
1896 2610 1973 2642 ergo
2001 2601 2095 2632 nobis

1127 2650 1194 2677 toto
1217 2645 1324 2676 studio
1344 2643 1561 2675 meditandam
1579 2644 1730 2684 proponit
1746 2642 1926 2683 apostolus:
1951 2645 1983 2674 et
1999 2645 2096 2675 tacite

1842 2701 1890 2727 14*
