2513 3126
319 178 377 209 391
1157 177 1297 209 EPIS'P.
1322 177 1479 209 IACOBI
2251 178 2314 210 392

324 278 504 308 centiam
530 277 580 307 hic
605 274 754 315 appellat,
778 284 842 305 non
863 273 1010 314 quemvis
1027 273 1214 313 appetitum,
1238 274 1293 305 sed
1320 276 1322 303 l

325 320 526 360 appetituum
557 318 699 348 omnium
731 317 862 348 sontem.
908 315 960 347 Ab
986 326 1023 348 eo
1053 316 1144 347 docet
1171 316 1294 356 concipi

327 363 461 393 vitiosos
492 362 610 396 foetus,
646 360 700 399 qui
731 359 860 390 tandem
892 363 1061 400 emergunt
1090 359 1122 389 in
1154 364 1293 398 peccata.

326 404 463 435 Videtur
493 408 600 434 tumen
632 402 815 442 improprie,
847 405 879 432 et
906 411 1109 441 nequaquam
1132 411 1172 432 ex
1195 402 1294 442 scrip·

326 453 415 478 turso
447 456 517 483 usu,
548 445 587 475 ad
618 449 754 475 externa
784 454 882 485 opera
905 445 1102 485 restringere
1132 444 1294 484 peceati

325 497 451 520 vocem:
486 489 577 527 quasi
608 498 684 519 vero
719 498 783 518 non
818 492 902 518 esset
936 487 1005 527 ipsa
1034 486 1296 526 concupiscentia

325 542 381 571 per
415 541 449 562 se
481 535 666 570 peccatum:
699 530 790 570 quasi
820 530 918 560 etiam
952 539 1105 570 perversa
1129 528 1294 570 desideria,

325 584 406 614 quae
430 576 518 604 intus
542 573 650 605 clausa
674 578 706 604 et
724 582 899 613 suppressa
915 576 1057 611 manent,
1081 582 1143 603 non
1161 571 1294 604 totidem

325 621 433 648 essent
464 622 602 655 peccata.
649 615 773 646 Verum
803 625 903 655 quum
935 614 1106 655 multiplex
1135 615 1177 646 sit
1207 614 1295 646 verbi

326 669 410 696 usus,
444 659 527 690 nihil
558 664 607 690 est
636 657 766 690 absurdi
797 658 823 689 si
854 668 912 698 pro
942 658 1060 690 actuali
1089 660 1219 698 peccato
1243 657 1295 690 hic

325 703 473 740 sumitur,
501 700 772 742 quemadmodum
797 706 829 732 et
852 700 924 732 aliis
947 700 1093 741 pluribus
1117 700 1202 732 locis.
1247 700 1295 732 Ac

325 744 473 785 imperite
504 744 564 775 hoc
594 744 816 775 testimonium
844 744 1006 784 arripiunt
1033 743 1188 784 papistae‚
1219 742 1294 774 dum

326 798 366 818 ex
396 798 433 819 eo
462 787 598 827 probare
625 787 753 826 volunt,
782 797 848 818 non
880 795 949 818 esse
978 791 1121 827 peccata,
1154 785 1294 825 vitiosas,

326 831 390 862 imo
413 830 531 867 foedas,
563 829 746 868 sceleratas,
776 834 808 861 et
831 829 1003 870 plusquam
1028 828 1184 860 nefandas
1206 828 1294 869 cupi-

326 873 452 911 ditates,
483 872 579 903 modo
609 882 649 903 ne
679 871 810 904 accedat
839 881 1025 904 consensus.
1071 871 1184 911 Neque
1209 872 1294 903 euim

327 916 470 956 disputat
501 915 646 955 Iacobus,
680 915 811 955 quando
838 915 971 956 incipiat
1001 915 1088 946 nasei
1118 917 1294 954 peccatum,

326 960 372 990 ita
394 961 432 989 ut
455 963 622 998 peccatum
646 958 696 995 sit,
728 968 764 989 ac
787 960 958 998 reputetur
987 967 1094 990 coram
1119 956 1207 988 Deo:
1239 956 1295 989 sed

326 1001 456 1041 quando
472 1005 626 1041 emergat.
661 1000 718 1033 Sic
734 1000 820 1032 enim
836 1000 995 1041 gradatim
1012 999 1164 1040 procedit,
1185 999 1296 1031 mortis

327 1049 476 1076 aeternae
500 1053 629 1074 causam
648 1054 718 1076 esse
733 1044 1045 1076 consummationem
1063 1042 1203 1084 peccati:
1226 1052 1295 1083 pec-

327 1091 436 1119 catum
467 1094 574 1118 autem
605 1087 682 1118 oriri
711 1097 751 1119 ex
783 1086 906 1118 illicitis
930 1085 1112 1117 desideriis:
1144 1085 1208 1117 iam
1231 1085 1297 1117 illie

328 1130 374 1160 ita
390 1129 548 1160 desideria
564 1129 704 1161 radicem
720 1129 838 1161 habere
854 1129 887 1160 in
904 1129 1171 1169 concupiscentia.
1202 1127 1297 1160 Unde

327 1173 482 1212 sequitur,
505 1172 652 1204 homines
675 1173 708 1203 in
733 1174 866 1203 aeterno
889 1172 1023 1203 interitu
1048 1171 1188 1203 fructum
1210 1171 1297 1203 colli·

327 1225 413 1256 gere,
436 1225 533 1256 quem
557 1215 618 1255 ipsi
641 1215 855 1255 protulerunt.
888 1215 1071 1246 Perfectum
1095 1215 1203 1255 itaque
1225 1223 1296 1254 pec-

329 1262 436 1290 catum
456 1268 520 1289 non
540 1257 686 1299 intelligo
701 1268 803 1289 unum
821 1256 949 1297 aliquod
968 1267 1048 1298 opus
1067 1261 1296 1298 perpetratum,

327 1299 384 1331 sed
407 1310 537 1332 cursum
561 1300 713 1341 peccandi
737 1300 950 1340 completum:
975 1301 1104 1332 tametsi
1125 1300 1210 1331 enim
1226 1299 1295 1331 uni-

328 1343 444 1384 cuique
468 1349 598 1383 peccato
621 1353 705 1376 mors
728 1343 872 1381 debetur,
901 1343 1019 1374 dicitur
1043 1349 1151 1374 tamen
1175 1342 1296 1382 stipen-

329 1385 416 1417 dium
441 1396 512 1418 esse
534 1386 653 1426 impiae
676 1392 708 1418 et
730 1386 903 1418 sceleratae
927 1386 1022 1418 vitae.
1067 1385 1118 1417 Ita
1140 1385 1297 1417 refellitur

329 1439 440 1460 eorum
472 1428 623 1460 delirium
655 1429 709 1469 qui
740 1439 779 1460 ex
810 1428 862 1460 his
894 1429 1002 1460 verbis
1031 1429 1203 1469 colligunt,
1232 1439 1296 1460 non

329 1481 399 1503 esse
433 1471 567 1503 mortale
601 1476 782 1511 peccatum,
817 1471 919 1503 donec
953 1472 987 1502 in
1020 1472 1213 1503 exteriorem
1247 1471 1297 1513 (ut

329 1514 460 1556 vocant)
483 1518 589 1546 actum
614 1515 804 1554 proruperit.
850 1514 963 1555 Neque
987 1515 1073 1546 enim
1098 1514 1158 1545 hoc
1181 1516 1297 1546 tractat

330 1556 479 1588 Iacobus:
514 1556 568 1589 sed
597 1559 726 1588 tantum
756 1558 789 1588 in
822 1557 882 1589 hoc
906 1560 1065 1595 versatur,
1099 1561 1133 1589 ut
1157 1557 1296 1589 radicem

329 1600 432 1632 nostri
456 1600 547 1631 exitii
572 1600 603 1630 in
627 1600 719 1632 nobis
741 1610 811 1632 esse
835 1600 955 1632 doceat.

416 1685 466 1716 16.
502 1686 551 1717 Ne
579 1685 695 1723 erretis,
724 1685 842 1726 fratres
875 1687 935 1718 mei
961 1686 1079 1718 dilecti:
1122 1686 1170 1718 17.
1200 1686 1298 1718 omnis

330 1729 453 1760 donatio
476 1728 564 1767 bona,
587 1731 614 1760 et
635 1738 721 1760 omne
742 1729 855 1760 donum
872 1729 1045 1769 perfeetum
1059 1729 1224 1761 desursum
1245 1732 1299 1769 est,

330 1771 511 1803 descendens
544 1782 563 1803 a
594 1774 683 1811 patre
719 1771 887 1803 luminum:
923 1772 1010 1813 apud
1045 1782 1133 1812 quem
1165 1782 1225 1804 rum
1257 1775 1300 1804 est

329 1815 558 1852 transmutatio,
581 1817 635 1846 aut
656 1815 863 1846 conversionis
880 1815 1078 1847 obumbratio.
1114 1815 1163 1847 18.
1184 1815 1221 1847 Is
1241 1825 1300 1846 sua

330 1857 482 1888 voluntate
511 1858 618 1898 yeuuit
654 1867 709 1888 nos
741 1867 877 1889 sermone
909 1858 1066 1899 veritatis,
1102 1860 1136 1890 ut
1168 1867 1301 1890 essemus

328 1900 490 1939 primitiae
512 1900 666 1940 quaedam
688 1910 822 1932 suarum
843 1903 1066 1933 ereaturarum.

421 1986 469 2016 16.
495 1986 543 2017 Ne
565 1987 681 2018 erretis.
716 1987 956 2027 Argumentum
981 1991 1028 2018 est
1052 1997 1070 2018 a
1093 1987 1300 2028 repugnanti-

335 2027 405 2058 bus.
450 2028 533 2059 Nam
564 2039 661 2069 quum
686 2029 776 2060 Deus
807 2030 912 2061 omnis
941 2030 1015 2061 boni
1045 2034 1141 2061 autor
1166 2031 1218 2068 sit,
1247 2029 1299 2061 ab·

334 2069 467 2101 surdum
500 2075 549 2102 est
578 2072 702 2103 censeri
731 2072 890 2104 malorum
920 2077 1078 2104 autorem.
1119 2072 1299 2113 Proprium,

335 2112 477 2152 inquam,
500 2118 531 2144 et
555 2114 701 2145 naturale
724 2114 771 2145 illi
795 2120 842 2146 est
865 2115 1063 2153 benefacere,
1093 2125 1112 2146 a
1134 2125 1195 2156 quo
1219 2115 1301 2146 bona

335 2155 443 2186 omnia
466 2156 558 2188 nobis
577 2157 785 2196 proveniunt:
809 2168 885 2198 ergo
908 2158 1084 2198 quidquam
1100 2158 1177 2190 mali
1196 2168 1301 2199 agere,

335 2198 369 2228 in
403 2198 472 2229 eius
505 2204 656 2230 naturam
690 2210 755 2230 non
789 2200 884 2232 cadit.
938 2199 1001 2232 Sed
1037 2202 1110 2241 quia
1138 2200 1301 2232 interdum

337 2241 453 2272 accidit
486 2245 521 2272 ut
555 2242 608 2282 qui
642 2242 804 2281 praeclare
838 2243 917 2274 alias
950 2254 984 2274 se
1016 2244 1100 2284 gerit
1129 2248 1197 2275 tota
1225 2244 1302 2284 vita,

335 2284 433 2314 simul
462 2283 591 2315 labatur
612 2284 720 2324 aliqua
744 2286 775 2315 in
799 2290 906 2325 parte:
939 2285 1012 2317 huic
1037 2286 1229 2317 dubitationi
1251 2296 1300 2317 oc-

336 2326 449 2367 currit,
474 2327 549 2358 dum
574 2333 672 2368 negat
694 2326 800 2358 Deum
825 2328 929 2359 instar
951 2327 1116 2359 hominum
1143 2340 1212 2361 esse
1235 2339 1301 2360 mu-

337 2369 476 2400 tabilem.
517 2369 612 2409 Quod
634 2370 661 2400 si
683 2370 718 2401 in
742 2370 891 2401 omnibus
914 2373 947 2401 et
969 2381 1096 2411 semper
1118 2373 1166 2404 sui
1188 2372 1302 2403 similis

338 2418 395 2450 est,
426 2423 465 2443 ex
494 2412 553 2444 hac
583 2413 766 2444 constantia
794 2413 951 2453 sequitur,
982 2420 1171 2455 perpetuum
1202 2417 1235 2446 in
1266 2425 1302 2446 eo

338 2454 557 2487 benefaciendi
580 2461 723 2486 tenorem
748 2466 827 2487 esse.
868 2456 959 2487 Haec
982 2458 1184 2488 ratiocinatio
1208 2458 1302 2498 longe

338 2497 400 2527 alia
428 2503 476 2529 est
506 2508 600 2538 quam
629 2498 788 2537 Platonis,
822 2500 877 2538 qui
910 2500 1076 2530 contendit
1110 2500 1217 2531 nullas
1247 2500 1302 2531 ho-

337 2540 477 2571 minibus
502 2541 700 2573 calamitates
723 2552 742 2572 a
760 2542 830 2573 Deo
853 2542 996 2582 immitti,
1020 2544 1095 2582 quia
1119 2543 1221 2574 bonus
1243 2547 1300 2575 est.

336 2582 420 2613 Nam
444 2584 520 2623 quia
543 2594 681 2624 aequum
705 2586 754 2616 est
777 2584 884 2625 puniri
908 2595 927 2616 a
950 2585 1019 2616 Deo
1046 2586 1211 2617 hominum
1234 2596 1300 2617 sce-

1348 284 1426 314 quas
1449 274 1531 304 iuste
1555 282 1673 313 poenas
1697 274 1829 314 irrogat.
1876 274 1968 305 Plato
1991 274 2118 314 quidem
2145 275 2312 315 imperite:

1348 322 1380 348 at
1406 316 1538 348 Iacobus
1559 316 1708 356 puniendi
1733 317 1781 347 ius
1805 319 1837 347 ct
1860 317 1999 348 officium
2025 317 2094 348 Deo
2117 317 2312 357 relinquens,

1348 364 1475 390 tantum
1499 358 1626 398 culpam
1651 359 1690 390 ab
1714 369 1750 390 eo
1774 359 1903 391 avertit.
1949 359 2012 390 Hic
2035 359 2122 391 locus
2143 359 2245 400 docet,
2269 361 2313 392 ita

1347 401 1526 433 innumeris
1544 400 1604 432 Dei
1625 402 1795 439 boneficiis,
1819 412 1901 442 quae
1917 412 1956 433 ex
1973 403 2042 433 eius
2059 413 2156 433 mauu
2172 402 2313 442 quotidie

1347 444 1556 485 percipimus,
1591 444 1675 476 affici
1706 454 1764 476 nos
1795 444 1924 482 debere,
1957 450 1993 476 ut
2023 444 2103 476 nihil
2134 447 2313 486 cogitemus

1348 488 1408 518 nisi
1432 488 1463 517 in
1488 487 1558 518 cius
1580 486 1734 527 gloriam:
1759 497 1970 528 quaecunque
1989 497 2065 519 vero
2088 492 2146 519 aut
2168 488 2202 519 in
2222 498 2312 519 men·

1348 537 1410 561 tem
1445 529 1535 560 nobis
1559 530 1704 567 veniunt,
1734 533 1791 561 aut
1812 530 1851 562 ab
1874 530 1946 561 aliis
1969 531 2171 571 ingeruntur,
2203 531 2312 562 minus

1347 574 1563 605 consentanea
1585 582 1658 604 cum
1683 573 1752 604 eius
1771 572 1873 610 laude,
1898 577 1966 604 toto
1988 577 2116 612 pectore
2139 573 2313 605 exhorrea—

1348 625 1425 646 mus.
1460 614 1581 646 Pater
1604 615 1790 647 luminum
1815 617 1950 648 vocatur
1972 614 2073 656 Deus,
2097 616 2186 656 quasi
2208 616 2313 648 omnis

1347 664 1378 689 et
1401 657 1619 698 praestantiae
1641 663 1673 690 et
1696 657 1777 690 bene
1796 658 1963 698 compositi
1982 658 2113 690 ordinis.
2152 659 2196 690 Et
2214 668 2313 699 quum

1347 711 1420 732 mox
1455 700 1587 732 subiicit
1622 700 1744 732 nullam
1780 701 1812 732 in
1847 711 1885 732 eo
1915 711 1984 733 esse
2017 702 2314 733 conversionis

1347 742 1718 783 obumbrationem,
1752 749 1939 784 perseverat
1972 744 2006 775 in
2034 743 2238 785 metaphora,
2273 753 2314 775 ne

1347 786 1408 817 Dei
1439 785 1642 826 splendorem
1675 787 1848 818 metiamur
1881 786 1958 818 solis
1989 786 2199 818 irradiatione
2233 796 2314 827 quae

1348 829 1439 861 nobis
1462 833 1605 869 apparet.

1433 871 1482 903 18.
1499 871 1536 903 Is
1553 881 1613 903 sua
1630 872 1791 910 voluntate,
1809 874 1859 905 ete.
1895 871 1975 903 Eius
1995 882 2092 912 quam
2113 871 2312 913 praedicavit

1347 915 1475 946 divinae
1513 914 1668 946 bonitatis
1703 914 1912 955 praecipuum
1951 925 2036 947 nunc
2075 915 2239 956 specimen
2277 915 2310 946 in

1346 958 1486 988 medium
1517 956 1664 989 adducit:
1697 967 1814 997 nempe
1844 957 1929 998 quod
1959 967 2016 989 nos
2047 958 2253 998 regeneravit
2279 958 2314 988 in

1347 1001 1447 1031 vitam
1465 1003 1639 1032 aeternam.
1671 1000 1744 1032 Hoc
1760 999 1993 1032 inaestimabile
2009 999 2198 1032 beneficium
2215 1010 2315 1032 unus-

1347 1043 1480 1083 quisque
1514 1042 1658 1074 fidelium
1692 1043 1726 1074 in
1761 1053 1795 1074 se
1829 1043 1944 1075 sentit:
1982 1052 2059 1083 ergo
2093 1043 2220 1075 bonitas
2253 1042 2316 1074 Dei

1347 1085 1496 1117 omnibus
1525 1086 1746 1126 experimento
1786 1092 1949 1126 comperta
1980 1086 2093 1117 tollere
2123 1085 2218 1117 debet
2243 1095 2316 1117 con-

1348 1129 1481 1160 trariam
1515 1129 1710 1169 opinionem.
1763 1129 1874 1168 Quum
1909 1128 2015 1160 Deum
2050 1128 2227 1168 volentem,
2261 1133 2318 1160 aut

1347 1176 1459 1212 sponte
1488 1182 1547 1203 sua.
1576 1181 1649 1203 nos
1683 1171 1880 1212 genuisse
1911 1171 2004 1212 dicit,
2037 1171 2199 1213 significat
2227 1170 2317 1202 nulla

1348 1219 1482 1246 externa
1498 1224 1594 1246 causa
1611 1214 1707 1246 fuisse
1725 1214 1907 1246 inductum:
1931 1213 2203 1254 quemadmodum
2221 1224 2317 1254 saepe

1349 1258 1498 1290 voluntas
1522 1262 1553 1289 et
1575 1257 1744 1289 consilium
1772 1256 1835 1288 Dei
1859 1257 2026 1288 hominum
2050 1257 2173 1289 meritis
2195 1256 2316 1298 opponi

1349 1300 1461 1332 solent.
1507 1299 1593 1340 Quid
1624 1301 1709 1332 enim
1740 1300 1849 1341 magni
1880 1305 1973 1338 esset,
2002 1300 2029 1331 si
2053 1302 2187 1341 negaret
2210 1300 2317 1331 Deum

1349 1343 1388 1375 ad
1411 1343 1443 1374 id
1468 1343 1567 1375 fuisse
1591 1344 1759 1375 coactum?
1793 1343 1873 1374 Plus
1892 1353 1968 1384 ergo
1984 1343 2136 1383 quiddam
2153 1342 2317 1383 exprimit,

1349 1386 1434 1427 quod
1459 1386 1549 1418 Deus
1572 1396 1628 1426 pro
1651 1396 1709 1417 suo
1733 1385 1931 1426 beneplacito
1954 1395 2011 1417 nos
2035 1385 2194 1426 genuerit,
2220 1391 2317 1425 atque

1349 1430 1394 1460 ita
1416 1428 1476 1460 sibi
1498 1429 1597 1460 fuerit
1619 1439 1724 1461 causa.
1769 1428 1864 1460 Unde
1894 1429 2048 1468 sequitur,
2078 1427 2227 1459 naturale
2248 1437 2317 1459 esse

1350 1472 1418 1503 Deo
1448 1471 1643 1504 benefacere.
1689 1471 1861 1504 Caeterum
1885 1471 1937 1503 hic
1962 1471 2051 1503 locus
2074 1471 2176 1507 docet,
2206 1480 2316 1510 quem-

1349 1514 1522 1546 admodum
1546 1515 1689 1556 gratuita
1712 1514 1773 1546 fuit
1796 1519 1906 1546 nostra
1929 1514 2042 1545 electio
2062 1518 2137 1545 ante
2161 1512 2317 1544 mundum

1349 1557 1529 1596 conditum,
1563 1558 1609 1589 ita
1642 1568 1700 1589 nos
1730 1567 1820 1589 mera
1848 1557 1911 1588 Dei
1941 1556 2046 1597 gratia
2075 1555 2254 1587 illuminari
2282 1555 2318 1587 in

1350 1601 1496 1632 notitiam
1527 1601 1692 1632 veritatis:
1722 1605 1757 1631 ut
1781 1601 1906 1632 vocatio
1936 1599 2084 1631 electioni
2114 1598 2317 1639 respondeat.

1350 1643 1453 1675 Docet
1482 1643 1643 1684 scriptura
1672 1653 1732 1675 nos
1754 1643 1856 1684 gratis
1883 1643 2052 1683 adoptatos
2074 1641 2171 1673 fuisse
2194 1652 2221 1673 a·
2235 1640 2318 1681 Deo,

1350 1690 1523 1727 antequam
1547 1696 1768 1718 nasceremur:
1793 1685 1925 1717 Iacobus
1948 1689 2055 1716 autem
2075 1685 2127 1716 hic
2142 1684 2214 1725 plus
2229 1683 2318 1725 quid-

1351 1729 1423 1760 dam
1447 1729 1609 1770 exprimit,
1634 1739 1693 1760 nos
1715 1729 1766 1761 ius
1782 1728 1964 1768 adoptionis
1982 1727 2143 1768 consequi,
2167 1728 2318 1767 quoniam

1350 1773 1450 1812 gratis
1474 1782 1600 1813 quoque
1623 1782 1682 1803 nos
1705 1777 1799 1803 vocat
1821 1771 1921 1803 Deus.
1958 1771 2131 1802 Praeterea
2154 1770 2231 1802 hinc
2254 1770 2318 1801 dis-

1351 1815 1451 1846 cimus
1475 1816 1639 1855 proprium
1664 1825 1734 1846 esse
1759 1815 1819 1846 Dei
1845 1814 1994 1852 officium,
2024 1813 2238 1853 spiritualiter
2261 1823 2320 1845 nos

1352 1858 1493 1898 gignere.
1528 1858 1612 1889 Nam
1636 1857 1720 1898 quod
1743 1857 1827 1888 idem
1851 1857 1988 1889 adscribi
2007 1856 2171 1888 interdum
2189 1855 2319 1888 videtur

1352 1900 1511 1941 evangelii
1539 1901 1708 1940 ministris,
1739 1910 1803 1932 non
1832 1900 1926 1931 aliter
1949 1899 2036 1931 valet
2066 1899 2129 1930 nisi
2160 1898 2235 1939 quia
2263 1908 2320 1938 per

1353 1943 1421 1974 illos
1451 1943 1519 1984 agit
1542 1943 1648 1975 Deus:
1684 1948 1715 1975 et
1745 1944 1781 1974 fit
1810 1943 1938 1983 quidem
1969 1952 2026 1982 per
2055 1941 2140 1979 illos,
2175 1946 2211 1973 ut
2233 1941 2320 1973 solus

1352 1986 1560 2018 nihilomiuus
1583 1990 1667 2027 agat.
1714 1985 1923 2018 Genitura
1946 1995 2063 2016 nomen
2083 1985 2245 2025 significat
2259 1993 2320 2015 nos

1352 2030 1421 2060 fieri
1443 2039 1543 2061 novos
1566 2028 1722 2068 homines,
1751 2034 1786 2060 ut
1813 2028 1954 2069 priorem
1983 2032 2133 2059 naturam
2163 2036 2320 2058 exuamus

1353 2082 1449 2112 quum
1479 2072 1653 2103 efficaciter
1681 2082 1835 2103 vocamur
1865 2081 1883 2102 a
1906 2071 1985 2102 Deo.
2031 2070 2132 2101 Addit
2160 2068 2319 2110 quomodo

1352 2124 1411 2145 nos
1434 2119 1605 2156 regeneret
1619 2113 1718 2151 Deus,
1741 2124 1856 2154 nempe
1880 2124 1936 2153 per
1954 2121 2136 2145 sermonem
2156 2112 2319 2145 veritatis:

1353 2163 1389 2188 ut
1422 2158 1560 2189 sciamus
1593 2167 1657 2188 non
1692 2156 1755 2188 alia
1788 2156 1883 2187 ianua
1917 2166 2009 2196 posse
2043 2165 2101 2186 nos
2129 2153 2256 2195 ingredi
2285 2154 2318 2185 in

1353 2209 1488 2240 regnum
1513 2200 1586 2231 Dei.

1446 2243 1483 2275 Ut
1505 2253 1639 2274 essemus
1657 2242 1823 2282 primitiae
1845 2241 2004 2281 quaedam.
2043 2239 2122 2272 Τινὰ
2140 2244 2196 2271 aut
2214 2239 2319 2279 Quae-

1355 2286 1438 2325 dam,
1461 2286 1681 2317 similitudinis
1704 2289 1752 2316 est
1775 2289 1860 2321 nota,
1884 2294 1921 2315 ac
1944 2285 1971 2315 si
1995 2283 2140 2324 dixisset,
2164 2293 2222 2314 nos
2245 2292 2319 2322 quo-

1354 2328 1523 2360 dammodo
1539 2339 1608 2360 esse
1623 2328 1792 2369 primitias.
1822 2327 1923 2358 Porro
1939 2326 1971 2357 id
1988 2325 2027 2358 ad
2044 2336 2160 2366 paucos
2175 2325 2319 2357 fidelium

1355 2372 1506 2412 restringi
1538 2382 1605 2402 non
1636 2370 1738 2408 debet,
1769 2370 1823 2401 sed
1855 2370 1995 2410 pertinet
2024 2369 2063 2400 ad
2094 2379 2206 2400 omnes
2236 2378 2320 2399 com-

1354 2415 1505 2445 muniter.
1550 2414 1634 2445 Nam
1664 2423 1764 2454 quum
1793 2412 1887 2444 homo
1912 2413 1996 2443 inter
2019 2422 2130 2443 omnes
2154 2414 2320 2443 creaturas

1354 2457 1507 2496 excellat,
1541 2457 1703 2488 Dominus
1736 2455 1846 2487 fideles
1881 2465 1955 2486 suos
1984 2465 2026 2486 ex
2057 2454 2192 2486 aliorum
2222 2463 2320 2494 grege

1354 2500 1444 2541 eligit
1467 2510 1503 2532 ac
1526 2504 1674 2541 segregat
1697 2498 1757 2530 sibi
1774 2498 1806 2529 in
1823 2503 1968 2529 sanctam
1985 2497 2190 2529 oblationem.
2228 2497 2320 2528 Haec

1355 2553 1416 2573 non
1443 2543 1586 2584 vulgaris
1608 2547 1656 2574 est
1678 2541 1839 2581 nobilitas,
1862 2541 1895 2571 in
1919 2550 2015 2581 quam
2040 2541 2122 2571 filios
2141 2550 2215 2571 suos
2232 2540 2320 2570 Deus

1355 2585 1490 2617 extollit.
1548 2585 1656 2625 Quare
1694 2584 1808 2615 merito
1847 2583 1998 2614 dicuntur
2031 2584 2128 2614 eximi
2163 2588 2318 2623 tanquam

336 2625 411 2663 lera,
437 2628 504 2657 eius
526 2632 682 2667 respectu,
710 2627 742 2657 in
766 2627 859 2659 malis
884 2627 1038 2668 deputare
1062 2638 1126 2659 non
1151 2628 1302 2660 convenit
1327 2637 1329 2653 ¹
1357 2629 1524 2668 primitiae,
1550 2629 1625 2660 dum
1648 2628 1681 2658 in
1705 2627 1769 2658 illis
1792 2627 1993 2658 instauratur
2016 2626 2077 2657 Dei
2101 2626 2215 2666 imago.
