2513 3126
681 802 862 842 CAPUT
886 802 917 841 1.

401 889 425 919 l.
450 887 561 919 Petrus
584 887 741 927 apostolus
758 887 833 918 Iesu
851 886 976 927 Christi,
1000 888 1098 920 electis
1117 888 1284 928 inquilinis

310 933 363 972 qni
397 931 535 970 dispersi
569 933 641 962 sunt
668 940 729 970 per
764 929 914 970 Pontum,
947 931 1124 968 Galatiam,
1161 930 1284 970 Cappa-

310 975 444 1012 dociam,
472 973 604 1010 Asiam,
638 976 665 1004 et
694 972 895 1013 Bithyniam,
940 974 969 1005 2.
1000 974 1166 1005 sectandum
1191 983 1283 1013 prae-

310 1017 511 1058 coynitionem
533 1016 597 1047 Dei
616 1016 728 1056 patr-is,
759 1016 793 1047 in
815 1016 1056 1055 saiwtiftcatione
1078 1017 1221 1055 spiritim,
1248 1016 1283 1047 in

309 1060 512 1091 obedientiam
540 1061 567 1090 et
596 1059 827 1098 adspersionem
855 1060 1021 1099 sanquinis
1051 1059 1126 1090 Iesu
1151 1058 1284 1091 Christi:

306 1103 414 1143 qratia
436 1101 523 1134 vobis
545 1104 572 1133 et
591 1111 659 1142 pax
681 1101 909 1141 multiplicetur.

398 1188 425 1219 1.
451 1187 565 1219 Petrus
587 1187 756 1227 apostolus.
799 1187 966 1227 Quidquid
992 1197 1161 1219 commune
1184 1186 1282 1219 habet

310 1231 390 1263 haec
420 1231 573 1262 salutatio
603 1239 677 1261 cum
707 1230 868 1267 Paulinis‚
899 1240 1017 1261 novam
1049 1230 1280 1270 expositionem

309 1285 375 1306 non
409 1273 581 1305 desiderat.
633 1272 744 1312 Quum
778 1272 900 1304 Paulus
934 1272 1071 1314 gratiam
1105 1277 1137 1305 et
1170 1283 1281 1313 pacem

309 1323 469 1357 precatur,
500 1316 635 1348 verbum
664 1316 818 1347 subticet:
849 1316 967 1347 Petrus
995 1320 1104 1347 autem
1128 1315 1219 1347 addit
1241 1320 1282 1347 ut

309 1358 640 1398 multiplicetur,
674 1359 730 1390 sed
760 1358 872 1390 eodem
902 1369 1008 1390 sensu.
1054 1358 1166 1399 Neque
1195 1358 1281 1390 enim

310 1402 434 1444 gratiae
467 1406 524 1433 aut
557 1401 645 1442 pacis
679 1401 807 1432 initium
843 1400 992 1432 fidelibus
1025 1401 1148 1433 Paulus
1182 1406 1281 1442 optat,

309 1445 366 1477 sed
390 1449 611 1485 augmentum,
642 1444 742 1476 donec
771 1443 920 1475 absolvat
941 1444 1031 1476 Deus
1054 1444 1137 1485 quod
1161 1445 1195 1476 in
1217 1444 1283 1476 illis

310 1488 424 1528 coepit.

396 1530 524 1562 Electis.
577 1529 698 1569 Quaeri
730 1533 836 1570 potest
869 1528 956 1561 unde
990 1529 1050 1562 hoc
1083 1534 1282 1571 compertum

311 1573 480 1605 habuerit:
515 1583 588 1604 nam
619 1582 737 1604 arcana
767 1577 817 1604 est
845 1571 909 1604 Dei
938 1572 1066 1611 electio,
1102 1584 1160 1605 nec
1190 1573 1283 1605 aliter

310 1617 517 1657 cognoscitur
560 1626 657 1656 quam
702 1615 861 1656 singulari
901 1616 1036 1656 spiritus
1075 1615 1283 1648 revelatione.

311 1659 413 1700 Atqui
436 1663 472 1690 ut
494 1668 570 1690 suae
593 1658 731 1698 quisque
753 1658 920 1690 electionis
951 1659 1070 1691 certior
1092 1659 1128 1690 fit
1151 1659 1283 1699 spiritus

311 1702 506 1739 testimonio,
530 1702 576 1733 ita
599 1701 638 1732 de
660 1701 731 1733 aliis
756 1701 838 1733 nihil
854 1702 933 1733 certi
949 1706 1047 1733 tenet.
1081 1701 1284 1742 Respondeo,

311 1744 351 1776 de
380 1745 519 1776 fratrum
548 1744 705 1776 electione
736 1754 802 1776 non
832 1754 903 1776 esse
933 1745 1029 1776 anxie
1052 1744 1283 1785 quaerendum,

311 1786 368 1819 sed
391 1798 410 1819 a
433 1787 600 1819 vocatione
622 1787 729 1827 potius
753 1787 1003 1819 aestimandam:
1033 1794 1068 1819 ut
1094 1798 1152 1828 pro
1174 1787 1283 1820 electis

311 1830 494 1862 habeantur
524 1830 707 1871 quicunque
736 1841 795 1871 per
822 1830 917 1861 fidem
946 1830 979 1861 in
1010 1830 1180 1863 ecclesiam
1207 1834 1284 1862 sunt

312 1874 460 1914 cooptati.
494 1873 559 1904 Eos
583 1873 669 1904 enim
688 1873 780 1905 Deus
803 1883 822 1904 a
844 1873 971 1913 reliquo
987 1873 1109 1905 mundo
1124 1878 1284 1915 segregat,

312 1916 398 1956 quod
421 1916 587 1948 electionis
609 1916 738 1957 signum
761 1921 821 1948 est.
858 1916 928 1948 Nec
950 1917 1057 1948 obstat
1079 1917 1164 1957 quod
1187 1916 1283 1956 pleri·

313 1968 376 1998 que
399 1958 561 1997 deficiunt,
592 1959 626 1990 in
650 1958 846 1999 quibusdam
869 1969 958 1990 mera
980 1964 1029 1991 est
1051 1959 1283 1991 dissimulatio:

313 2006 362 2032 est
392 2001 478 2032 enim
509 2001 569 2033 hoc
599 2002 760 2041 caritatis,
790 2013 855 2034 non
880 2001 955 2034 fidei
978 2002 1151 2043 indicium,
1183 2012 1283 2043 quum

314 2043 433 2075 electos
456 2054 625 2076 censemus
643 2055 756 2077 omnes
772 2045 806 2076 in
823 2044 939 2086 quibus
958 2045 1087 2077 divinae
1103 2045 1285 2085 adoptionis

315 2088 393 2117 nota
423 2092 566 2126 apparet.
611 2087 707 2126 Quod
739 2093 848 2119 autem
872 2087 1063 2120 electionem
1087 2098 1197 2120 eorum
1220 2098 1284 2119 non

315 2133 405 2169 petat
439 2139 480 2160 ex
513 2129 700 2161 abscondito
728 2130 792 2162 Dei
825 2131 973 2170 consilio,
1007 2131 1063 2163 sed
1097 2142 1137 2163 ex
1168 2130 1284 2163 effectu

315 2181 386 2202 eam
418 2171 559 2212 colligat,
591 2178 680 2212 patet
703 2183 743 2204 ex
766 2177 930 2206 contextu.
975 2174 1061 2206 Nam
1084 2173 1180 2214 paulo
1203 2179 1285 2213 post,

315 2224 387 2245 eam
409 2214 452 2245 in
475 2215 825 2248 sanctificatione
853 2217 1037 2257 spiritus
1060 2217 1153 2248 locat.
1196 2216 1284 2256 Qua-

315 2262 411 2288 tenus
434 2266 512 2297 ergo
534 2267 611 2297 prae
634 2267 668 2289 se
683 2257 831 2290 ferebant
849 2270 882 2291 se
898 2259 961 2291 Dei
980 2260 1095 2300 spiritu
1112 2259 1285 2300 regenitos,

316 2299 351 2330 111
382 2299 491 2331 electis
514 2300 576 2331 Dei
606 2300 691 2340 ipsos
721 2307 888 2333 numerat:
918 2303 993 2343 quia
1016 2312 1083 2334 non
1107 2302 1286 2334 sanctificat

316 2341 406 2375 Deus
429 2342 493 2374 nisi
516 2353 596 2382 quos
619 2343 710 2384 prius
732 2344 838 2384 elegit.
874 2344 979 2377 Simul
1003 2351 1112 2378 tamen
1135 2345 1286 2376 admonet

316 2385 402 2417 unde
433 2385 515 2416 fluat
544 2385 657 2418 electio
687 2396 751 2426 qua
780 2397 989 2428 segregamur
1012 2388 1044 2419 in
1070 2389 1216 2425 salutem,
1245 2396 1286 2418 ne

315 2437 389 2459 cum
405 2427 526 2459 mundo
542 2438 727 2468 pereamus:
751 2428 828 2461 dicit
842 2430 929 2461 enim
945 2431 1155 2463 secundum
1178 2440 1285 2471 prae-

316 2471 611 2511 cognitionem.
656 2471 721 2503 Hic
751 2472 886 2512 inquam
916 2472 988 2505 fons
1017 2478 1049 2505 et
1079 2474 1158 2506 haec
1181 2473 1286 2514 prima

316 2523 413 2544 causa
442 2518 500 2551 est,
533 2513 618 2554 quod
641 2514 731 2546 Deus
757 2515 842 2555 apud
866 2525 901 2546 se
930 2521 1004 2547 ante
1026 2523 1170 2548 creatum
1194 2526 1285 2547 mun-

317 2555 393 2586 dum
423 2557 574 2596 cognovit
603 2566 682 2597 quos
706 2556 827 2598 eligere
850 2557 948 2589 vellet
970 2558 1004 2589 in
1025 2558 1173 2591 salutem.
1218 2557 1285 2590 Sed

316 2598 493 2637 prudenter
515 2599 696 2631 notandum
719 2604 769 2631 est
783 2599 887 2640 qualis
903 2602 945 2632 sit
960 2600 1038 2633 haec
1054 2600 1283 2642 praecognitio.

317 2640 489 2681 Sophistae
511 2643 597 2673 enim
622 2646 658 2673 ut
678 2642 741 2674 Dei
763 2643 900 2684 gratiam
923 2643 1105 2683 obscurent,
1128 2645 1284 2683 cuiusque

316 2684 431 2715 merita
453 2694 473 2715 a
488 2684 558 2716 Deo
580 2685 764 2725 praevideri
787 2685 934 2727 fingunt:
958 2690 1055 2726 atque
1071 2687 1116 2718 ita
1132 2686 1283 2727 reprobos

1311 803 1313 809 ¹
1338 803 1377 834 ab
1401 802 1510 834 electis
1534 801 1681 839 discerni,
1707 803 1803 842 prout
1827 802 1958 842 quisque
1983 803 2043 834 hac
2068 803 2119 834 vel
2143 802 2198 834 illa
2219 807 2309 835 sorte

1338 846 1456 886 dignus
1472 849 1529 876 est.
1561 844 1731 885 Scriptura
1749 849 1859 876 autem
1878 845 1995 885 ubique
2016 845 2078 877 Dei
2099 846 2307 886 propositum,

1337 888 1370 919 in
1404 898 1467 928 quo
1496 887 1633 918 fundata
1662 892 1711 919 est
1745 892 1856 919 nostra
1889 887 1990 927 salus,
2024 889 2151 920 meritis
2185 889 2309 920 nostris

1336 930 1480 971 opponit.
1533 930 1644 969 Quum
1671 940 1748 971 ergo
1777 930 1896 962 Petrus
1923 930 2038 962 electos
2070 936 2162 963 vocat
2192 942 2306 963 secun·

1337 972 1412 1005 dum
1448 973 1740 1013 praecognitionem
1777 972 1851 1010 Dei,
1885 973 2046 1013 siguificat
2079 984 2142 1005 non
2175 973 2306 1006 aliunde

1337 1016 1477 1056 pendere
1504 1016 1572 1047 eius
1595 1025 1735 1053 causam,
1765 1015 1821 1047 sed
1844 1016 1878 1046 111
1901 1015 1968 1047 8010
1992 1015 2062 1047 Deo
2085 1016 2306 1056 quaerendam

1336 1069 1423 1090 esse:
1453 1059 1525 1099 quia
1554 1058 1623 1099 ipse
1652 1058 1712 1090 sibi
1743 1063 1856 1098 sponte
1879 1058 1918 1089 ad
1943 1068 2001 1090 nos
2024 1058 2190 1099 eligendos
2214 1061 2308 1090 autor

1336 1101 1442 1133 fuerit.
1499 1101 1586 1142 Ergo
1620 1101 1682 1132 Dei
1716 1101 1937 1142 praecognitio
1971 1101 2145 1133 submovet
2176 1112 2307 1133 omnem

1336 1144 1498 1175 humanae
1522 1144 1689 1185 dignitatis
1713 1150 1903 1184 respectum.
1942 1143 2015 1183 Qua
2038 1143 2077 1175 de
2100 1154 2134 1176 re
2158 1143 2306 1176 diffusius

1336 1187 1547 1220 tractavimus
1577 1186 1795 1227 Ephesiorum
1826 1186 1929 1227 primo
1959 1186 2078 1227 capite,
2109 1190 2142 1218 et
2172 1186 2244 1219 aliis
2273 1187 2307 1218 in

1335 1230 1424 1262 locis.
1480 1229 1761 1269 Quemadmodum
1799 1234 1908 1261 tamen
1945 1230 1977 1261 in
2009 1229 2163 1261 electione
2196 1233 2307 1262 nostra

1335 1273 1457 1313 primas
1479 1272 1621 1313 gratuito
1639 1272 1699 1303 Dei
1716 1272 1916 1312 beneplacito
1932 1272 2092 1314 assignat:
2117 1273 2164 1304 ita
2178 1282 2308 1304 rursum

1335 1315 1407 1346 vult
1430 1325 1567 1347 eamex
1589 1315 1706 1346 effectu
1729 1325 1747 1346 a
1771 1315 1863 1346 nobis
1893 1316 2053 1356 cognosci,
2099 1315 2190 1347 Nihil
2218 1315 2308 1346 enim

1335 1358 1547 1398 periculosius
1563 1369 1599 1390 ac
1615 1358 1718 1398 magis
1737 1363 1981 1398 praeposterum
1998 1362 2056 1395 est,
2078 1368 2174 1398 quam
2190 1357 2309 1389 omissa

1337 1401 1519 1439 vocatione,
1550 1401 1718 1433 electionis
1748 1406 1876 1432 nostrae
1899 1400 2129 1433 certitudinem
2153 1410 2309 1441 quaerere

1337 1444 1369 1475 in
1402 1443 1589 1476 abscondita
1618 1443 1681 1475 Dei
1714 1443 1935 1484 praescientia.
1992 1443 2056 1475 Hic
2090 1443 2177 1474 enim
2212 1443 2309 1475 nimis

1336 1486 1516 1526 profundus
1540 1491 1589 1518 est
1612 1486 1827 1527 labyrinthus.
1873 1486 1984 1526 Quare
2008 1491 2042 1517 ut
2066 1486 2141 1518 huic
2164 1485 2308 1526 periculo

1336 1534 1485 1561 occurrat
1508 1529 1635 1568 Petrus,
1665 1530 1822 1570 optimum
1849 1531 2145 1569 temperamentum
2169 1527 2308 1560 adhibet.

1337 1571 1542 1612 Quamquam
1571 1573 1658 1604 enim
1688 1572 1793 1612 primo
1825 1572 1894 1604 loco
1922 1571 1995 1603 vult
2024 1571 2224 1604 considerari
2247 1569 2309 1602 Dei

1336 1614 1523 1655 consilium,
1557 1615 1648 1647 cuius
1681 1625 1778 1646 causa
1807 1615 1936 1646 nonnisi
1970 1614 2003 1645 in
2033 1614 2103 1655 ipso
2133 1619 2198 1646 est:
2232 1623 2309 1645 mox

1336 1663 1444 1689 tamen
1483 1659 1523 1689 ad
1559 1658 1710 1690 effectum
1745 1667 1804 1689 1108
1838 1660 1986 1696 revocat,
2023 1667 2087 1698 quo
2119 1656 2308 1689 electionem

1336 1705 1482 1732 nostram
1512 1701 1604 1732 nobis
1634 1700 1777 1732 declarat
1805 1711 1841 1732 ac
1871 1704 2022 1732 testatur.
2078 1699 2224 1732 Effectus
2253 1698 2308 1730 1110

1336 1748 1386 1775 est
1419 1744 1553 1784 spiritus
1576 1744 1803 1783 sanctificatio,
1837 1743 1897 1775 hoc
1930 1748 1988 1783 est,
2022 1743 2148 1776 vocatio
2182 1742 2308 1779 efficax,

1337 1787 1414 1817 dum
1437 1786 1478 1818 ad
1508 1791 1676 1818 externam
1701 1785 1864 1827 evangelii
1891 1786 2164 1826 praedicationem
2187 1784 2309 1817 accedit

1337 1829 1427 1869 fides,
1450 1839 1533 1870 quae
1556 1839 1597 1860 ex
1620 1829 1773 1861 interiore
1796 1829 1928 1869 spiritus
1951 1832 2042 1860 motu
2065 1828 2218 1860 nascitur.

1424 1872 1608 1912 Inquilinis.
1653 1872 1720 1911 Qui
1750 1871 1966 1912 metaphorice
1994 1871 2040 1903 sic
2063 1871 2171 1903 vocari
2194 1873 2310 1911 putant

1337 1915 1496 1956 quoslibet
1526 1915 1609 1956 pios,
1641 1915 1718 1955 quia
1747 1914 1782 1946 in
1812 1914 1933 1946 mundo
1963 1914 2128 1955 peregrini
2157 1913 2224 1945 sint
2253 1912 2309 1953 qui

1338 1958 1378 1989 ad
1409 1958 1579 1990 coelestem
1611 1958 1749 1999 patriam
1773 1957 1981 1995 contendunt,
2012 1956 2111 1997 longe
2133 1956 2308 1988 falluntur:

1338 2006 1370 2033 et
1400 2002 1478 2032 satis
1508 2000 1611 2032 refelli
1642 2005 1747 2041 potest
1775 2010 1887 2032 eorum
1918 2010 2009 2032 error
2037 2010 2077 2031 ex
2101 1999 2310 2040 dispersionis

1339 2044 1468 2075 nomine
1498 2043 1583 2084 quod
1611 2043 1759 2084 proxime
1786 2043 1940 2084 sequitur.
1986 2041 2068 2074 Nam
2090 2043 2125 2074 in
2147 2042 2231 2074 solos
2254 2041 2308 2073 Iu-

1340 2087 1434 2119 daeos
1456 2087 1619 2128 competit,
1643 2097 1708 2118 non
1726 2090 1855 2118 tantum
1874 2086 1948 2126 quia
1964 2085 2027 2118 huc
2043 2089 2076 2117 et
2091 2085 2168 2117 illuc
2184 2084 2309 2116 disiecti

1340 2130 1533 2162 exsulabant
1555 2140 1574 2161 a
1597 2129 1712 2170 patria,
1735 2129 1792 2161 sed
1815 2129 1966 2169 quoniam
1989 2128 2082 2160 eiecti
2105 2133 2198 2159 erant
2216 2138 2256 2159 ex
2272 2137 2310 2158 ea

1339 2178 1434 2211 terra,
1465 2183 1547 2213 quae
1577 2172 1642 2204 illis
1671 2173 1705 2203 in
1725 2176 1915 2212 perpetuam
1943 2170 2178 2203 haereditatem
2200 2180 2219 2201 a
2242 2170 2307 2201 Do-

1338 2216 1427 2247 mino
1449 2216 1608 2256 promissa
1631 2222 1711 2247 erat.
1757 2214 1882 2246 Omnes
1904 2214 2034 2255 quidem
2064 2213 2174 2245 fideles
2197 2217 2309 2253 postea

1340 2258 1466 2290 vocabit
1489 2258 1672 2299 inquilinos,
1696 2258 1772 2298 quia
1793 2258 1826 2289 in
1851 2262 1938 2288 terra
1960 2256 2224 2297 peregrinantur:
2251 2255 2308 2286 sed

1339 2301 1392 2333 hic
1414 2301 1478 2333 alia
1500 2306 1549 2332 est
1571 2301 1663 2332 ratio.
1698 2300 1776 2332 Ideo
1798 2301 1908 2340 itaque
1926 2299 2078 2340 inquilini
2096 2300 2199 2335 erant,
2222 2297 2308 2338 quod

1339 2354 1412 2385 pars
1435 2345 1468 2375 in
1491 2344 1644 2382 Pontum,
1675 2353 1748 2384 pars
1773 2344 1807 2374 in
1832 2342 2005 2381 Galatiam,
2035 2351 2108 2382 pars
2131 2341 2165 2372 in
2189 2340 2308 2381 Bithy-

1339 2387 1427 2418 niam
1451 2386 1596 2426 dispersa
1618 2392 1697 2418 erat.
1735 2385 1803 2417 Nec
1826 2385 1944 2416 mirum
1968 2385 2052 2425 quod
2071 2383 2201 2415 Iudaeis
2224 2383 2308 2414 hanc

1339 2429 1507 2470 epistolam
1532 2429 1659 2470 proprie
1681 2428 1835 2460 destinet:
1859 2427 1934 2467 quia
1957 2427 2080 2459 sciebat
2102 2426 2167 2458 illis
2185 2436 2220 2458 se
2236 2437 2308 2458 con-

1338 2473 1489 2504 stitutum
1522 2471 1718 2512 apostolum,
1752 2469 2022 2511 quemadmodum
2056 2469 2181 2501 Paulus
2215 2468 2308 2501 docet

1339 2515 1479 2547 secundo
1498 2514 1539 2546 ad
1562 2514 1697 2546 Galatas
1727 2513 1833 2553 capite
1858 2512 1903 2553 (v.
1925 2512 1967 2554 8).
2013 2512 2083 2544 Sub
2111 2512 2307 2553 regionibus,

1338 2568 1419 2598 quas
1441 2562 1619 2596 enumerat,
1648 2555 1894 2597 comprehendit
1923 2560 2026 2587 totum
2050 2555 2148 2587 Asiae
2171 2555 2306 2586 minoris

1338 2605 1489 2638 tractum,
1513 2611 1533 2632 a
1554 2600 1659 2632 Ponto
1683 2599 1813 2630 Euxino
1838 2608 1939 2638 usque
1962 2598 1995 2630 111
2015 2597 2263 2639 Cappadociam.

1424 2644 1466 2675 In
1488 2642 1695 2676 obedientiam.
1733 2642 1844 2681 Quum
1867 2641 2116 2673 sanctificationi
2139 2640 2203 2672 duo
2227 2640 2306 2671 haec

1337 2685 1495 2724 subiiciat,
1516 2685 1645 2718 videtur
1659 2684 1861 2717 obedientiae
1877 2685 2007 2716 nomine
2023 2683 2204 2724 intelligere
2221 2683 2305 2714 vitae
