2513 3126
295 211 357 241 255
1128 203 1269 236 sms‘r.
1294 205 1430 236 parm
1455 205 1469 235 1
2233 207 2296 238 256

535 305 664 335 Scimus
705 302 791 333 enim
829 312 926 342 quam
965 301 1189 340 importunum
1227 301 1269 333 sit

297 307 475 348 ingenium.

1141 343 1269 375 Deinde

297 349 415 381 animal
457 347 626 386 imperiosa
659 350 692 375 et
725 345 913 376 resi-acturis
948 344 1072 375 mulier.

298 393 376 423 nihil
413 391 451 422 ad
485 387 708 428 corrigendam
745 388 939 422 vanitatem,
981 387 1019 418 de
1053 396 1117 426 qua
1152 386 1269 418 Petrus

298 435 456 473 loquitur,
491 433 597 472 aptius
631 438 680 462 est
713 441 808 470 quam
845 429 970 470 placida
1002 430 1092 470 quies
1125 429 1268 469 spiritus.

297 477 390 515 Quod
425 481 534 514 postea
556 474 700 514 sequitur
724 473 942 513 pretiosum
971 472 1002 503 id
1025 481 1113 504 esse
1135 482 1268 504 coram

299 521 394 553 noo,
427 524 491 548 tam
523 517 562 548 ad
593 523 695 547 totum
719 516 937 556 complexum,
968 525 1065 555 quam
1087 514 1127 546 ad
1151 525 1268 546 nomen

296 562 431 600 spiritus
455 560 567 591 referri
593 565 711 599 potest:
737 559 820 590 idem
846 564 954 590 tamen
979 557 1122 589 manebit
1143 568 1269 589 sensus.

297 604 390 635 Unde
419 604 505 634 enim
537 603 727 633 mulieribus
758 607 849 632 tanta
872 612 906 633 se
929 601 1067 632 ornandi
1090 610 1176 637 cura,
1208 601 1268 631 nisi

297 652 330 677 ut
350 647 381 677 in
398 657 433 678 se
449 647 615 677 hominum
641 644 750 676 oculos
773 643 986 676 convertant?
1023 644 1140 675 Petrus
1159 647 1267 675 autom

296 695 407 720 eontra
440 689 543 729 magis
572 688 726 720 sollicitas
757 697 827 718 esse
851 687 939 718 iubet
962 692 999 718 ut
1021 687 1055 718 in
1079 687 1181 727 pretio
1204 687 1269 717 sint

295 732 380 773 apud
407 733 521 764 Deum.

381 818 410 849 5.
439 816 492 848 Sic
514 817 595 848 enim
621 815 791 855 aliquando
820 817 847 847 et
868 817 993 847 sanctae
1014 815 1170 853 mulieres,
1193 823 1270 853 quae

296 860 463 900 sperabant
486 860 517 890 in
540 859 654 899 Deum,
677 859 828 890 ornabant
849 868 881 890 se
902 858 1000 898 ipsas,
1028 858 1178 890 subiectae
1200 866 1269 895 pro-

292 904 379 944 priis
407 903 548 934 azarius.-
601 902 631 933 6.
662 902 919 942 quemadmodum
947 903 974 932 et
1005 900 1089 932 Sara
1119 899 1271 931 obediebat

297 946 461 981 Abrahae,
505 945 664 977 dominum
700 945 806 984 ipsum
843 943 1021 984 appellans,
1061 944 1152 975 cuius
1186 942 1272 981 filiae

297 989 370 1020 estis
397 989 507 1028 sactae,
541 988 570 1019 si
599 987 820 1027 benefeceritis,
853 990 881 1018 et
908 996 971 1018 non
1001 986 1181 1018 terreamini
1209 984 1271 1015 ullo

292 1041 418 1072 pavore.

384 1117 520 1148 Piarum
536 1116 709 1147 mulierum
726 1115 910 1155 exemplum
927 1114 990 1145 illis
1006 1113 1166 1153 proponit,
1189 1122 1271 1153 quae

299 1160 500 1200 spiritualem
525 1159 634 1199 potius
656 1162 808 1189 ornatum
833 1163 970 1189 sectatae
993 1157 1067 1193 sint,
1098 1166 1195 1196 quam
1218 1166 1272 1186 ex-

299 1203 386 1234 terni
409 1202 514 1233 cultus
538 1202 706 1233 lenociniis
731 1201 857 1232 deditae
881 1199 1009 1230 fuerint.
1053 1198 1169 1229 Sar-am
1194 1208 1272 1229 vero

300 1256 377 1286 prae
407 1245 480 1276 aliis
512 1245 673 1275 nominat:
708 1254 790 1283 quae
820 1252 918 1282 quum
950 1241 1094 1272 fidelium
1125 1242 1271 1272 omnium

300 1289 343 1320 sit
365 1293 479 1325 mater,
510 1287 702 1327 praesertim
733 1286 816 1326 apud
839 1295 933 1316 suum
957 1294 1072 1315 sexum
1096 1283 1218 1315 honore
1240 1288 1273 1315 et

300 1330 481 1362 imitatione
500 1330 599 1371 digna
617 1336 676 1361 est.
708 1330 810 1360 Porro
833 1328 952 1359 iterum
976 1327 1016 1358 ad
1040 1327 1272 1358 subiectionem

301 1373 394 1414 redit,
429 1383 564 1412 eamque
593 1373 763 1404 confirmat
786 1371 887 1402 Sarae
918 1370 1084 1409 exemplo:
1119 1380 1201 1410 quae
1223 1368 1274 1410 (ut

301 1417 440 1448 habetur
474 1415 559 1456 apud
589 1414 728 1455 Mosem)
756 1414 909 1445 maritum
940 1412 1075 1445 vocabat
1105 1412 1272 1443 dominum

300 1459 400 1500 (Gen.
428 1458 477 1496 18,
512 1459 575 1499 12).
626 1458 699 1489 Non
733 1462 879 1488 moratur
911 1455 1040 1496 quidem
1071 1455 1162 1486 Deus
1194 1455 1273 1486 istos

302 1502 431 1533 titulos:
465 1506 496 1533 et
525 1501 595 1533 fieri
624 1500 786 1531 interdum
816 1504 933 1539 potest,
966 1503 1003 1529 ut
1029 1509 1110 1538 quae
1133 1498 1274 1529 maxime

303 1544 452 1585 petulans
483 1544 578 1576 fuerit
607 1548 638 1575 et
667 1543 887 1582 immorigera,
916 1541 1002 1573 hanc
1024 1540 1273 1582 appellationem

302 1588 417 1628 lingua
453 1589 604 1627 usurpet:
638 1586 693 1618 sed
723 1585 878 1626 intelligit
907 1584 1043 1625 Petrus,
1077 1584 1195 1616 Seram
1230 1584 1276 1614 ita

302 1631 390 1671 loqui
413 1630 540 1662 solitam
563 1639 642 1667 esse,
673 1629 748 1670 quia
771 1628 855 1660 hanc
878 1627 938 1659 sibi
962 1628 1066 1667 legem
1090 1637 1109 1658 a
1134 1626 1275 1658 Domino

303 1674 487 1714 impositam
516 1683 585 1704 esse
608 1676 754 1708 noverat,
788 1675 823 1702 ut
847 1671 916 1703 viro
940 1671 1094 1702 subesset.
1139 1669 1277 1702 Subiicit

304 1717 433 1754 Petrus,
463 1715 545 1747 filias
567 1715 636 1747 eius
659 1716 735 1752 fore,
762 1714 823 1746 hoc
846 1720 905 1754 est,
928 1713 1034 1745 locum
1057 1714 1143 1744 inter
1165 1711 1276 1743 fideles

304 1759 479 1792 habituras,
503 1768 585 1798 quae
608 1757 679 1789 eius
701 1757 896 1798 probitatem
919 1757 1065 1788 imitatae
1087 1755 1216 1787 fuerint.

388 1801 417 1833 6.
442 1799 487 1833 Et
516 1811 577 1833 non
602 1800 791 1832 terreamini.
837 1800 945 1832 Sexus
973 1799 1178 1831 imbecillitas
1201 1798 1278 1830 facit

304 1849 340 1876 ut
351 1844 456 1885 magis
468 1844 666 1884 suspiciosae
682 1854 719 1875 ac
735 1842 865 1874 timidae
882 1843 948 1874 sint
963 1842 1124 1879 mulieres,
1141 1841 1277 1881 ideoque

304 1887 408 1928 magis
431 1897 590 1918 morosae:
621 1886 696 1927 quia
721 1891 874 1918 verentur
897 1896 948 1926 ne,
970 1886 998 1916 si
1021 1885 1100 1916 viris
1122 1894 1157 1916 se
1178 1884 1277 1915 subii·

304 1930 402 1970 ciant,
431 1930 535 1970 magis
557 1929 789 1961 contumeliose
817 1928 857 1960 ab
879 1928 944 1960 illis
966 1932 1158 1960 tractentur.
1204 1927 1278 1958 Huc

305 1973 464 2012 respicere
487 1972 617 2004 videtur
639 1973 768 2011 Petrus,
799 1982 898 2012 quum
932 1975 1019 2003 vetat
1043 1981 1082 2002 ne
1105 1970 1278 2002 turbentur

306 2015 372 2046 ullo
403 2025 530 2055 pavore.
575 2015 624 2047 Ac
651 2016 679 2047 si
705 2015 839 2047 diceret:
874 2014 1032 2046 Libenter
1054 2014 1199 2046 subiicite
1222 2022 1278 2043 vos

308 2059 450 2089 virorum
480 2058 624 2098 imperio,
654 2068 712 2090 nec
742 2068 799 2089 vos
825 2058 921 2088 timor
943 2057 983 2088 ab
1005 2057 1157 2097 obsequio
1179 2056 1278 2096 impe-

307 2101 383 2136 diat,
417 2101 508 2140 quasi
538 2101 676 2132 deterior
706 2100 818 2132 futura
847 2100 890 2131 sit
921 2105 1030 2131 vestra
1063 2099 1217 2136 conditio,
1249 2098 1276 2130 si

307 2143 467 2184 patientes
489 2143 570 2174 sitis.
608 2143 726 2174 Posset
748 2144 851 2184 magis
873 2143 1034 2184 generalis
1058 2153 1127 2174 esse
1149 2146 1278 2174 senten-

307 2186 361 2223 tia,
396 2185 443 2217 Ne
478 2186 587 2217 turbas
617 2185 704 2217 domi
733 2187 902 2217 concitent.
953 2186 1037 2217 Nam
1067 2190 1102 2217 ut
1131 2189 1209 2217 sunt
1238 2184 1278 2215 ad

307 2229 604 2261 consternationem
634 2229 803 2269 proclives,
837 2239 932 2269 saepe
962 2229 1001 2260 ob
1031 2239 1101 2260 rem
1132 2227 1278 2260 frivolam

307 2271 561 2310 tumultuantur,
595 2281 693 2311 seque
726 2277 757 2302 et
791 2271 948 2302 familiam
981 2272 1103 2303 frustra
1135 2270 1278 2302 turbant.

308 2314 376 2345 Alii
393 2319 509 2354 putant
524 2314 559 2345 in
583 2324 702 2355 genere
725 2314 845 2354 corrigi
868 2314 1038 2345 mulierum
1063 2313 1278 2349 timiditatem,

308 2366 390 2397 quae
419 2357 493 2388 fidei
517 2358 679 2389 contraria
702 2362 765 2388 est:
801 2357 892 2397 quasi
915 2357 1033 2388 Petrus
1055 2368 1110 2389 eas
1133 2357 1281 2388 hortetur

308 2400 348 2431 ad
377 2399 561 2431 obeundam
589 2400 664 2431 forti
694 2404 726 2431 et
756 2400 917 2440 intrepido
945 2400 1052 2432 animo
1073 2410 1164 2431 suam
1188 2408 1280 2431 voca-

309 2443 440 2474 tionem.
493 2442 577 2474 Mihi
609 2445 721 2475 tamen
754 2443 857 2482 prima
891 2444 1048 2483 expositio
1081 2442 1185 2483 magis
1217 2441 1281 2482 pla-

309 2490 374 2558 deis:
418 2495 612 2526 quamquam
658 2486 698 2517 ab
743 2485 804 2517 hac
840 2491 1001 2525 postremo
1039 2496 1105 2518 non
1142 2484 1281 2517 multum

332 2529 341 2558 i
368 2532 425 2560 ert.

397 2613 426 2645 7.
457 2613 528 2646 Viri
557 2613 703 2646 similiter
730 2613 900 2646 cohabitent
921 2614 1088 2646 secundum
1109 2613 1280 2651 seientiam,

310 2658 460 2697 tanquam
489 2657 657 2696 infirmiori
683 2657 754 2689 vasi
783 2656 928 2688 muliebri
956 2657 1163 2697 impertientes
1192 2656 1288 2687 hono-

1320 311 1399 333 rem.-
1430 303 1579 339 tanquam
1612 299 1706 330 etiam
1738 300 1917 332 cohaeredes
1948 301 2086 341 Ιᾳναιιῐαε,
2123 311 2160 333 ne
2191 312 2296 342 preces

1319 347 1436 376 vestrae
1454 344 1735 382 interrumpuntur.

1407 428 1436 458 7.
1468 427 1538 459 Viri
1564 427 1740 459 cohabitent.
1786 428 1816 460 A
1847 428 1925 460 viris
1953 429 2055 470 exigit
2078 429 2297 470 prudentiam.

1321 471 1432 511 Neque
1449 471 1533 501 enim
1552 470 1617 502 illis
1635 471 1800 502 dominum
1824 471 1857 502 in
1882 481 1997 503 uxores
2020 473 2213 512 permissum
2237 478 2296 512 est,

1322 515 1382 545 nisi
1412 513 1472 544 hac
1504 513 1574 554 lege
1604 519 1639 544 ut
1661 524 1716 545 eas
1739 514 1917 554 prudenter
1939 515 2133 554 gubernent.
2179 515 2296 547 Memi-

1322 556 1429 587 nerint
1463 565 1540 596 ergo
1571 556 1690 596 mariti,
1725 557 1786 588 sibi
1818 556 1858 588 ad
1890 557 2032 588 officium
2065 558 2297 598 praestandum

1321 610 1399 638 opus
1428 608 1497 630 esse
1528 598 1710 638 prudentia.
1756 599 1801 630 Et
1823 610 1902 631 sane
1925 600 2046 632 multae
2068 601 2210 641 ineptiae
2233 601 2298 632 illis

1321 641 1472 672 ferendae
1507 644 1596 678 sunt,
1631 641 1817 674 devoranda
1848 641 1952 673 multa
1983 643 2102 681 taedia,
2136 649 2169 675 et
2198 643 2297 675 simul

1320 684 1504 715 cavendum
1544 694 1585 715 ne
1623 694 1682 716 sua
1715 685 1919 726 indulgentia
1952 685 2122 716 stultitiam
2156 687 2297 718 foveant.

1321 726 1433 765 Quare
1472 737 1535 758 non
1574 737 1774 767 supervacua
1811 734 1860 760 est
1898 727 1989 760 Petri
2026 729 2220 767 admonitio,
2261 732 2299 761 ut

1321 770 1461 801 scienter
1483 770 1670 801 cohabitent
1693 771 1767 801 viri.

1411 825 1576 865 Tanquam
1607 825 1787 865 infirmiori.
1830 826 1961 857 Patrem
1999 826 2068 857 eius
2099 827 2299 866 prudentiae,

1324 868 1362 899 de
1391 877 1454 908 qua
1485 869 1642 906 meminit,
1679 869 1731 899 hic
1762 868 1920 909 designat,
1955 873 1992 900 ut
2021 870 2082 900 viri
2113 869 2146 900 in
2178 870 2300 901 honore

1324 910 1466 942 habeant
1496 921 1570 942 suas
1600 922 1728 943 uxores.
1774 911 1864 942 Nihil
1895 912 1982 943 enim
2014 916 2063 943 est
2087 912 2170 952 quod
2194 913 2300 953 magis

1325 953 1456 984 dirimat
1503 955 1589 985 vitae
1631 955 1818 985 societatem
1852 964 1949 994 quam
1982 960 2207 995 contemptus:
2242 966 2301 987 nec

1325 1006 1495 1036 possumus
1522 1007 1596 1028 vere
1619 1007 1729 1028 amare
1752 997 1814 1028 nisi
1837 1007 1918 1037 quos
1941 996 2097 1030 habemus
2120 999 2154 1029 in
2178 999 2299 1038 pretio:

1325 1044 1360 1070 ut
1383 1039 1424 1070 sit
1447 1049 1538 1070 amor
1561 1049 1633 1071 cum
1663 1040 1844 1071 reverentia
1867 1039 2068 1072 coniunctus.
2114 1040 2217 1072 Porro
2239 1040 2300 1072 du-

1326 1081 1400 1122 plici
1423 1087 1616 1122 argumento
1638 1083 1751 1120 utitur,
1780 1087 1816 1113 ut
1839 1083 1918 1114 viris
1942 1083 2142 1122 persuadeat,
2167 1083 2302 1115 honeste

1325 1130 1356 1155 et
1389 1126 1523 1156 comiter
1558 1125 1744 1157 tractandas
1778 1135 1848 1157 esse
1878 1135 2005 1157 uxores.
2051 1126 2150 1157 Prius
2180 1131 2231 1158 est
2260 1127 2301 1158 ab

1328 1168 1519 1199 infirmitate
1541 1177 1652 1199 sexus:
1678 1168 1826 1206 alterum,
1853 1168 1892 1199 ab
1917 1168 2039 1200 honore
2063 1178 2125 1208 quo
2149 1168 2303 1209 dignatur

1325 1210 1397 1242 illas
1430 1210 1532 1241 Deus.
1589 1210 1751 1242 Videntur
1788 1211 1918 1251 quidem
1952 1210 2033 1242 haec
2066 1211 2301 1251 quodammodo

1325 1253 1504 1285 contraria:
1551 1253 1696 1294 impendi
1743 1253 1899 1285 honorem
1940 1253 2057 1285 debere
2096 1253 2298 1295 mulieribus,

1325 1295 1410 1337 quod
1440 1296 1588 1327 infirmae
1617 1297 1693 1335 sint,
1726 1301 1758 1328 et
1781 1296 1865 1336 quod
1890 1296 2066 1327 excellant:
2100 1296 2157 1328 sed
2181 1298 2302 1337 optime

1326 1340 1412 1371 inter
1446 1348 1480 1370 se
1514 1339 1737 1378 consentiunt,
1772 1339 1824 1370 ubi
1859 1339 1949 1379 viget
1982 1340 2108 1370 caritas.
2161 1339 2233 1372 Hoc
2266 1340 2302 1371 in

1327 1382 1475 1414 confesso
1510 1386 1571 1420 est,
1606 1381 1713 1413 Deum
1746 1383 1909 1414 contemni
1939 1382 1973 1412 in
2000 1383 2067 1413 suis
2097 1381 2204 1420 donis,
2239 1383 2304 1414 nisi

1328 1425 1450 1457 honore
1481 1425 1640 1456 afficimus
1667 1424 1782 1465 quibus
1805 1425 1925 1466 aliquid
1949 1425 2168 1465 praestantiae
2190 1429 2302 1456 contu·

1328 1468 1379 1499 lit:
1415 1478 1530 1499 verum
1561 1467 1637 1499 dum
1665 1473 1854 1508 reputamus
1884 1477 1949 1498 non
1973 1467 2116 1499 eiusdem
2140 1477 2211 1499 esse
2234 1478 2303 1499 cor-

1329 1511 1415 1551 poris
1449 1509 1602 1548 membra,
1637 1510 1790 1542 discimus
1823 1520 1884 1542 nos
1917 1510 2056 1541 sufferre
2090 1514 2123 1541 et
2150 1509 2304 1552 obtegere

1328 1558 1442 1585 mutuo
1476 1558 1604 1585 nostras
1637 1553 1844 1585 infirmitates
1878 1554 1983 1585 venia.
2033 1553 2106 1584 Hoc
2140 1557 2190 1583 est
2219 1553 2305 1593 quod

1329 1596 1390 1628 sibi
1421 1596 1493 1628 vult
1516 1596 1640 1628 Paulus
1673 1606 1770 1636 quum
1795 1596 1873 1627 dicit
1895 1596 2048 1627 membris
2071 1595 2305 1628 infirmioribus

1329 1640 1481 1671 maiorem
1505 1639 1662 1670 honorem
1685 1639 1879 1671 circumdari
1901 1638 1944 1680 (1.
1958 1638 2031 1670 Cor.
2052 1638 2101 1675 12,
2125 1638 2195 1680 23):
2219 1638 2305 1679 quod

1330 1683 1451 1714 scilicet
1470 1682 1574 1723 magis
1597 1682 1726 1714 solliciti
1749 1682 1852 1713 simus
1875 1680 1914 1712 de
1937 1680 2136 1722 protegendo
2159 1681 2305 1722 ipsorum

1329 1725 1460 1766 pudore.
1507 1725 1581 1756 Non
1605 1735 1681 1765 ergo
1705 1724 1845 1756 absurde
1868 1724 1998 1762 Petrus,
2031 1725 2107 1755 dum
2132 1724 2306 1756 mulierum

1329 1778 1441 1800 curam
1464 1767 1536 1799 ideo
1560 1767 1681 1806 haberi,
1715 1769 1748 1798 et
1770 1777 1825 1798 eas
1848 1766 1974 1798 liberali
1997 1767 2189 1798 tractatione
2212 1767 2307 1799 coho-

1330 1811 1452 1842 nestari
1482 1810 1580 1848 iubet,
1610 1810 1685 1850 quia
1715 1810 1863 1842 infirmae
1885 1814 1972 1842 sunt.
2018 1809 2146 1841 Deinde
2169 1814 2206 1841 ut
2229 1810 2308 1842 faci-

1330 1854 1392 1885 lius
1409 1854 1516 1894 pueris
1533 1853 1739 1894 ignoscimus,
1763 1853 1789 1884 si
1806 1852 1883 1893 quid
1900 1863 1957 1893 per
1972 1853 2088 1884 aetatis
2108 1853 2306 1892 imperitiam

1331 1897 1538 1937 delinquunt:
1580 1896 1627 1927 ita
1661 1906 1758 1928 sexus
1792 1896 1966 1927 infirmitas
1999 1896 2105 1927 facere
2139 1896 2234 1927 debet
2268 1906 2308 1927 ne

1332 1945 1397 1971 tam
1432 1939 1529 1980 rigidi
1563 1943 1596 1970 et
1625 1939 1746 1971 austeri
1776 1939 1879 1970 simus
1909 1949 1988 1979 erga
2010 1948 2138 1970 uxores.
2183 1938 2308 1970 Vasis

1331 1983 1477 2021 nomine,
1511 1981 1649 2022 quodvis
1682 1991 1842 2022 organum
1871 1982 1905 2012 in
1938 1981 2101 2022 scriptura
2133 1981 2307 2023 designari,

1330 2027 1407 2057 satis
1431 2029 1545 2056 notum
1569 2029 1627 2056 est.

1420 2080 1608 2113 Cohaeredes
1636 2080 1758 2121 qratiae
1787 2080 1877 2111 vitae.
1922 2079 1990 2110 Alii
2020 2079 2144 2112 codices
2167 2079 2307 2110 habent:

1333 2124 1524 2164 Multiplicis
1539 2123 1664 2164 gratiae
1673 2122 1709 2164 ¹):
1733 2123 1801 2161 alii,
1826 2122 1888 2154 loco
1903 2122 1992 2160 vitae,
2016 2122 2128 2154 habent
2144 2121 2308 2162 epithetum

1332 2168 1430 2199 vivae.
1478 2167 1615 2206 Quidam
1644 2166 1678 2197 in
1707 2165 1813 2197 dativo
1840 2165 1945 2206 leyunt
1966 2164 2200 2197 cohaeredibus.-
2229 2175 2309 2204 quae

1332 2210 1469 2241 varietas
1498 2209 1535 2240 cle
1563 2219 1656 2240 sensu
1685 2208 1767 2240 nihil
1788 2210 1898 2240 mutat.
1943 2207 1985 2239 In
2008 2208 2082 2239 aliis
2103 2207 2310 2248 interponitur

1331 2253 1441 2293 copula
1479 2252 1560 2284 inter
1588 2251 1727 2293 qratiam
1759 2251 1959 2290 multiplicem
1992 2253 2019 2282 et
2051 2250 2160 2283 vitam.
2214 2250 2308 2289 Quae

1333 2296 1428 2328 lectio
1452 2298 1572 2336 optime
1598 2294 1759 2336 congruit.
1804 2293 1888 2325 Nam
1913 2304 2011 2334 quum
2035 2293 2197 2325 Dominus
2220 2293 2308 2324 viros

1334 2339 1548 2370 communiter
1585 2341 1617 2369 et
1654 2337 1810 2368 mulieres
1846 2336 1960 2368 iisdem
1994 2336 2108 2377 gratiis
2142 2335 2307 2376 dignetur,

1333 2381 1405 2412 illos
1445 2381 1485 2412 ad
1526 2379 1694 2412 colendam
1728 2390 1801 2411 cum
1833 2379 1885 2411 his
1918 2378 2147 2419 aequalitatem
2180 2378 2307 2410 invitat.

1334 2423 1463 2456 Scimus
1491 2429 1600 2455 autem
1631 2422 1828 2462 multiplices
1858 2431 1929 2453 esse
1959 2421 2090 2462 gratias,
2123 2421 2157 2452 in
2190 2421 2308 2461 quibus

1334 2467 1484 2498 mulieres
1514 2466 1659 2498 virorum
1687 2470 1763 2496 sunt
1786 2464 1900 2496 sociae.
1945 2463 2029 2495 Nam
2053 2464 2135 2495 aliae
2158 2463 2198 2494 ad
2221 2473 2308 2495 com-

1334 2510 1442 2541 munis
1475 2509 1545 2540 vita
1576 2518 1682 2546 usum,
1717 2507 1798 2538 aliae
1831 2506 1872 2538 ad
1906 2506 2045 2538 coeleste
2076 2506 2139 2538 Dei
2170 2516 2307 2548 regnum

1334 2553 1507 2593 pertinent.
1552 2551 1672 2583 Postea
1700 2550 1838 2587 subiicit,
1869 2559 1938 2581 esse
1961 2550 2060 2581 etiam
2084 2550 2171 2581 vitae
2194 2549 2306 2582 cohae-

1421 2665 1441 2696 ¹)
1460 2665 1488 2690 et
1505 2663 1582 2690 vitae.
