2513 3126
132 238 193 269 477

133 334 313 366 cavendum
331 345 371 365 ne
387 334 521 374 obrepat
537 335 642 367 carnis
661 333 832 364 securitas:
856 330 928 362 ideo
951 331 984 362 in
1008 330 1100 362 bonis

133 378 282 416 operibus
316 382 447 409 strenue
482 376 705 413 laborandum,
739 379 772 407 et
804 374 839 405 in
870 373 974 405 stadio
1008 383 1100 404 voca-

132 419 228 451 tionis
251 424 379 451 nostrae
401 419 549 451 celeriter
570 418 764 452 currendum
788 421 845 448 est.
883 416 989 455 Quem
1012 416 1102 456 prius

133 461 218 494 diem
241 462 366 494 Christi
396 461 522 493 dixerat
543 461 595 502 (ut.
619 460 715 493 etiam
740 459 859 501 passim
883 459 916 489 in
940 459 1102 498 scriptura

133 505 240 536 vocari
268 504 362 546 solet)
389 514 474 536 nunc
496 504 559 536 Dei
582 502 733 545 appellat,
763 507 796 534 et
819 502 945 533 merito.
992 501 1102 533 Chris-

133 551 184 579 tus
214 548 301 579 enim
332 552 410 579 tunc
438 551 590 588 exsurget
613 549 650 578 ut
673 546 825 578 restituat
848 545 933 585 patri
956 554 1104 585 regnum,

132 600 194 630 quo
216 591 258 621 sit
281 591 370 622 Deus
393 589 500 620 omnia
522 590 556 621 in
579 589 739 621 omnibus.

221 676 269 707 14.
294 675 402 714 Quare,
431 673 541 714 dilecti,
564 684 660 714 quum
682 674 754 706 liaeo
776 673 966 712 exspectetis,
989 672 1105 704 studete

133 717 366 750 incontaminati
398 719 425 748 et
457 717 743 756 irreprehensibiles
771 716 810 747 ab
840 725 874 747 eo
904 715 1039 747 inveniri
1070 715 1105 746 in

125 771 215 801 paee.
273 760 322 792 15.
355 759 399 791 Et
434 759 566 792 Domini
603 761 703 792 nostri
740 759 934 791 tolerantiam
971 758 1104 790 salutem

132 804 316 836 existimate:
354 803 609 842 quemadmodum
647 805 674 834 et
706 802 834 835 dilectus
864 801 968 841 frater
1002 802 1106 832 noster

135 847 264 885 Paulus,
296 845 465 877 secundum
487 846 593 877 datam
615 845 677 877 sibi
699 845 885 885 sapientiam
908 843 1034 884 scripsit
1055 853 1105 875 vo-

131 890 192 922 bis:
236 888 284 919 16.
308 888 402 920 sicuti
431 889 465 919 in
494 888 634 920 omnibus
661 888 805 928 epistolis,
832 888 957 927 loquens
987 887 1024 918 de
1051 887 1104 926 iis,

130 933 166 964 in
193 930 303 972 quibns
330 933 402 962 sunt
424 932 575 970 quaedam
597 931 744 971 difficilia
766 931 926 969 intellectu,
956 939 1035 970 quae
1057 930 1105 961 in-

131 976 210 1007 docti
232 976 259 1005 et
277 973 439 1005 instabiles
461 975 615 1006 invertunt
641 973 687 1015 (ut
710 977 735 1005 et
758 976 893 1005 caeteras
915 972 1104 1014 scripturas)

131 1017 173 1049 ad
193 1026 285 1048 suam
300 1017 479 1056 perniciem.
527 1017 575 1048 17.
608 1017 668 1048 Vos
690 1017 797 1057 iyitur,
826 1016 937 1056 dilecti,
959 1025 1104 1056 praemo-

131 1060 190 1092 niti
222 1062 334 1090 cavete:
368 1062 402 1090 ut
433 1070 471 1091 ne
503 1059 598 1090 simul
631 1060 825 1100 nefariorum
859 1069 962 1090 errore
995 1058 1103 1099 abacti,

131 1102 281 1135 excidatis
313 1113 334 1133 a
362 1105 462 1134 vestra
487 1103 643 1142 firmitate.
699 1102 746 1134 18.
780 1101 911 1137 Grescite
940 1104 1042 1133 autem
1070 1102 1105 1133 in

128 1146 234 1186 qratia
273 1147 299 1176 et
331 1146 440 1177 notitia
474 1145 605 1176 Domini
638 1146 736 1177 nostri
769 1148 796 1176 et
828 1145 995 1176 servatoris
1030 1145 1105 1176 Iesu

133 1188 264 1221 Christi:
286 1188 349 1228 ipsi
369 1188 472 1229 yloria
494 1190 522 1219 et
544 1198 632 1226 nunc,
657 1191 684 1220 et
705 1188 739 1219 in
762 1188 843 1219 diem
865 1187 1064 1219 aeternitatis.

219 1274 267 1305 14.
297 1273 406 1313 Quare,
441 1276 491 1305 etc.
537 1274 639 1305 Recte
674 1284 692 1305 a
723 1283 779 1314 spe
807 1273 847 1305 ad
878 1273 1029 1304 effectum
1051 1273 1105 1305 vel

131 1316 273 1349 studium
292 1318 343 1356 pie
362 1316 494 1348 vivendi
518 1321 775 1357 argumentatur.
812 1315 896 1357 Spes
919 1316 1005 1347 enim
1029 1316 1104 1348 viva

132 1363 181 1392 est
203 1364 236 1391 et
258 1359 390 1390 efficax:
418 1358 489 1390 ideo
512 1359 582 1390 fieri
606 1369 668 1390 non
697 1362 802 1399 potest
824 1359 901 1399 quin
925 1368 984 1389 nos
1007 1359 1047 1389 ad
1071 1369 1104 1390 se

131 1403 245 1443 rapiat.
285 1402 373 1443 Ergo
397 1402 451 1442 qui
474 1402 577 1434 coelos
601 1412 703 1433 novos
725 1404 901 1442 exspectat,
925 1401 1103 1433 novitatem

131 1455 150 1476 a
181 1455 215 1477 se
244 1445 314 1485 ipso
348 1445 490 1485 incipiet,
521 1445 649 1485 hucque
679 1444 858 1485 adspirabit
888 1449 956 1475 toto
979 1444 1103 1476 studio:

131 1488 188 1528 qui
220 1498 296 1520 vero
327 1487 363 1518 in
387 1488 536 1519 sordibus
559 1488 626 1519 suis
649 1488 796 1527 haerent,
831 1498 884 1519 eos
907 1491 1031 1519 certum
1055 1492 1105 1518 est

133 1530 216 1562 nihil
239 1530 278 1561 de
302 1541 401 1570 regno
423 1530 487 1562 Dei
510 1530 663 1572 cogitare,
698 1541 734 1562 ac
764 1530 847 1561 nihil
870 1540 983 1570 sapere
1007 1539 1104 1570 quam

131 1572 289 1604 mundum
326 1573 578 1613 corruptibilem.
638 1573 827 1604 Notandum
872 1576 981 1604 autem
1019 1573 1104 1612 quod

133 1616 219 1654 dicit,
253 1616 440 1647 inveniri
476 1626 533 1647 nos
566 1615 682 1647 debere
713 1626 731 1647 a
755 1616 888 1647 Christo
918 1616 1104 1656 irrepre-

131 1658 374 1690 hensibiles.
415 1658 498 1689 Natu
522 1658 583 1690 hoc
605 1659 704 1690 verbo
727 1659 898 1699 signifieat,
923 1659 1000 1689 dum
1024 1659 1104 1690 alios

130 1706 264 1741 occupat
298 1711 334 1733 ac
368 1701 490 1733 detinet
522 1701 634 1732 mundi
668 1706 851 1742 respectus,
889 1702 1105 1733 conjiciendos

131 1744 223 1775 nobis
248 1754 317 1775 esse
340 1744 448 1775 oculos
471 1745 504 1775 in
529 1744 720 1775 Dominum:
757 1747 789 1775 et
823 1744 919 1776 simul
944 1755 1104 1784 quaenam

131 1787 174 1819 sit
197 1797 274 1818 vera
297 1787 476 1827 integritas,
507 1786 661 1818 ostendit:
691 1797 808 1827 nempe
839 1797 921 1827 quae
950 1788 1105 1828 probatur

131 1829 233 1869 ipsius
262 1829 390 1866 iudicio,
421 1840 486 1861 non
517 1833 625 1861 autem
650 1840 732 1870 quae
755 1829 841 1870 apud
866 1830 1012 1861 homiues
1036 1830 1103 1861 lau-

133 1872 206 1903 dem
229 1872 335 1903 habet.
373 1872 501 1904 Nomen
525 1873 640 1913 pacis
664 1873 766 1912 accipi
789 1872 870 1904 mihi
893 1872 1023 1904 videtur
1046 1883 1104 1913 pro
1130 1873 1131 1881 ¹

132 1915 239 1954 quieto
272 1916 489 1947 conscientiae
523 1920 610 1947 statu
641 1916 695 1956 qui
725 1917 758 1946 in
790 1927 846 1956 spe
876 1921 908 1947 et
930 1916 1103 1947 tolerantia

132 1957 287 1989 fundatus
319 1963 376 1990 est.
429 1958 524 1997 Quod
557 1959 644 1990 enim
678 1962 745 1989 tam
779 1958 872 1999 pauci
906 1958 945 1989 ad
979 1958 1103 1990 Christi

133 1999 286 2031 iudicium
309 2002 433 2032 animos
449 2001 634 2040 advertunt,
657 2001 732 2032 inde
755 2002 791 2032 fit
813 2002 888 2041 quia
911 2001 987 2032 dum
1011 2012 1102 2042 prae-

133 2043 245 2083 cipites
278 2043 428 2075 feruntur
460 2045 646 2084 importuna
679 2055 737 2076 sua
771 2044 962 2083 cupiditate,
1005 2043 1103 2076 simul
1129 2049 1131 2065 ³

133 2092 210 2117 sunt
240 2086 437 2118 tumultuosi.
481 2087 570 2127 Ergo
601 2097 663 2127 pax
693 2087 755 2119 ista
784 2087 947 2118 silentium
976 2092 1025 2118 est
1048 2097 1103 2127 pa-

133 2132 223 2160 catae
252 2129 378 2160 animae
401 2139 482 2169 quae
506 2130 539 2160 in
562 2130 624 2161 Dei
647 2130 746 2162 verbo
769 2130 951 2170 acquiescit.
999 2129 1104 2169 Quae-

133 2171 217 2202 ritur
248 2171 407 2211 quomodo
436 2172 576 2204 inveniri
607 2173 765 2213 quispiam
796 2173 898 2213 possit
928 2183 947 2203 a
973 2172 1104 2204 Christo

133 2214 435 2254 irreprehensibilis,
465 2225 564 2254 quum
594 2220 640 2247 tot
662 2216 751 2247 vitiis
774 2215 956 2247 laboremus
978 2225 1103 2246 omnes:

134 2257 189 2287 sed
227 2257 346 2288 Petrus
392 2257 444 2288 hic
481 2267 614 2298 scopum
651 2262 778 2290 tantum
814 2258 1023 2295 demonstrat,
1064 2258 1104 2289 ad

134 2309 227 2338 quem
265 2300 397 2331 tendere
437 2299 548 2331 fideles
589 2306 725 2342 oportet,
763 2306 926 2341 utcunque
964 2311 1105 2340 eousque

135 2351 201 2372 non
224 2343 420 2383 pertingant,
449 2342 548 2375 donec
570 2352 667 2375 carne
689 2354 747 2375 sua
770 2344 870 2381 exuti,
895 2343 1025 2375 Christo
1049 2354 1104 2384 pe·

135 2384 223 2416 nitus
246 2385 453 2417 adhaereant.

221 2427 270 2459 15.
293 2427 425 2459 Domini
447 2429 546 2460 nostri
567 2428 769 2460 tolerantiam.
812 2428 920 2461 Sumit
942 2429 1024 2460 illud
1047 2439 1105 2469 pro

135 2469 288 2507 confesso,
316 2471 483 2502 Christum
507 2471 578 2502 ideo
601 2470 685 2502 diem
709 2471 867 2503 adventus
889 2472 939 2503 sui
963 2472 1102 2510 differre,

135 2512 210 2552 quia
240 2513 353 2544 salutis
382 2519 512 2545 nostrae
543 2514 702 2545 rationem
734 2514 865 2546 habeat:
899 2515 974 2546 iude
1003 2515 1105 2555 igitur

135 2555 257 2585 animat
280 2555 398 2595 fideles,
433 2557 515 2597 quod
538 2557 572 2588 in
596 2556 740 2597 longiore
763 2567 861 2595 mora,
893 2557 1005 2588 salutis
1028 2567 1104 2588 suae

134 2597 264 2638 signum
298 2597 447 2630 habeant.
499 2599 551 2631 Ita
583 2600 668 2640 quod
704 2599 808 2631 taedio
841 2600 990 2640 frangere
1025 2600 1105 2631 alios

135 2642 225 2678 solet,
249 2640 425 2680 prudenter
447 2646 610 2683 retorquet
633 2643 666 2674 in
690 2642 884 2674 contrariam
910 2647 1044 2682 partem.

224 2684 487 2723 Quemadmodum
502 2688 529 2716 et
543 2685 680 2717 dilectus.
710 2685 819 2717 Facile
842 2695 941 2725 quum
961 2695 1000 2716 ex
1024 2684 1105 2716 mul-

1012 234 1162 267 CAPUT
1186 234 1249 266 111.

2070 236 2133 268 478

1155 331 1197 361 tis
1220 329 1306 368 locis,
1331 334 1399 360 tum
1424 339 1463 361 ex
1488 331 1624 370 epistola
1647 332 1687 363 ad
1713 332 1850 364 Galatas
1872 331 2022 372 colligere
2046 332 2132 371 licet,

1156 372 1332 404 nebulones
1349 373 1401 412 qui
1419 373 1537 413 passim
1554 373 1745 406 oberrabant
1768 375 1808 406 ad
1832 374 2009 406 turbandae
2033 375 2131 406 eccle-

1156 416 1236 453 sias,
1271 419 1307 446 ut
1341 414 1436 447 fidem
1472 416 1575 447 Paulo
1610 415 1831 455 detraherent,
1865 417 1925 449 hoc
1960 422 2131 457 praetextu

1156 458 1271 490 abusos
1304 469 1382 496 esse,
1423 459 1507 498 quod
1545 458 1592 489 illi
1630 459 1739 490 minus
1773 461 1854 491 bene
1889 470 1961 491 cum
1998 460 2131 500 reliquis

1156 500 1308 540 apostolis
1331 502 1528 532 conveniret.
1574 501 1663 541 Ergo
1687 502 1850 542 probabile
1873 507 1931 540 est,
1965 503 2083 534 factam
2111 514 2130 534 a

1157 543 1255 575 Petro
1286 544 1485 575 mentionem
1510 544 1605 575 Pauli
1633 554 1710 582 esse,
1742 545 1782 575 ad
1805 546 1984 576 testandum
2008 546 2129 577 utrius-

1156 596 1217 626 que
1251 596 1459 618 consensum:
1504 597 1577 618 nam
1609 587 1766 618 eiusmodi
1802 587 1983 619 calumniae
2017 599 2130 620 ansam

1156 628 1340 668 praecidere
1370 629 1540 670 plusquam
1573 640 1704 661 necesse
1736 630 1808 661 fuit.
1854 630 1898 660 Et
1921 634 2029 662 tamen
2053 630 2131 662 dum

1157 672 1265 702 omnia
1289 672 1420 711 propius
1444 672 1599 712 expendo,
1635 672 1716 704 mihi
1747 674 1784 704 fit
1814 672 2024 704 verisimilius
2048 674 2132 706 hanc

1158 713 1328 753 epistolam
1352 725 1392 745 ex
1409 715 1498 746 Petri
1522 726 1619 747 sensu
1644 715 1683 746 ab
1705 715 1767 747 alio
1791 715 2010 754 compositam,
2035 726 2131 755 quam

1157 757 1197 788 ab
1226 767 1264 788 eo
1292 757 1445 797 scriptam
1475 768 1554 789 esse.
1599 758 1774 798 Nunquam
1802 758 1888 789 enim
1912 758 1957 789 sic
1980 758 2131 798 loquutus

1157 799 1270 831 fuisset
1293 799 1426 831 Petrus:
1458 801 1512 832 sed
1537 800 1617 831 mihi
1641 801 1761 833 sufficit
1783 803 1898 832 testem
1921 799 2040 832 habere
2063 806 2132 832 tum

1158 842 1323 874 doctrinae
1354 843 1463 882 ipsius,
1495 848 1561 874 tum
1587 843 1773 881 voluntatis,
1806 844 1860 884 qui
1885 843 1967 874 nihil
1991 844 2132 883 proferat

1158 885 1401 917 dissentaneum
1425 886 1464 916 ab
1488 886 1527 917 iis
1550 896 1631 926 quae
1656 886 1800 918 dicturus
1823 889 1892 917 erat
1914 886 1992 926 ipse.

1246 928 1295 959 16.
1326 927 1368 959 In
1401 929 1512 967 quibus
1545 932 1616 960 sunt
1644 929 1804 969 quaedam.
1857 929 1929 960 Hoc
1959 928 2133 960 relativum

1157 970 1351 1011 epistolis
1380 981 1444 1002 non
1475 972 1640 1003 convenit:
1675 977 1724 1003 est
1755 973 1840 1003 enim
1869 976 2023 1003 neutrum
2047 972 2133 1012 apud

1158 1013 1309 1045 Graecos.
1357 1012 1479 1045 Sensus
1510 1018 1566 1052 est,
1598 1015 1635 1046 In
1663 1015 1714 1046 bis
1738 1015 1834 1046 rebus
1857 1024 1996 1055 quarum
2021 1014 2133 1045 memi-

1158 1057 1206 1088 nit
1239 1056 1469 1088 obscuritatem
1504 1057 1668 1088 interdum
1698 1058 1837 1094 subesse,
1873 1068 1913 1088 ex
1945 1067 2009 1097 qua
2043 1067 2132 1089 occa-

1157 1100 1283 1131 sionem
1313 1099 1433 1130 indocti
1463 1100 1619 1139 arripiant
1648 1101 1682 1131 in
1714 1111 1808 1132 suum
1831 1100 1966 1132 exitium
1991 1100 2131 1132 errandi.

1159 1142 1284 1182 Quibus
1315 1142 1424 1174 verbis
1458 1152 1637 1181 monemur,
1667 1143 1770 1174 sobrie
1802 1145 1836 1174 in
1868 1143 1918 1174 bis
1946 1143 2042 1174 rebus
2067 1148 2132 1174 tam

1158 1186 1232 1217 altis
1263 1190 1295 1216 et
1325 1185 1469 1217 obscuris
1499 1185 1792 1225 philosophandum
1824 1195 1905 1218 esse:
1938 1185 2054 1217 deinde
2077 1186 2131 1216 ad-

1158 1238 1273 1260 versus
1298 1228 1357 1259 hoc
1379 1238 1483 1268 genus
1507 1228 1649 1260 scandali
1673 1230 1837 1269 erigimur,
1869 1239 1909 1259 ne
1935 1228 2054 1260 stultae
2077 1228 2131 1260 vel

1159 1271 1316 1303 absurdae
1347 1270 1552 1310 quorundam
1584 1271 1819 1311 speculationes
1846 1281 1904 1302 nos
1928 1270 2130 1311 perturbent,

1158 1314 1275 1354 quibus
1292 1314 1461 1353 implicant
1477 1324 1513 1345 ac
1529 1319 1744 1354 contorquent
1759 1314 1938 1354 simplicem
1952 1313 2132 1345 doctrinam

1158 1367 1241 1397 quae
1261 1356 1476 1388 aedificationi
1500 1357 1622 1388 servire
1646 1357 1810 1389 debuerat.
1848 1357 2008 1388 Notemus
2024 1362 2132 1388 autem

1159 1409 1223 1430 uon
1255 1400 1357 1432 arceri
1389 1410 1448 1431 nos
1471 1409 1491 1430 a
1514 1399 1651 1431 lectione
1675 1400 1884 1440 epistolarum
1909 1399 2012 1437 Pauli,
2047 1399 2133 1439 quod

1159 1442 1316 1474 nonnulla
1347 1443 1535 1475 contineant
1569 1443 1670 1474 ardua
1704 1448 1735 1474 et
1772 1443 1938 1474 intellectu
1972 1442 2132 1473 difficilia:

1158 1485 1214 1517 sed
1245 1486 1353 1526 potius
1382 1485 1474 1516 nobis
1499 1485 1728 1524 commendari,
1759 1485 1853 1517 modo
1876 1485 2019 1517 sedatam
2044 1495 2134 1516 men-

1158 1532 1223 1559 tem
1240 1538 1276 1560 ac
1297 1528 1433 1560 docilem
1458 1528 1642 1560 afferamus.
1678 1529 1784 1560 Leves
1809 1529 1894 1560 enim
1918 1539 1955 1560 ac
1978 1527 2133 1560 volaticos

1159 1571 1305 1602 homines
1339 1571 1472 1602 damnat
1506 1571 1632 1609 Petrus,
1667 1572 1723 1611 qui
1757 1576 1961 1612 praepostere
1996 1571 2030 1601 in
2064 1571 2132 1602 exi-

1159 1615 1239 1645 tium
1274 1625 1369 1645 suum
1404 1614 1597 1654 detorquent
1631 1625 1712 1655 quae
1744 1620 1820 1645 sunt
1851 1613 2000 1645 omnibus
2031 1613 2132 1644 utilia.

1158 1657 1228 1688 Imo
1259 1657 1319 1688 hoe
1350 1657 1545 1698 generaliter
1575 1658 1609 1688 in
1640 1660 1709 1689 tota
1739 1658 1898 1697 scriptura
1932 1656 2002 1688 fieri
2036 1656 2131 1687 dicit:

1158 1710 1263 1740 neque
1287 1705 1396 1731 tamen
1419 1700 1494 1731 iude
1517 1700 1649 1740 colligit,
1679 1700 1907 1731 abstinendum
1929 1699 1969 1730 ab
1991 1709 2029 1730 ea
2052 1709 2132 1740 esse,

1157 1743 1213 1775 sed
1248 1745 1376 1774 tantum
1411 1743 1602 1784 corrigenda
1633 1753 1702 1774 esse
1732 1743 1812 1774 vitia
1842 1743 1933 1773 docet
1956 1752 2037 1782 quae
2060 1752 2134 1782 pro-

1157 1786 1275 1817 fectum
1299 1786 1496 1826 impediunt:
1521 1796 1626 1826 neque
1646 1786 1678 1817 id
1704 1786 1808 1824 modo,
1831 1785 1887 1817 sed
1914 1785 2013 1816 etiam
2037 1784 2132 1816 letale

1158 1828 1250 1860 nobis
1273 1829 1412 1860 reddunt
1437 1828 1521 1869 quod
1538 1829 1629 1860 Deus
1653 1829 1686 1860 in
1710 1829 1845 1860 salutem
1870 1834 2012 1860 nostram
2036 1826 2133 1858 desti-

1157 1873 1257 1903 navit.
1304 1871 1482 1911 Quaeritur
1505 1876 1615 1903 tamen
1639 1871 1724 1903 unde
1746 1872 1808 1902 ista
1831 1871 2025 1903 obscuritas:
2055 1880 2132 1901 nam

1157 1915 1318 1954 scriptura
1341 1915 1444 1946 instar
1467 1914 1626 1955 lampadis
1661 1915 1752 1946 nobis
1785 1914 1940 1954 refulget,
1977 1915 2128 1953 certoque

1157 1968 1287 1998 gressus
1317 1961 1446 1989 nostros
1470 1958 1589 1998 dirigit.
1633 1957 1837 1997 Respondeo,
1872 1957 1952 1987 nihil
1976 1966 2045 1987 esse
2069 1956 2131 1987 mi-

1156 2011 1228 2031 rum
1256 2000 1283 2031 si
1306 2001 1399 2041 regni
1423 2000 1544 2032 Christi
1569 2001 1733 2041 mysteriis
1756 2000 1985 2031 obscuritatem
2009 1998 2130 2031 Petrus

1157 2043 1327 2075 attribuat:
1363 2044 1554 2083 praesertim
1577 2044 1603 2074 si
1627 2048 1816 2083 reputemus
1839 2046 1998 2082 quantum
2023 2041 2090 2072 sint
2113 2052 2131 2073 a

1157 2097 1253 2118 sensu
1291 2087 1399 2118 carnis
1437 2086 1641 2119 abscondita:
1683 2085 1810 2116 modum
1849 2091 1956 2116 tamen
1995 2083 2131 2116 docendi

1158 2139 1252 2169 quem
1277 2133 1365 2160 tenet
1388 2129 1488 2170 Deus,
1523 2130 1568 2160 sic
1592 2134 1803 2168 temperatum
1828 2138 1907 2165 esse,
1943 2132 1979 2158 ut
2002 2127 2129 2167 conspi-

1157 2182 1250 2204 cuam
1282 2172 1348 2203 illic
1371 2172 1474 2203 lucem
1499 2171 1639 2203 habeant
1661 2171 1843 2211 quicunque
1867 2171 2016 2210 spiritum
2040 2180 2131 2201 sanc-

1158 2219 1228 2246 tum
1254 2215 1323 2246 viae
1346 2214 1460 2246 ducem
1484 2215 1574 2255 sequi
1599 2224 1663 2245 non
1687 2216 1846 2245 recusant.
1889 2213 1986 2244 Multi
2006 2212 2131 2244 interea

1157 2257 1244 2289 caeci
1278 2262 1352 2289 sunt
1386 2258 1441 2298 qui
1475 2258 1659 2297 impingunt
1692 2257 1725 2286 in
1759 2257 1829 2296 ipso
1861 2255 2004 2287 meridie.
2062 2255 2130 2286 Alii

1158 2300 1287 2340 superbi
1311 2301 1364 2340 qui
1388 2311 1444 2341 per
1468 2301 1562 2331 devia
1585 2303 1751 2339 vagantes,
1774 2303 1806 2330 et
1827 2299 2003 2340 quamlibet
2025 2297 2128 2329 ardua

1158 2343 1407 2381 transvolantes,
1431 2353 1464 2374 se
1488 2342 1710 2383 praecipitant.

1245 2386 1293 2417 17.
1318 2386 1378 2418 Vos
1400 2386 1496 2427 iyitur
1513 2385 1621 2416 dilecti.
1660 2385 1839 2424 Postquam
1857 2383 2003 2415 fidelibus
2018 2384 2128 2415 osten-

1158 2428 1206 2460 dit
1239 2429 1382 2469 pericula
1416 2440 1434 2460 a
1467 2429 1582 2469 quibus
1612 2427 1793 2459 cavendum
1823 2431 1905 2462 erat,
1940 2437 2026 2458 nuuc
2055 2436 2127 2457 con-

1158 2471 1268 2509 cludit,
1292 2477 1328 2503 ut
1350 2473 1466 2503 moniti
1490 2471 1626 2511 sapiant.
1673 2469 1739 2502 Sed
1762 2470 1931 2510 vigilantia
1953 2479 2032 2508 opus
2057 2479 2127 2500 esse

1159 2514 1260 2552 docet,
1291 2525 1332 2546 ne
1361 2515 1596 2554 opprimantur.
1642 2513 1685 2543 Et
1708 2518 1794 2544 certe
1816 2512 1919 2543 hostis
1942 2512 2046 2542 nostri
2070 2521 2125 2542 va-

1158 2558 1270 2594 frities,
1304 2560 1350 2588 tot
1380 2568 1416 2589 ac
1446 2563 1513 2588 tam
1544 2555 1737 2595 multiplices
1765 2555 1900 2586 insidiae
1930 2554 2046 2594 quibus
2070 2564 2128 2585 nos

1159 2599 1314 2637 adoritur,
1345 2600 1518 2639 impiorum
1550 2599 1714 2629 hominum
1739 2598 1902 2638 captiones
1925 2597 2052 2628 nullum
2077 2607 2126 2627 se-

1158 2642 1289 2674 curitati
1319 2642 1424 2674 locum
1456 2642 1658 2680 relinquunt:
1689 2651 1765 2681 ergo
1797 2640 1940 2681 agendae
1971 2644 2048 2672 sunt
2071 2651 2129 2671 ex-

1158 2686 1285 2722 cubiae,
1327 2695 1367 2715 ne
1407 2684 1446 2716 ad
1488 2694 1546 2715 nos
1583 2683 1880 2716 circumveniendos
1918 2683 2130 2723 praevaleant
