2513 3126
274 203 332 234 115

271 301 361 332 nobis
386 308 430 332 est
449 299 672 332 formidabilis:
696 303 726 328 ct
743 297 796 327 via
813 296 851 328 ad
870 306 936 326 eam
962 295 1040 327 nihil
1061 306 1156 336 quam
1174 298 1240 328 exi-

271 345 356 375 tialis
381 348 427 375 cst
454 342 668 383 labyrinthus,
694 341 794 371 donec
812 339 934 370 Christi
959 339 1117 379 sanguine
1138 339 1242 379 placa-

273 395 340 418 tum
374 387 462 417 nobis
492 386 630 415 sciamus
661 393 744 421 esse,
775 389 807 413 et
837 382 920 412 idem
952 383 1086 422 sanguis
1116 381 1240 413 facilem

273 429 364 460 nobis
384 437 544 459 necessum
563 426 722 466 praebeat.
759 425 883 456 Omnes
898 424 994 455 etiam
1013 424 1120 456 cultus
1136 425 1241 457 vitiosi

272 478 347 503 sunt
370 481 405 502 ac
428 469 557 510 impuri.
586 469 646 500 nisi
671 468 823 500 Christus
847 467 1016 507 sanguinis
1039 467 1088 498 sui
1111 466 1241 508 adsper-

272 516 359 545 sione
378 523 430 543 ros
450 511 591 543 mundet.
631 511 714 542 Nam
737 510 978 542 tabernaculum
996 509 1132 541 visibilis
1148 519 1242 550 quae-

273 558 345 587 dum
376 556 481 596 imago
504 554 567 586 Dei
596 554 674 585 suit:
706 563 815 585 vasa
848 552 1115 583 ministerii
1144 558 1179 583 ut
1202 553 1240 584 ad

272 609 344 629 oum
368 598 537 629 colendum
563 602 657 629 erant
680 597 851 631 destinata,
876 596 922 626 sic
941 596 1009 626 veri
1034 594 1141 626 cultus
1157 604 1242 636 sym-

273 642 344 672 bola
371 645 473 672 eraut.
519 640 613 679 Quod
644 640 669 670 si
703 639 784 670 nihil
815 648 925 669 eorum
957 637 1076 678 populo
1100 637 1242 670 salutare

271 691 341 716 erat
364 684 434 715 sine
457 684 622 723 sanguine,
647 682 722 714 hinc
738 681 830 714 facile
846 681 1037 721 colligimus,
1061 680 1115 711 ubi
1131 679 1240 712 Ohris-

272 734 323 758 tus
347 736 420 758 cum
444 726 602 765 sanguine
625 735 682 756 suo
706 735 769 756 non
794 726 937 764 apparet,
962 723 1042 754 nihil
1067 723 1158 755 nobis
1173 733 1242 756 esse

271 779 344 801 cnm
369 769 450 801 Deo.
496 769 551 799 Sic
582 778 684 808 neque
715 768 863 799 doctrina
885 767 962 806 ipsa,
992 772 1158 806 utcunque
1181 766 1240 798 im-

272 812 438 844 mutabilis
456 813 495 842 sit
513 811 574 841 Dei
592 812 751 849 voluntas,
771 809 863 842 nobis
879 819 916 841 ac
932 810 962 840 in
980 819 1075 840 usum
1092 814 1240 841 nostrum

271 856 386 887 efficax
414 855 482 892 erit,
512 854 574 885 nisi
598 854 756 895 sanguiue
779 852 938 884 dedicata:
970 851 1239 892 quemadmodum

275 900 334 930 hoc
367 898 464 929 verbo
505 897 621 928 melius
662 897 865 937 exprimitur.
921 895 996 926 Scio
1037 895 1116 926 alios
1150 904 1240 927 secus

273 940 489 982 interpretari.
545 939 628 971 Nam
667 939 732 971 illis
767 938 1010 970 tabernaculum
1044 943 1093 969 est
1126 947 1241 978 corpus

273 985 436 1017 ecclesiae:
454 993 532 1014 vasa
545 982 664 1023 singuli
675 982 795 1020 fideles,
809 991 945 1022 quorum
959 980 1050 1011 Deus
1062 981 1241 1012 ministerio

272 1028 384 1058 utitur.
421 1025 486 1057 Sed
510 1025 590 1056 illud
614 1025 697 1066 quod
722 1025 798 1060 dixi,
823 1025 917 1064 longe
941 1024 1047 1063 aptius
1063 1029 1121 1055 est.
1160 1022 1239 1055 Nam

272 1069 398 1110 quoties
428 1068 628 1100 invocandus
659 1073 728 1099 erat
759 1068 858 1105 Deus,
886 1067 925 1098 ad
956 1067 1177 1098 sanctuarium
1207 1076 1241 1097 se

273 1112 449 1144 vertebant.
506 1112 550 1143 Et
583 1111 660 1142 trita
695 1116 744 1142 est
777 1110 833 1141 illa
867 1110 1027 1149 loquutio,
1061 1109 1174 1140 sistere
1207 1119 1241 1140 se

272 1165 379 1187 coram
403 1155 484 1186 facie
506 1153 650 1189 Domini.
673 1163 771 1194 quum
794 1153 828 1184 in
853 1152 973 1192 templo
997 1156 1198 1192 apparerent.

356 1197 407 1230 20.
441 1197 580 1238 Sanquis
610 1197 781 1229 testamenti
810 1196 890 1235 quod
912 1195 1081 1226 mandavit.
1129 1193 1164 1226 Si
1188 1194 1241 1226 ille

273 1242 406 1282 sanguis
447 1241 648 1272 testamenti:
691 1249 767 1280 ergo
807 1249 867 1270 nec
900 1242 1130 1269 testamentum
1172 1238 1241 1268 sins

272 1284 430 1325 sanguine
464 1286 571 1314 ratum
603 1288 664 1319 est,
700 1292 758 1314 nec
787 1282 919 1322 sanguis
949 1282 1018 1312 sine
1048 1285 1240 1312 testamento

273 1327 312 1358 ad
343 1326 560 1367 expiationem
585 1326 680 1356 valet.
726 1325 803 1356 Ideo
832 1334 964 1356 necesse
994 1328 1043 1355 est
1069 1328 1241 1364 utrumque

272 1370 432 1410 coniungi.
485 1369 529 1400 Et
558 1369 708 1400 videmus
741 1368 870 1400 nonnisi
905 1367 1052 1406 exposita
1085 1366 1156 1407 lege
1189 1366 1241 1397 ad-

273 1412 375 1443 ditum
403 1413 501 1443 fuisse
524 1412 716 1453 symbolum.
763 1410 868 1449 Quale
892 1410 979 1441 enim
1003 1414 1240 1440 sacramentum

273 1456 363 1492 foret,
397 1455 460 1486 nisi
493 1460 671 1495 praeeunte
705 1453 827 1485 verbo?
884 1452 1025 1484 Proinde
1059 1451 1240 1492 symbolum

272 1498 430 1538 quaedam
461 1497 501 1529 ad
525 1498 657 1529 verbum
687 1497 826 1529 accessio
856 1500 913 1527 est.
959 1495 1003 1526 Et
1025 1495 1160 1527 observa
1182 1494 1242 1526 hoc

274 1541 407 1572 verbum
439 1551 503 1572 non
535 1541 574 1571 ad
606 1541 764 1581 magicam
788 1539 1043 1570 incantationem
1068 1539 1241 1578 susurrari,

274 1584 329 1615 sed
348 1584 436 1616 clara
452 1593 527 1615 voce
547 1584 697 1623 proferri:
722 1581 994 1623 quemadmodum
1012 1581 1130 1622 populo
1147 1581 1240 1612 desti-

273 1632 380 1667 natur,
412 1627 457 1658 ita
487 1626 583 1658 verba
617 1630 734 1658 sonant
767 1625 921 1656 foederis:
957 1624 1084 1663 Quod
1120 1622 1241 1655 Deus

273 1680 305 1700 m
319 1679 369 1700 an
384 1668 515 1700 davit
545 1680 564 1700 v
579 1668 688 1700 obis.
734 1668 844 1708 Quare
871 1677 1044 1708 perversus
1067 1671 1116 1698 est
1138 1676 1240 1698 sacra-

273 1717 456 1744 mentorum
487 1712 621 1749 abusus,
654 1712 798 1752 adeoque
827 1711 928 1751 impia
957 1710 1153 1750 corruptela,
1188 1709 1241 1741 ubi

274 1755 363 1786 nulla
400 1755 530 1786 auditur
567 1755 711 1786 mandati
749 1754 920 1794 expositio.
959 1763 1040 1793 quae
1074 1758 1122 1784 est
1155 1752 1242 1784 velut

274 1799 466 1829 sacramenti
504 1799 620 1830 anima.
667 1797 777 1837 Quare
810 1797 966 1838 papistae,
1000 1796 1055 1836 qui
1090 1806 1108 1827 a
1141 1795 1242 1836 signis

275 1851 385 1872 veram
420 1851 527 1872 rerum
559 1840 809 1882 intelligentiam
841 1839 971 1877 tollunt,
1007 1842 1134 1870 mortua
1163 1838 1242 1869 dun-

276 1889 365 1915 taxat
387 1884 546 1915 elementa
561 1884 713 1915 retinent.
751 1883 859 1915 Locus
878 1882 931 1913 hic
946 1883 1109 1920 admonet,
1131 1891 1243 1912 omnes

276 1926 337 1956 Dei
370 1927 598 1967 promissiones
632 1931 711 1958 tunc
745 1926 876 1958 demum
908 1925 1004 1957 utiles
1038 1924 1130 1956 uobis
1164 1934 1242 1960 esse,

276 1968 351 1998 dum
373 1979 414 1999 ex
430 1969 555 2001 Christi
579 1970 738 2010 sanguine
757 1969 893 2001 accessit
908 1967 1120 1999 confirmatio.
1158 1966 1242 1998 Nam

276 2010 359 2050 quod
392 2011 426 2041 in
461 2011 592 2043 Christo
626 2013 748 2043 Paulus
781 2022 892 2043 omnes
926 2012 985 2042 Dei
1016 2010 1244 2050 promissiones

279 2053 387 2084 Etiam
411 2059 442 2085 et
465 2055 571 2085 Amen
594 2065 663 2086 esse
688 2060 824 2086 testatur
847 2054 891 2094 (2.
916 2054 989 2086 Cor.
1014 2054 1043 2092 1,
1066 2053 1130 2094 20),
1153 2052 1186 2083 id
1208 2052 1245 2083 fit

278 2106 376 2136 quum
406 2097 475 2128 eius
506 2098 646 2137 sanguis,
678 2098 780 2128 instar
811 2098 918 2138 sigilli,
948 2096 1099 2128 cordibus
1128 2095 1244 2127 nostris

278 2139 457 2179 insculptus
486 2145 551 2170 est:
583 2140 633 2171 vel
661 2150 759 2179 quum
784 2149 850 2170 non
875 2145 1001 2170 tantum
1026 2138 1175 2170 audimus
1199 2137 1244 2169 lo-

279 2187 429 2221 quentem
452 2181 570 2216 Deum.
595 2182 650 2214 sed
674 2182 842 2213 Christum
866 2182 1028 2213 cernimus
1050 2192 1085 2214 se
1108 2181 1245 2213 offeren-

279 2231 342 2254 tem
367 2225 400 2254 in
424 2225 542 2265 pignus
565 2235 674 2256 eorum
699 2234 778 2264 quae
802 2224 963 2256 dicuntur.
1005 2224 1095 2256 Haec
1119 2228 1244 2254 tantum

278 2267 430 2306 cogitatio
454 2269 481 2298 si
504 2268 537 2298 in
562 2274 699 2299 mentem
724 2268 815 2298 nobis
834 2267 969 2303 veniret,
994 2277 1054 2298 non
1074 2270 1141 2298 tam
1161 2272 1245 2297 atra-

279 2314 388 2340 mento
419 2320 514 2350 quam
545 2311 591 2341 fiii
614 2309 676 2341 Dei
707 2310 864 2351 sanguine
887 2310 1040 2349 scriptum
1065 2320 1134 2341 esse
1157 2308 1245 2349 quid·
1271 2330 1273 2335 »

280 2353 355 2392 quid
385 2353 540 2394 legimus:
575 2363 672 2393 quum
704 2352 909 2393 evangelium
940 2352 1152 2392 praedicatur,
1183 2361 1246 2382 una

280 2405 351 2426 cum
383 2406 459 2427 voce
489 2406 616 2427 sacrum
647 2395 738 2427 illum
769 2395 959 2436 sauguinem
984 2395 1123 2426 stillare:
1153 2395 1246 2434 longe

280 2439 381 2468 maior
415 2444 524 2470 nostra
558 2443 642 2470 esset
675 2445 743 2469 tum
775 2438 922 2477 attentio⁷
954 2442 1023 2468 tum
1055 2437 1245 2468 reverentia.

282 2480 388 2512 Huius
410 2482 456 2513 rei
473 2481 655 2522 symbolum
674 2481 736 2512 fuit
755 2481 919 2521 adspersio
935 2480 1000 2518 illa,
1016 2480 1108 2511 cuius
1124 2479 1246 2510 mentio

281 2524 318 2553 fit
358 2524 442 2564 apud
485 2525 620 2555 Mosem.
677 2523 881 2564 Quamquam
918 2523 990 2563 plus
1023 2522 1076 2553 hic
1109 2522 1247 2553 habetur

281 2576 376 2605 quam
394 2567 495 2598 Mosis
517 2567 618 2598 verba
640 2567 834 2607 exprimant.
874 2566 986 2606 Neque
1009 2566 1094 2596 enim
1118 2565 1246 2603 librum,

282 2609 337 2639 sed
362 2609 514 2649 populum
539 2611 636 2641 fuisse
658 2610 847 2650 adspersum
870 2614 997 2640 narrat:
1022 2618 1125 2648 neque
1142 2607 1246 2639 hircos

283 2653 435 2684 nominat.
461 2662 562 2692 neque
585 2653 694 2683 lanam
717 2653 909 2688 coccineam,
933 2661 1039 2692 neque
1058 2651 1245 2692 hyssopum.

1016 200 1155 233 EPIST.
1182 201 1243 232 ΑΙ)
1269 200 1517 232 HEBRAEOS

2202 205 2259 236 116

1295 296 1387 336 Quod
1413 296 1450 328 ad
1476 295 1592 327 librum
1616 302 1754 337 spectat:
1779 299 1838 329 etsi
1855 298 1940 330 clare
1957 309 2019 330 non
2038 303 2142 339 potest
2157 301 2259 331 evinci

1295 342 1362 371 eius
1392 339 1566 380 adspersio,
1597 340 1752 380 probabili
1783 346 1889 372 tamon
1921 342 2104 373 coniectura
2135 341 2260 373 elicitur

1296 393 1335 414 ex
1360 393 1397 413 eo
1420 381 1502 422 quod
1528 381 1646 413 dicitur
1663 383 1770 415 Moses
1788 394 1860 415 oum
1878 384 2050 424 protulisse
2068 385 2102 415 in
2119 384 2259 416 medium

1295 430 1465 466 postquam
1501 425 1753 463 sacrificaverat,
1789 426 1883 467 idque
1913 431 1945 458 ut
1977 427 2100 458 solenni
2131 427 2262 467 stipula-

1295 469 1380 499 tione
1411 467 1564 508 populum
1590 467 1658 499 Deo
1684 468 1908 510 obstringeret.
1954 469 2050 508 Quod
2074 469 2113 501 ad
2137 470 2261 509 reliqua

1295 512 1424 548 attinct,
1456 509 1586 541 videtur
1614 510 1695 542 mihi
1723 512 1887 552 apostolus
1916 514 2023 544 varias
2054 512 2261 553 expiationes,

1295 563 1429 593 quarum
1462 552 1571 583 eadem
1605 558 1675 584 erat
1697 556 1787 593 ratio,
1818 556 2050 595 permiscuisse.
2096 555 2163 587 Nec
2186 565 2262 586 sane

1294 596 1327 626 in
1368 606 1404 627 co
1444 595 1619 636 quidquam
1661 602 1709 628 est
1749 597 1897 629 absurdi:
1938 609 2035 639 quum
2077 598 2261 639 generalem

1295 639 1514 679 quaestionem
1537 643 1654 670 tractet
1673 639 1712 670 de
1727 641 1845 672 veteris
1861 641 2046 672 testamenti
2063 642 2261 682 purgatione,

1295 691 1376 722 quae
1400 692 1456 722 per
1471 682 1664 722 sanguinem
1681 682 1787 714 fiebat.
1826 683 1920 723 Quod
1940 686 2047 715 autem
2065 694 2103 714 ex
2123 683 2263 724 hyssopo

1295 724 1525 765 adspergillum
1557 724 1661 761 fiebat,
1693 730 1725 756 et
1754 725 1828 757 lana
1856 728 2012 763 coccinea,
2044 737 2106 758 non
2131 726 2262 757 dubium

1295 771 1343 799 est
1374 769 1450 808 quin
1483 767 1650 808 mysticam
1679 768 1902 809 adsperginem
1927 779 2008 810 quae
2032 771 2068 801 fit
2091 779 2148 810 per
2170 769 2263 808 spiri·

1295 815 1374 850 tum,
1406 810 1705 850 repraesentaverit.
1751 810 1880 844 Scimus
1907 812 2082 853 hyssopum
2107 811 2263 851 singulari

1295 853 1455 894 purgandi
1480 857 1511 884 et
1535 853 1732 894 excoquendi
1756 854 1897 886 efficacia
1920 854 2056 895 pollere:
2080 855 2126 886 ita
2149 854 2263 886 Chris·

1295 900 1348 927 tus
1378 896 1492 936 spiritu
1523 905 1581 927 suo
1606 896 1675 928 vice
1707 896 1895 938 adspergilli
1920 898 2023 929 utitur
2047 897 2086 928 ad
2111 907 2167 928 nos
2191 908 2263 928 sau·

1294 940 1391 980 guine
1422 948 1478 969 suo
1507 938 1692 977 abluendos,
1721 939 1796 970 dum
1820 941 1904 971 serio
1926 941 2144 980 poenitentiae
2168 950 2264 970 sensu

1295 992 1353 1013 nos
1395 982 1508 1021 afficit,
1550 981 1626 1012 dum
1662 983 1813 1022 excoquit
1846 992 1964 1023 pravas
1998 983 2102 1014 carnis
2138 989 2265 1014 nostrae

1294 1025 1495 1065 cupiditates,
1527 1024 1603 1055 dum
1636 1025 1775 1065 pretioso
1806 1025 1947 1056 iustitiae
1978 1035 2055 1056 suae
2077 1024 2182 1057 colore
2207 1035 2264 1056 nos

1295 1067 1401 1108 tingit,
1434 1078 1538 1108 neque
1567 1067 1651 1098 enim
1682 1066 1721 1098 de
1752 1067 1854 1099 nihilo
1878 1068 1938 1099 hoc
1962 1067 2051 1099 Deus
2071 1068 2264 1099 instituerat.

1296 1110 1369 1141 Huc
1393 1120 1518 1150 quoque
1541 1109 1653 1142 allusit
1675 1109 1782 1141 David
1807 1110 1892 1142 Psal.
1915 1110 1968 1151 51,
1991 1110 2022 1149 9,
2051 1120 2149 1150 quum
2178 1111 2262 1146 dicit,

1296 1153 1482 1193 Adsperges
1501 1163 1552 1184 me
1568 1152 1709 1184 Domine
1728 1153 1879 1194 hyssopo,
1898 1158 1931 1185 et.
1946 1153 2136 1185 mundabor.
2175 1153 2264 1184 Haec

1295 1195 1455 1227 sufficient
1479 1196 1596 1236 quibus
1619 1196 1723 1227 sobrie
1747 1196 1968 1237 philosophari
1991 1196 2119 1227 animus
2143 1202 2199 1227 est.

1380 1238 1430 1269 22.
1455 1238 1499 1270 Et
1514 1238 1742 1278 propemodum
1764 1239 1878 1271 omnia.
1917 1239 2029 1279 Quum
2054 1239 2130 1270 dicit
2154 1248 2265 1279 prope-

1294 1281 1440 1320 modum,
1473 1282 1601 1314 videtur
1635 1281 1778 1314 indicare
1809 1282 1904 1313 aliter
1934 1281 2091 1322 quaedam
2122 1281 2262 1322 purgari.

1295 1324 1339 1355 Et
1380 1330 1465 1356 certe
1498 1334 1580 1365 aqua
1614 1335 1647 1355 se
1679 1330 1711 1355 et
1745 1325 1823 1356 alias
1858 1335 1909 1357 res
1941 1323 2122 1356 immundas
2157 1334 2264 1364 saepe-

1295 1377 1428 1398 numero
1462 1367 1644 1398 abluebant.
1699 1367 1820 1398 Verum
1857 1375 1887 1398 et
1917 1377 2000 1408 aqua
2029 1366 2085 1398 illa
2114 1367 2177 1398 vim
2209 1368 2263 1398 ab·

1294 1409 1404 1440 luendi
1429 1410 1565 1441 habebat
1587 1420 1626 1441 ex
1651 1411 1823 1448 sacrificiis,
1848 1417 1885 1442 ut
1908 1421 1984 1441 vere
2008 1409 2172 1450 apostolus
2196 1415 2264 1440 tan-

1295 1453 1366 1483 dem
1402 1453 1604 1492 pronuntiet,
1638 1453 1759 1484 nullam
1794 1453 1864 1484 sine
1893 1453 2053 1494 sanguine
2084 1452 2184 1483 fuisse
2213 1462 2262 1483 re-

1294 1495 1491 1526 missionem.
1515 1495 1657 1526 Proinde
1673 1496 1895 1537 imputabatur
1910 1495 2143 1532 immundities,
2162 1495 2263 1526 donec

1294 1538 1451 1569 sacrificio
1484 1544 1568 1569 esset
1601 1538 1739 1579 expiata.
1794 1539 1837 1570 Et
1870 1537 2143 1579 quemadmodum
2173 1542 2265 1568 extra

1294 1580 1463 1612 Christum
1489 1591 1552 1611 non
1577 1587 1625 1612 est.
1646 1583 1770 1622 puritas
1790 1591 1895 1622 neque
1914 1581 2010 1617 salus,
2036 1582 2080 1611 ita
2095 1580 2176 1611 nihil
2195 1580 2264 1611 sine

1295 1624 1452 1664 sanguine
1476 1623 1526 1654 vel
1551 1634 1679 1664 purum,
1711 1624 1760 1655 vel
1784 1624 1926 1655 salutare
1950 1634 2019 1655 esse
2042 1623 2160 1664 potuit:
2191 1623 2264 1663 quia

1295 1676 1460 1707 nunquam
1495 1676 1513 1697 a
1547 1667 1660 1697 mortis
1694 1677 1770 1699 suae
1804 1667 1960 1699 sacrificio
1990 1665 2187 1707 separandus
2217 1670 2264 1696 est

1296 1709 1454 1741 Christus.
1505 1708 1571 1740 Sed
1603 1710 1766 1749 apostolus
1800 1710 1990 1750 simpliciter
2021 1709 2125 1741 dicere
2153 1709 2265 1746 voluit,

1297 1753 1361 1784 fere
1384 1762 1511 1792 semper
1535 1751 1716 1783 adhibitum
1740 1752 1837 1784 fuisse
1860 1753 1922 1783 hoc
1938 1752 2133 1792 symbolum.
2171 1752 2266 1791 Quod

1295 1795 1451 1835 siquando
1480 1805 1545 1825 non
1574 1796 1671 1827 fiebat
1702 1796 1860 1837 purgatio,
1893 1794 2105 1826 nihilominus
2135 1801 2204 1826 erat
2232 1795 2266 1826 in

1296 1839 1470 1879 sanguine:
1509 1838 1770 1878 quandoquidem
1809 1849 1921 1870 omnes
1958 1839 2038 1870 ritus
2072 1839 2139 1869 vim
2174 1847 2268 1869 suam

1296 1881 1529 1921 quodammodo
1561 1891 1601 1912 ex
1631 1881 1776 1922 generali
1808 1881 1993 1922 expiatione
2023 1880 2266 1912 mutuabantur.

1297 1923 1378 1954 Nam
1403 1933 1507 1964 neque
1527 1923 1647 1964 singuli
1671 1934 1710 1955 ex
1730 1924 1848 1965 populo
1867 1924 2013 1964 adspersi
2029 1924 2162 1955 fuerunt
2177 1923 2266 1964 (quo-

1296 1966 1391 1998 modo
1407 1966 1493 1997 enim
1509 1966 1634 1998 modica
1649 1968 1818 2008 sanguinis
1835 1967 1937 2007 portio
1956 1966 1996 1998 ad
2015 1969 2139 1998 tantam
2159 1966 2267 1997 multi-

1298 2009 1438 2040 tudinem
1477 2010 1624 2041 sufficere
1658 2009 1831 2050 poteraffi),
1871 2011 2019 2050 purgatio
2053 2015 2162 2040 tamen
2196 2019 2265 2050 per-

1298 2052 1443 2083 veniebat
1473 2052 1570 2083 simul
1602 2052 1642 2083 ad
1672 2062 1795 2084 omnes.
1848 2052 1936 2093 Ergo
1966 2052 2123 2093 particula
2154 2062 2266 2092 prope-

1298 2095 1442 2131 modum,
1475 2095 1664 2126 tantundem
1698 2095 1784 2126 valet
1815 2105 1851 2126 ac
1880 2096 1907 2126 si
1939 2095 2084 2134 dixisset,
2114 2094 2264 2134 frequen-

1299 2138 1455 2168 tissimum
1481 2137 1578 2169 huius
1600 2138 1819 2169 caeremoniae
1843 2147 1938 2169 usum
1957 2138 2066 2176 fuisse,
2090 2142 2124 2168 ut
2139 2147 2177 2169 ea
2193 2147 2265 2168 raro

1298 2181 1494 2212 abstinerent
1517 2181 1550 2211 in
1570 2181 1826 2221 purgationibus.
1866 2180 1948 2212 Nam
1969 2180 2054 2220 quod
2071 2179 2263 2221 Chrysosto-

1299 2233 1369 2254 mus
1398 2224 1675 2264 improprietatem
1706 2223 1750 2254 ita
1780 2224 1884 2254 notari
1911 2229 2010 2263 putat,
2043 2222 2118 2263 quia
2141 2223 2264 2263 figurae

1300 2269 1423 2296 tantum
1456 2266 1521 2297 illic
1545 2266 1677 2297 fuerint:
1710 2265 1850 2297 alienum
1874 2271 1922 2297 est
1946 2277 1965 2297 a
1987 2271 2094 2296 mente
2118 2265 2263 2305 apostoli.

1385 2309 1457 2340 Non
1492 2308 1528 2348 fit
1559 2309 1709 2340 remissio.
1766 2308 1838 2340 Hoc
1872 2308 1966 2339 modo
1998 2307 2154 2348 prohibiti
2189 2314 2265 2339 sunt

1299 2351 1445 2383 homines
1473 2363 1492 2383 a
1514 2352 1576 2383 Dei
1606 2356 1790 2391 conspectu:
1822 2353 1896 2391 quia
1925 2361 1997 2383 cum
2026 2349 2091 2381 illis
2118 2351 2265 2382 omnibus

1298 2394 1367 2425 iure
1394 2395 1543 2426 infensus
1574 2394 1625 2432 sit,
1656 2404 1721 2425 non
1754 2399 1802 2425 est
1824 2403 1882 2425 cur
1910 2393 2010 2425 ullam
2042 2393 2102 2424 sibi
2126 2394 2264 2434 gratiam

1272 2444 1273 2461 1
1299 2437 1382 2477 apud
1406 2448 1478 2469 eum
1502 2437 1700 2477 promittant,
1726 2436 1826 2468 donec
1850 2436 1994 2476 placatus
2017 2436 2125 2466 fuerit.
2163 2436 2264 2467 Porro

1272 2511 1273 2516 ,
1299 2489 1362 2511 una
1392 2486 1441 2512 est
1473 2481 1553 2511 ratio
1583 2479 1729 2520 placandi
1757 2489 1814 2519 per
1837 2478 2004 2519 sanguinis
2029 2478 2263 2519 expiationem:

1299 2523 1432 2562 proinde
1465 2523 1554 2554 nulla
1583 2526 1783 2562 peccatorum
1811 2522 1906 2552 venia
1938 2521 2096 2561 speranda
2124 2527 2172 2552 est
2204 2522 2264 2552 nisi

1271 2596 1273 2606 ,
1299 2566 1490 2606 sanguinem
1514 2565 1697 2597 afferamus.
1735 2564 1807 2595 Hoc
1829 2564 1866 2594 fit
1890 2564 1966 2595 dum
1983 2564 2045 2595 fide
2061 2564 2265 2604 confugimus

1298 2608 1336 2638 ad
1361 2609 1483 2640 Christi
1507 2612 1651 2639 mortem.

1383 2651 1432 2683 23.
1468 2650 1620 2690 Exempla
1651 2660 1763 2681 eorum.
1812 2649 1858 2680 Ne
1890 2650 1960 2690 quis
1984 2650 2134 2681 obiiceret
2167 2649 2264 2680 alium
