2513 3126
103 201 166 232 273

104 310 174 331 esse
206 300 239 331 in
271 299 360 339 urbe,
391 299 465 339 quia
495 309 576 338 quae
604 298 668 330 illic
691 304 833 339 aguntur
857 308 918 328 non
940 306 1073 337 cognos-

104 347 165 374 cat.
210 342 382 374 Caeterum
415 342 474 373 hoc
505 342 571 373 loco
602 342 707 372 munit
731 341 848 371 Petrus
878 338 1000 375 fideles,
1035 348 1074 369 ne

104 385 267 426 perversis
297 385 468 425 impiorum
501 384 628 416 iudiciis
652 384 703 415 vel
727 381 927 414 sermonibus
951 380 1074 412 turbari

104 438 138 459 se
169 428 221 460 vel
251 428 412 468 corrumpi
444 427 563 458 sinant.
609 427 670 457 Est
693 425 778 456 enim
803 424 882 455 haec
903 433 969 471 non
992 423 1075 455 levis

105 471 250 510 tentatio,
281 481 380 511 quum
403 470 436 509 ii,
461 470 547 501 inter
569 479 648 509 quos
671 477 847 502 versamur,
878 471 978 513 vitam
1001 476 1075 496 nos·

105 518 189 544 tram
219 513 410 544 insimulant
440 512 530 553 quasi
561 522 580 543 a
606 508 770 542 communi
793 508 997 539 humanitate
1021 508 1075 539 ab·

106 556 301 587 horrentem.
347 555 432 592 Istis,
458 555 616 594 inquiunt,
639 550 843 583 fabricandus
866 555 950 582 esset
973 561 1076 582 novus

105 598 256 635 mundus,
286 598 436 638 quoniam
467 597 512 628 ita
539 595 578 626 ab
601 595 743 625 humano
767 603 886 634 genere
910 593 1074 625 dissident.

105 641 155 672 Ita
189 641 271 672 filios
297 641 356 671 Dei
386 640 546 675 accusant,
581 637 673 677 quasi
696 636 782 668 orbis
806 636 981 667 divortium
1006 646 1072 667 mo-

105 684 235 715 liantur.
280 682 454 714 Praevenit
483 690 559 720 ergo
587 678 760 719 apostolus,
794 688 831 709 ac
854 679 965 710 fideles
988 683 1077 710 vetat

105 727 224 758 talibus
268 725 393 765 probris
430 723 481 755 vel
518 722 688 754 calumniis
726 722 842 762 frangi.
902 721 1075 753 Fulturam

105 771 212 800 autem
243 768 305 799 illis
333 766 491 806 proponit,
526 765 587 796 Dei
612 764 776 796 iudicium.
822 764 893 796 Hoc
916 765 1003 796 enim
1028 769 1077 796 est

104 811 188 852 quod
206 819 263 841 nos
279 814 390 840 contra
405 818 516 839 omnes
533 808 672 839 insultus
695 807 845 843 sustinet,
869 817 968 847 quum
992 807 1075 838 diem

103 854 194 886 illum
225 852 387 892 patienter
413 858 648 891 exspectamus,
678 860 743 890 quo
768 850 944 882 vindicabit
967 850 1077 882 Chris-

105 902 156 928 tus
193 904 246 926 eos
283 904 395 925 omnes
432 895 486 934 qui
525 904 612 925 nunc
650 897 772 924 temere
810 903 868 924 nos
903 893 1076 924 damnant:

103 939 226 977 sibique
260 947 319 968 nos
353 946 389 968 ac
423 946 554 969 causam
585 938 728 968 nostram
759 936 888 976 probari
919 937 1077 967 ostendet.

104 981 193 1012 Dicit
222 984 332 1011 autem
362 980 556 1011 nominatim
590 979 710 1010 vivos
740 989 783 1010 ac
807 984 1004 1010 mortuos:
1039 989 1080 1009 ne

105 1022 182 1064 quid
207 1028 356 1063 putemus
380 1033 439 1054 nos
463 1022 573 1054 damni
597 1022 675 1062 pati,
699 1022 726 1052 si
750 1022 964 1053 morientibus
987 1021 1080 1052 nobis

106 1070 261 1097 maneant
276 1065 322 1096 illi
340 1066 545 1106 superstites:
569 1065 643 1106 quia
667 1074 732 1095 non
756 1070 926 1105 propterea
949 1074 1080 1096 manum

107 1108 170 1140 Dei
200 1108 369 1149 effugient.
413 1108 517 1140 Porro
546 1119 609 1149 quo
638 1118 735 1139 sensu
766 1108 858 1139 vivos
885 1112 917 1139 et
939 1112 1083 1139 mortuos

108 1151 203 1192 dicat,
244 1151 365 1183 discere
403 1151 510 1183 licebit
547 1162 587 1182 ex
620 1151 669 1182 15.
701 1151 816 1191 prioris
854 1151 894 1182 ad
933 1150 1083 1182 Corinth.

106 1204 174 1235 cap.

195 1280 223 1311 6.
247 1279 290 1311 In
312 1279 365 1311 hoc
387 1280 469 1311 enim
492 1281 518 1311 et
540 1280 669 1311 mortuis
691 1279 921 1320 evanyelieatus
945 1278 1017 1318 fuit,
1051 1281 1086 1310 ut

108 1322 283 1354 iudicentur
316 1322 441 1362 quidem
469 1322 636 1355 secundum
670 1322 811 1354 homines
843 1332 944 1362 carne,
980 1322 1086 1353 vivant

106 1367 208 1398 autem
240 1365 408 1397 secundum
436 1365 540 1397 Deum
573 1365 699 1405 spiritu.
752 1365 780 1397 7.
813 1364 913 1397 Porro
946 1365 1085 1396 omnium

105 1408 181 1448 finis
200 1409 398 1449 propinquus
420 1411 471 1445 est,
502 1408 598 1440 sobrii
621 1408 723 1448 itaque
745 1410 842 1447 estote,
872 1410 900 1439 et
921 1408 1085 1448 viyilantes

107 1452 150 1483 ad
172 1452 374 1491 precandum.
420 1452 448 1483 8.
474 1451 556 1483 Ante
585 1452 690 1482 omnia
717 1461 788 1483 vero
817 1451 977 1483 caritatem
1003 1451 1086 1482 inter

108 1504 162 1526 vos
195 1495 340 1525 intentam
370 1494 527 1526 habentes:
562 1494 637 1534 quia
666 1494 782 1526 caritas
811 1494 926 1534 operiet
946 1494 1084 1525 multitu-

107 1536 212 1568 dinem
236 1539 441 1576 peccatorum.
488 1538 517 1569 9.
542 1537 679 1568 Invicem
707 1536 874 1577 hospitales
902 1536 969 1568 sine
998 1547 1084 1568 mur·
1111 1546 1112 1552 ¹

108 1579 348 1611 murationibus.
396 1580 447 1611 10.
477 1580 516 1612 Ut
544 1580 673 1620 quisque
701 1580 815 1620 accepit
841 1580 955 1611 donum
977 1580 1086 1611 minis-

109 1625 225 1654 trantes
254 1622 334 1653 illud
366 1622 446 1654 inter
475 1633 542 1661 vos,
579 1625 728 1662 tanquam
757 1623 828 1654 boni
856 1623 1086 1662 dispensatores

109 1665 294 1704 multiplicis
315 1666 436 1705 qratiae
458 1666 531 1698 Dei.
582 1666 631 1696 11.
656 1665 694 1697 Si
715 1666 787 1706 quis
808 1666 954 1706 loquitur,
977 1666 1086 1706 loqua-

109 1711 162 1739 tur
182 1710 334 1747 tanquam
356 1708 477 1748 eloquia
500 1708 579 1740 Dei:
600 1709 630 1740 si
652 1709 724 1748 quis
745 1709 913 1747 ministrat,
937 1711 1087 1749 tanquam
1111 1721 1113 1739 :

109 1761 148 1782 ex
163 1751 273 1782 virtute
288 1761 383 1790 quam
398 1752 576 1790 suppeditat
590 1751 697 1783 Deus:
719 1754 752 1782 ut
774 1752 808 1783 in
831 1751 972 1783 omnibus
991 1752 1085 1793 glori-

108 1793 216 1833 ficetur
238 1793 328 1825 Deus
351 1804 411 1833 per
441 1794 546 1826 Iesum
572 1794 746 1826 Christum:
778 1795 829 1826 cui
859 1797 903 1826 est
930 1795 1031 1835 yloria
1060 1797 1087 1826 et
1111 1799 1113 1815 ³

111 1836 277 1876 imperium
299 1836 333 1867 in
355 1837 478 1868 saecula
500 1838 700 1869 sacculorum.
747 1839 858 1869 Amen.

198 1922 227 1953 6.
263 1921 400 1954 Mortuis
430 1923 668 1963 evanyelieatus.
726 1922 884 1955 Videmus
922 1924 954 1954 in
990 1934 1085 1964 quem

112 1974 243 1996 sensum
273 1965 491 1997 accommodet
520 1968 719 2007 superiorem
749 1967 953 2004 sententiam,
989 1977 1085 2007 quam

113 2008 218 2048 capite
247 2007 277 2046 3,
310 2007 496 2040 habuimus:
531 2020 647 2050 nempe
677 2014 815 2040 mortem
846 2009 927 2040 nihil
958 2010 1086 2041 obstare

113 2052 191 2090 quin
210 2050 362 2082 Christus
377 2061 503 2091 semper
521 2052 732 2083 nihilominus
755 2052 796 2083 sit
820 2052 942 2084 vindex
966 2058 1085 2084 noster.

113 2093 257 2133 Insignis
287 2093 397 2133 itaque
427 2099 475 2125 est
499 2095 623 2134 piorum
647 2095 833 2134 consolatio,
866 2095 950 2135 quod
974 2106 1085 2127 eorum
1112 2117 1114 2122 .

114 2137 211 2167 saluti
243 2146 328 2167 mors
361 2136 444 2167 nihil
475 2137 568 2168 affert
598 2138 750 2169 iacturae.
804 2138 892 2178 Ergo
923 2143 1086 2179 utcunque

114 2179 148 2210 in
180 2179 241 2211 hac
272 2180 338 2210 vita
368 2189 432 2210 non
463 2186 614 2220 appareat
642 2181 794 2212 Christus
824 2181 986 2219 liberator,
1021 2192 1086 2212 non

115 2226 225 2253 tamen
256 2222 362 2253 inanis
393 2226 442 2253 est
471 2228 527 2253 aut
557 2224 649 2254 irrita
680 2224 747 2255 eius
779 2224 974 2264 redemptio:
1011 2225 1086 2265 quia

115 2265 154 2296 ad
188 2270 332 2296 mortuos
363 2274 464 2304 usque
493 2266 678 2297 extenditur
708 2267 775 2298 eius
806 2267 919 2298 virtus.
975 2268 1087 2299 Caete-

115 2318 187 2339 rum
211 2307 297 2347 quod
321 2318 436 2348 graeca
460 2317 524 2338 vox
547 2309 698 2349 ambigua
720 2315 777 2349 est,
813 2315 878 2341 tam
906 2310 939 2341 in
963 2320 1087 2342 mascu-

115 2350 182 2381 lino
205 2361 322 2391 genere
347 2360 441 2390 quam
463 2351 495 2381 in
517 2356 631 2383 neutro
654 2352 738 2383 verti
762 2358 874 2393 potest,
898 2353 952 2384 sed
976 2354 1086 2385 eodem

115 2392 183 2424 fere
199 2404 310 2425 sensu:
337 2404 452 2433 nempe
473 2393 557 2433 quod
574 2394 726 2426 Christus
749 2396 885 2427 mortuis
909 2397 1088 2436 patefactus

116 2436 217 2466 fuerit
246 2436 444 2476 redemptor:
477 2436 529 2467 vel
559 2437 644 2476 quod
670 2437 734 2469 illis
757 2439 845 2470 salus
868 2449 926 2478 per
949 2450 1089 2480 evange·

117 2478 196 2509 lium
221 2479 381 2519 patefacta
404 2479 509 2510 fuerit.

118 2522 302 2561 penetravit
331 2521 369 2552 ad
402 2526 556 2562 mortuos,
591 2533 653 2553 non
683 2522 814 2556 dubium
845 2529 894 2556 est
918 2526 995 2565 quin
1018 2535 1089 2556 eam

118 2575 137 2594 a
167 2570 270 2595 morte
297 2574 424 2604 quoque
454 2565 580 2596 sensuri
610 2565 720 2597 simus.
764 2567 879 2608 Itaque
909 2569 1005 2599 nimis
1033 2578 1088 2598 an-

118 2610 230 2647 gustos
246 2607 364 2655 limites
382 2607 429 2637 illi
444 2609 626 2648 statuimus,
651 2609 676 2639 si
693 2610 917 2651 restringimus
936 2611 975 2642 ad
1000 2621 1091 2651 prae-

117 2654 242 2680 sentem
267 2655 378 2680 vitam.

216 2709 327 2736 Caluini
343 2717 437 2742 opera.
470 2709 529 2736 Vol.
546 2709 607 2736 LV.

992 199 1138 231 CAPUT
1162 199 1220 231 IV.

555 2479 649 2518 Quod
672 2481 698 2511 si
721 2482 824 2521 gratia
843 2481 966 2513 Christi
990 2482 1089 2513 semel
1115 2476 1117 2485 ⁸

2041 199 2105 232 274

1222 298 1261 329 Ut
1293 298 1475 329 iudicentur.
1532 297 1680 329 Aliorum
1719 297 1938 338 expositiones
1976 297 2101 337 omitto,

1130 341 1203 379 quia
1227 340 1306 371 mihi
1331 340 1483 372 videntur
1506 350 1524 372 a
1543 344 1650 371 mente
1666 340 1801 379 apostoli
1822 340 1931 380 procul
1949 344 2100 372 remotae.

1130 382 1201 414 Hoc
1224 384 1309 414 enim
1332 382 1416 424 (meo
1440 383 1572 424 iudicio)
1602 392 1659 423 per
1689 383 1952 422 anticipationem
1979 382 2099 414 dictum

1129 429 1194 456 est:
1226 426 1301 465 quia
1330 426 1424 457 obiici
1455 429 1593 466 poterat,
1623 425 1749 456 nullum
1781 429 1911 457 exstare
1939 426 2101 466 evangelii

1129 478 1207 507 erga
1235 473 1380 499 mortuos
1409 469 1597 508 profectum,
1627 477 1707 508 quos
1738 468 1871 499 minime
1901 469 2044 500 restituit
2067 469 2101 499 in

1131 509 1244 541 vitam.
1289 511 1421 542 Partem
1453 512 1549 543 huius
1578 511 1767 542 obiectionis
1797 511 1943 542 concedit
1967 511 2101 543 Petrus:

1130 552 1176 583 sic
1200 556 1317 590 tamen,
1342 558 1379 584 ut
1402 554 1506 585 salute
1529 565 1546 585 a
1565 554 1696 586 Christo
1720 555 1812 594 parta
1836 564 1899 584 non
1919 554 2102 594 priventur.

1130 595 1170 626 In
1195 595 1301 635 priore
1325 596 1432 636 itaque
1455 597 1600 628 membro
1623 607 1721 637 quum
1745 596 1831 635 dicit,
1863 600 1898 627 ut
1921 596 2103 628 iudicentur

1130 648 1228 669 carne
1251 639 1429 669 secundum
1454 639 1611 678 homines,
1634 639 1796 671 concessio
1815 643 1880 670 est:
1904 649 1940 670 ac
1961 639 2102 670 Iudicari

1132 680 1183 712 hic
1206 689 1265 720 pro
1285 680 1431 712 damnari
1447 682 1584 721 capitur,
1609 686 1643 713 ut
1659 692 1753 722 saepe
1769 681 1865 713 alias:
1889 681 1975 713 Caro
1991 687 2101 712 autem

1131 733 1188 763 pro
1212 726 1347 754 externo
1371 723 1518 755 homine:
1550 730 1584 756 ut
1608 725 1650 757 sit
1673 735 1796 763 sensus,
1819 725 1967 764 quamvis
1991 735 2104 755 secun-

1131 766 1207 797 dum
1238 765 1397 797 rationem
1428 767 1554 803 mundi,
1588 768 1757 799 interitum
1788 767 1955 807 patiantur
1985 767 2103 798 mortui

1131 808 1165 839 in
1200 818 1295 840 carne
1327 818 1400 839 sua:
1437 813 1468 838 et
1503 809 1660 849 damnati,
1700 811 1804 850 quoad
1836 815 2008 841 externum
2047 810 2103 840 ho-

1131 852 1262 889 minem,
1294 851 1490 882 habeantur:
1523 852 1631 883 vivere
1659 858 1766 884 tamen
1796 852 1882 893 apud
1906 852 2014 884 Deum
2039 863 2105 883 non

1133 894 1295 932 desinunt,
1325 893 1421 934 idque
1451 894 1582 933 spiritu:
1615 896 1690 934 quia
1721 895 1872 927 Christus
1901 905 1956 927 eos
1987 895 2104 935 spiritu

1133 947 1191 968 suo
1225 937 1379 968 vivificat.
1436 935 1531 968 Nunc
1568 937 1751 969 addendum
1789 938 1873 978 quod
1908 937 2031 970 Paulus
2066 937 2106 969 ad

1134 980 1229 1011 Rom.
1261 989 1329 1020 cap.
1353 979 1383 1017 8,
1415 979 1464 1018 10,
1499 980 1601 1019 docet,
1636 981 1785 1020 spiritum
1817 991 1887 1012 esse
1918 981 2035 1012 vitam:
2070 990 2107 1012 30

1134 1022 1271 1063 proinde
1301 1023 1446 1053 futurum
1477 1027 1514 1053 ut
1544 1022 1655 1054 mortis
1688 1023 1856 1063 reliquias,
1891 1034 1970 1064 quae
2002 1023 2108 1055 adhuc

1136 1066 1272 1097 haerent
1301 1065 1335 1096 in
1367 1065 1469 1102 nobis,
1501 1065 1632 1096 tandem
1659 1065 1835 1097 absorbeat.
1882 1066 2018 1098 Summa
2047 1070 2108 1104 est,

1137 1113 1301 1148 utcunque
1332 1107 1472 1139 deterior
1501 1108 1545 1139 sit
1568 1112 1768 1139 mortuorum
1792 1109 1931 1140 conditio
1956 1109 1988 1140 in
2011 1119 2108 1140 carne

1137 1151 1316 1182 secundum
1334 1150 1491 1189 homines,
1513 1151 1663 1182 sufficere
1680 1156 1788 1182 tamen
1806 1152 1888 1191 quod
1905 1162 1958 1183 eos
1973 1152 2108 1191 spiritus

1137 1194 1263 1226 Christi
1282 1194 1435 1234 vivificat,
1461 1194 1516 1234 qui
1540 1193 1713 1234 aliquando
1736 1203 1791 1225 eos
1815 1194 1854 1225 ad
1878 1195 2107 1234 perfectionem

1138 1237 1225 1269 vitae
1248 1236 1396 1268 adducet.

1225 1280 1252 1312 7.
1279 1279 1380 1311 Porro
1401 1279 1540 1311 omnium
1556 1279 1641 1319 finis.
1676 1279 1820 1311 Tametsi
1839 1279 1974 1311 audiunt
1989 1280 2109 1318 fideles,

1138 1323 1214 1355 alibi
1244 1333 1341 1362 quam
1375 1323 1409 1353 in
1440 1322 1561 1354 mundo
1583 1333 1676 1354 suam
1700 1322 1886 1353 felicitatem
1916 1332 2001 1353 esse:
2036 1323 2111 1363 quia

1138 1370 1247 1397 tamen
1271 1365 1327 1397 diu
1349 1375 1383 1396 se
1399 1365 1542 1397 victuros
1558 1368 1685 1405 putant,
1710 1365 1789 1397 haec
1806 1375 1907 1405 prava
1921 1365 2110 1406 imaginatio

1139 1409 1257 1450 pigros,
1280 1409 1345 1440 imo
1367 1408 1516 1440 socordes
1539 1408 1653 1447 reddit,
1677 1419 1717 1440 ne
1740 1408 1849 1440 studia
1867 1418 1926 1439 sua
1949 1408 2112 1448 applicent

1138 1452 1177 1483 ad
1202 1461 1338 1493 regnum
1362 1451 1434 1483 Dei.
1480 1451 1700 1490 Quamobrem
1732 1450 1895 1491 apostolus
1918 1454 1955 1482 ut
1977 1461 2032 1483 eos
2055 1462 2111 1482 ex-

1138 1495 1216 1526 citet
1247 1505 1265 1526 a
1292 1504 1406 1535 sopore
1439 1494 1560 1533 carnis,
1594 1494 1761 1533 admonet,
1796 1494 2014 1535 propinquum
2043 1504 2112 1526 esse

1138 1548 1248 1569 rerum
1273 1537 1417 1568 omnium
1441 1537 1551 1569 finem.
1593 1537 1667 1576 Quo
1690 1537 1854 1578 significat
1877 1547 1943 1568 non
1967 1537 2111 1568 desiden—

1139 1579 1215 1612 dum
1248 1590 1317 1612 esse
1347 1581 1381 1611 in
1406 1580 1467 1611 hoc
1489 1580 1620 1618 mundo,
1651 1579 1736 1611 unde
1760 1579 1855 1621 paulo
1878 1584 1951 1620 post
1974 1580 2111 1621 migrare

1139 1634 1197 1654 nos
1229 1625 1386 1664 oporteat.
1433 1622 1639 1664 Quamquam
1672 1634 1735 1654 non
1764 1623 1803 1654 de
1834 1623 1960 1664 privato
1984 1628 2111 1654 tantum

1138 1666 1295 1706 cuiusque
1326 1666 1390 1697 fine
1420 1665 1572 1706 loquitur,
1604 1666 1660 1698 sed
1691 1666 1730 1697 de
1753 1666 1907 1698 universa
1930 1666 2043 1698 mundi
2067 1676 2114 1697 re-

1139 1710 1321 1750 paratione:
1354 1719 1390 1740 ac
1413 1709 1441 1740 si
1464 1708 1594 1747 diceret,
1623 1714 1800 1740 venturum
1831 1709 1921 1740 brevi
1945 1709 2113 1741 Christum

1139 1753 1193 1793 qui
1218 1753 1315 1783 finem
1338 1752 1489 1783 omnibus
1519 1752 1672 1792 imponet.
1718 1752 1793 1783 Non
1820 1753 1938 1783 mirum
1962 1752 2063 1792 igitur
2085 1752 2114 1783 si

1139 1806 1197 1826 nos
1228 1796 1369 1826 obruant
1399 1795 1513 1826 mundi
1544 1805 1654 1832 curae,
1689 1795 1874 1835 sopitosque
1904 1799 2050 1826 teneant:
2085 1794 2113 1825 si

1139 1837 1247 1869 oculos
1285 1838 1486 1879 perstringat
1524 1838 1744 1878 praesentium
1782 1848 1890 1869 rerum
1925 1837 2113 1877 adspectus:

1139 1882 1216 1921 quia
1239 1891 1352 1912 omnes
1383 1881 1449 1912 fere
1472 1881 1565 1913 nobis
1588 1881 1814 1912 aeternitatem
1837 1880 1870 1911 in
1895 1880 2014 1911 mundo
2039 1891 2113 1921 pro-

1139 1924 1318 1955 mittimus:
1349 1923 1464 1955 saltem
1495 1934 1661 1964 nunquam
1691 1924 1763 1955 finis
1789 1924 1877 1955 venit
1900 1924 1934 1954 in
1957 1930 2112 1954 mentem.

1140 1967 1236 2006 Quod
1275 1966 1301 1997 si
1338 1966 1469 1998 auribus
1505 1967 1624 1998 nostris
1662 1968 1826 1998 insonaret
1864 1965 1988 1997 Christi
2024 1967 2113 2004 tuba,

1139 2020 1253 2042 sensus
1283 2019 1393 2040 omnes
1416 2014 1543 2041 nostros
1566 2011 1684 2041 acriter
1712 2008 1909 2050 percelleret,
1940 2019 2044 2049 neque
2068 2009 2114 2040 ita

1140 2058 1266 2092 torpere
1298 2056 1472 2092 pateretur.
1517 2052 1689 2084 Caeterum
1714 2052 1808 2083 obiici
1836 2057 1953 2092 posset,
1982 2052 2113 2093 longam

1140 2100 1283 2127 aetatum
1307 2095 1423 2126 seriem
1447 2095 1581 2127 fluxisse
1605 2106 1645 2127 ex
1668 2106 1730 2135 quo
1753 2095 1812 2126 hoc
1836 2095 1966 2135 scripsit
1987 2095 2112 2131 Petrus,

1140 2138 1278 2170 necdum
1313 2144 1420 2169 tamen
1452 2138 1551 2170 finem
1582 2138 1731 2178 conspici.
1776 2137 1986 2178 Respondeo,
2021 2138 2114 2168 nobis

1140 2182 1211 2213 ideo
1235 2182 1366 2221 longum
1385 2181 1487 2212 videri
1511 2186 1648 2221 tempus,
1673 2181 1746 2221 quia
1766 2180 2002 2220 longitudinem
2021 2181 2113 2211 meti-

1141 2235 1214 2256 mur
1248 2224 1386 2255 caducae
1420 2224 1554 2256 huiusce
1586 2225 1670 2255 vitae
1703 2224 1832 2263 spatiis:
1868 2234 1981 2254 verum
2016 2223 2043 2254 si
2079 2224 2114 2254 in

1141 2267 1389 2308 perpetuitatem
1404 2267 1530 2298 futurae
1544 2268 1629 2298 vitae
1644 2267 1802 2306 respicere
1819 2276 1995 2306 possemus,
2009 2265 2114 2297 multa

1113 2327 1115 2343 ι
1140 2310 1267 2342 saecula
1298 2309 1388 2340 nobis
1418 2310 1521 2341 instar
1544 2310 1699 2340 momenti
1723 2309 1805 2339 fore:
1837 2309 2113 2348 quemadmodum

1141 2356 1174 2384 et
1197 2353 1346 2393 proxima
1369 2352 1506 2392 epistola
1529 2353 1621 2384 dicet.
1668 2352 1843 2383 Praeterea
1866 2351 2042 2383 tenendum
2066 2357 2115 2383 est

1142 2396 1221 2427 illud
1252 2395 1458 2435 principium,
1488 2406 1528 2426 ex
1558 2405 1620 2435 quo
1651 2394 1750 2426 semel
1779 2394 1929 2434 apparuit
1951 2394 2114 2432 Christus,

1142 2439 1223 2470 nihil
1248 2437 1394 2469 fidelibus
1417 2438 1563 2469 relictum
1580 2448 1660 2475 esse,
1684 2438 1744 2468 nisi
1762 2443 1799 2468 ut
1815 2437 1981 2477 suspensis
1998 2438 2114 2469 animis

1143 2492 1209 2513 sem
1236 2492 1271 2512 er
1301 2480 1339 2510 ad
1364 2482 1540 2512 secundum
1565 2481 1634 2512 eius
1657 2480 1832 2511 adventum
1857 2480 1973 2511 intenti
1996 2486 2113 2512 essent.

1116 2556 1118 2564 ,
1143 2519 1323 2565 Vigi'antia
1346 2528 1378 2554 et
1396 2523 1562 2560 sobrietas,
1586 2523 1625 2553 ad
1642 2533 1720 2563 quas
1739 2533 1794 2553 eos
1811 2523 1970 2560 hortatur,
1995 2524 2114 2555 mentis

1143 2572 1220 2599 sunt
1244 2566 1349 2607 potius
1372 2576 1468 2606 quam
1492 2566 1644 2605 corporis,
1668 2576 1738 2597 meo
1754 2565 1883 2597 iudicio.
1919 2565 2115 2607 Congruunt

1144 2611 1229 2642 enim
1254 2609 1332 2640 haec
1356 2608 1452 2640 verba
1480 2619 1552 2640 cum
1576 2608 1641 2639 illis
1664 2608 1787 2640 Christi
1811 2609 1943 2650 (Matth.
1968 2609 2019 2647 25,
2045 2610 2114 2651 13):

1144 2653 1301 2694 Vigilate,
1335 2653 1410 2692 quia
1444 2652 1572 2683 nescitis
1606 2651 1688 2683 diem
1721 2661 1824 2691 neque
1855 2651 1978 2683 horam.
2031 2653 2116 2684 Nam

1858 2711 1890 2736 18
