2513 3126
294 207 359 238 :363

294 304 444 344 pendent.
503 304 630 333 Interes
662 301 814 332 admonet
845 300 1019 341 apostolus,
1056 299 1266 340 pugnandum

293 357 362 378 esso
396 352 429 377 ut
463 346 643 376 serviamus
678 343 838 383 Domino,
881 348 966 374 totus
1007 344 1092 374 enim
1128 342 1267 374 mundus

294 389 387 420 nobis
431 388 574 422 obsistit,
623 396 662 417 ne
707 396 881 426 pergamus
925 395 988 425 quo
1033 385 1122 416 Deus
1169 390 1266 416 vocat.

294 432 381 472 Ergo
411 430 463 460 ille
492 429 621 460 demum
651 429 755 469 legem
786 428 938 466 servabit,
973 428 1026 468 qui
1057 427 1177 459 mundo
1205 428 1266 459 sor-

295 474 369 505 titor
393 473 530 503 resistet.

380 516 407 546 4.
432 515 519 546 Ilaec
548 517 591 546 est
617 514 754 546 victoria.
801 514 887 552 Quia
911 513 1048 553 dixerat,
1080 523 1191 544 omnes
1214 512 1267 552 qui

294 569 332 589 ex
359 558 426 588 Deo
451 558 551 598 geniti
575 562 660 593 sunt,
697 556 808 587 mundi
833 556 972 587 victores
995 565 1080 587 esse:
1115 555 1266 587 vincendi

294 610 420 640 quoquo
463 600 593 631 modum
636 599 798 640 exprimit.
862 599 996 630 Poterat
1036 598 1121 629 enim
1163 598 1268 629 adhuc

294 644 413 683 quaeri,
449 642 535 674 unde
566 643 716 674 victoria:
754 652 830 682 ergo
860 643 893 672 in
924 641 989 672 fide
1012 641 1178 673 const-ituit
1203 650 1266 672 vio-

295 686 407 717 toriam
441 686 540 717 totius
572 686 692 716 mundi.
739 684 884 724 Insignis
907 684 1009 715 locus:
1042 685 1117 725 quia
1141 684 1267 715 tametsi

295 728 392 760 duros
424 733 456 760 ct
487 728 659 759 horribiles
689 728 830 758 insultus
853 727 981 758 assidue
1005 728 1123 767 ingerit
1147 726 1266 758 Satan:
1294 746 1295 752 κ

293 772 426 812 spiritus
453 772 511 802 Dei
543 774 635 802 extra
668 770 847 811 periculum
872 780 929 801 nos
952 780 1021 800 esse
1045 770 1267 810 pronuntians,

293 820 444 854 exempto
475 819 562 844 metu
592 824 649 845 nos
680 813 719 844 ad
752 813 878 844 fortiter
901 812 1109 853 pugnandum
1134 812 1267 843 animat.

294 857 336 887 Et
368 857 439 896 plus
471 856 558 887 valet
588 856 798 896 praeteritum
830 861 957 895 tempus
988 865 1082 895 quam
1118 864 1268 894 praesens

294 900 344 930 vel
371 899 527 931 futurum.
571 899 735 930 Vicisse
758 899 844 930 enim
869 899 956 935 dicit,
978 904 1014 929 ut
1036 897 1168 938 perinde
1189 899 1267 928 certi

294 943 405 980 simus,
440 951 476 972 ac
504 942 529 972 si
561 943 624 973 iam
656 941 844 982 profligatus
875 946 958 972 esset
987 940 1098 971 hostis.
1146 939 1267 970 Verum

293 985 420 1025 quidem
445 989 493 1015 est
516 989 584 1016 tota
609 986 674 1015 vita
699 984 816 1016 durare
840 990 983 1016 nostram
1007 984 1167 1020 militiam,
1191 992 1267 1022 quo-

294 1027 432 1058 tidianos
449 1037 519 1058 esse
535 1028 722 1059 conflictus:
746 1027 811 1058 imo
829 1026 965 1067 singulis
988 1025 1160 1056 momentis
1184 1035 1268 1055 nova

295 1077 325 1101 et
343 1071 471 1102 diversa
493 1070 616 1110 proelia
639 1070 715 1101 hinc
738 1070 812 1101 inde
836 1070 874 1101 ab
898 1070 989 1100 hoste
1014 1069 1105 1099 nobis
1129 1068 1267 1099 moveri:

294 1113 349 1144 sed
382 1113 456 1153 quia
489 1123 552 1143 non
587 1118 692 1144 armat
728 1123 787 1144 nos
819 1113 908 1143 Deus
942 1116 1067 1142 tantum
1102 1111 1135 1141 in
1167 1120 1267 1141 unum

295 1155 389 1194 diem,
413 1160 444 1186 et
468 1155 547 1187 fides
571 1157 666 1187 etiam
691 1156 786 1187 unius
809 1155 870 1186 diei
895 1165 959 1186 non
984 1159 1041 1190 est¹
1075 1153 1130 1184 sed
1155 1163 1268 1194 perpe-

295 1204 386 1229 tuum
411 1199 545 1239 spiritus
569 1199 671 1230 sancti
695 1207 793 1239 opus:
823 1208 885 1229 non
911 1198 1003 1228 aliter
1027 1197 1090 1227 iam
1114 1196 1269 1227 victoriae

295 1252 407 1273 sumus
430 1246 602 1281 compotes,
626 1251 724 1281 quam
748 1242 774 1272 si
798 1246 882 1272 esset
906 1238 1112 1270 debellatum.
1159 1238 1268 1278 Neque

296 1292 406 1315 tamen
437 1283 553 1315 fiducia
582 1284 661 1315 haec
684 1289 844 1324 torporem
869 1282 1002 1319 inducit,
1032 1282 1110 1321 quin
1134 1281 1269 1312 sollicite

296 1337 424 1366 semper
447 1326 487 1357 ad
511 1337 655 1367 pugnam
680 1328 780 1358 simus
804 1326 929 1356 intenti.
975 1324 1030 1356 Sic
1053 1325 1139 1355 enim
1164 1329 1268 1356 certos

295 1380 365 1400 csse
390 1369 549 1400 Dominus
583 1379 658 1400 suos
692 1370 788 1405 iubet,
825 1373 861 1399 ut
895 1373 1004 1399 tamen
1039 1377 1170 1398 securos
1200 1377 1269 1398 esse

296 1412 390 1443 nolit:
416 1412 492 1451 quin
517 1414 623 1452 potius
646 1413 717 1443 ideo
741 1412 854 1443 vicisse
875 1411 963 1451 ipsos
987 1410 1185 1450 pronuntiat,
1208 1419 1270 1449 quo

296 1455 474 1486 animosius
503 1460 534 1486 et·
567 1455 669 1495 magis
692 1461 822 1485 strenue
846 1458 1001 1494 pugnent.
1048 1452 1188 1484 Mundi
1211 1462 1268 1482 no-

296 1508 372 1528 men
406 1497 457 1529 hic
488 1497 550 1528 late
582 1502 687 1538 patet:
722 1496 969 1536 comprehendit
1000 1496 1085 1527 euim
1115 1495 1270 1536 quidquid

296 1541 469 1571 adversum
510 1546 558 1571 est
593 1540 654 1570 Dei
695 1540 842 1580 spiritui:
881 1540 926 1570 ita
966 1544 1100 1569 naturae
1140 1544 1270 1569 nostrae

297 1583 443 1623 pravitas
477 1593 551 1623 pars
586 1583 698 1613 mundi
733 1589 791 1620 est,
837 1592 949 1613 omnes
984 1581 1270 1621 concupiscentiae,

297 1636 410 1657 omnes
448 1625 589 1657 Satanae
627 1630 732 1664 astus,
777 1625 933 1666 quidquid
971 1625 1110 1664 denique
1155 1634 1215 1654 nos
1252 1633 1299 1661 a,

299 1669 369 1700 Deo
426 1668 595 1699 abstrahit.
669 1668 708 1699 In
761 1671 826 1699 tam
880 1667 1053 1708 multiplici
1102 1667 1270 1698 hominum

298 1712 406 1752 copia,
459 1711 569 1751 gravis
620 1710 695 1742 belli
747 1711 848 1742 moles
903 1711 936 1741 in
990 1721 1046 1741 nos
1098 1709 1270 1741 incumbit:

299 1765 335 1786 ac
367 1755 428 1785 iam
460 1759 535 1784 aute
565 1764 774 1795 congressum
804 1764 948 1785 essemus
972 1753 1059 1793 victi,
1092 1763 1129 1784 ac
1151 1752 1272 1783 centies

298 1797 439 1837 quotidie
472 1797 630 1833 vincendi,
665 1796 728 1827 nisi
760 1796 851 1828 Deus
882 1797 1048 1827 victoriam
1080 1795 1170 1826 nobis
1199 1806 1272 1836 pro-

299 1841 453 1871 mitteret.
499 1839 563 1870 Sed
590 1840 679 1870 Deus
709 1839 769 1870 hac
800 1839 870 1880 lege
903 1840 942 1870 ad
972 1838 1184 1880 pugnandum
1215 1848 1272 1869 nos

299 1884 456 1919 hortatur,
490 1887 526 1912 ut
556 1883 645 1922 prius
676 1883 844 1914 victoriam
877 1883 1055 1922 promittat.
1100 1881 1272 1912 Caeterum

300 1931 336 1956 ut
367 1926 447 1956 haec
474 1925 644 1965 promissio
673 1935 731 1956 nos
762 1926 884 1956 invicta
906 1925 969 1956 Dei
1001 1925 1124 1955 virtute
1147 1924 1181 1954 in
1205 1933 1274 1963 per-

301 1973 433 2008 petuum
465 1969 581 2006 munit,
611 1969 657 1998 ita
687 1978 726 1998 ex
757 1968 893 2000 adverso
922 1968 956 1998 in
986 1966 1126 1998 nihilum
1157 1966 1274 2006 redigit

302 2012 469 2042 hominum
501 2011 596 2041 vires.
642 2010 756 2051 Neque
787 2011 871 2042 enim
906 2011 958 2042 hic
981 2009 1145 2050 apostolus
1170 2009 1274 2040 Deum

303 2053 470 2093 suppetias
487 2057 613 2083 tautum
635 2053 727 2084 nobis
751 2054 835 2084 ferre
858 2054 958 2090 docet,
983 2060 1018 2084 ut
1041 2054 1111 2083 eius
1133 2051 1275 2083 subsidio

303 2096 414 2131 adiuti,
446 2105 539 2135 pares
569 2096 669 2126 simus
700 2096 740 2127 ad
763 2096 996 2127 resistendum:
1029 2095 1085 2126 sed
1109 2094 1274 2127 victoriam

303 2140 335 2170 in
367 2138 435 2169 sola
466 2138 528 2169 fide
551 2137 650 2168 locat:
686 2139 765 2170 fides
788 2142 896 2170 autom
920 2138 1050 2169 aliunde
1073 2147 1136 2178 quo
1159 2138 1274 2174 vincat,

303 2181 429 2221 accipit.
481 2180 590 2219 Quare
621 2181 690 2211 Deo
721 2182 864 2221 eripiunt
895 2181 978 2222 quod
1005 2191 1099 2212 suum
1130 2185 1188 2217 est,
1222 2180 1275 2220 qui

304 2224 452 2264 propriae
481 2223 592 2254 virtuti
617 2224 818 2263 triumphum
842 2229 970 2255 canunt.

389 2267 419 2297 5.
448 2265 525 2304 Quis
555 2269 598 2297 est
627 2266 681 2305 qui·
710 2267 804 2297 vincit
831 2267 1007 2298 mundum?
1053 2265 1152 2297 Ratio
1182 2275 1276 2305 supe-

304 2310 398 2341 rioris
415 2309 611 2340 sententiae:
634 2309 704 2340 ideo
727 2310 848 2340 scilicet
872 2320 930 2340 nos
953 2309 1015 2340 fide
1039 2309 1177 2349 vincere,
1200 2308 1277 2347 quia

305 2353 403 2384 robur
427 2362 444 2383 a
467 2351 600 2383 Christo
624 2356 826 2382 mutuamur:
849 2352 1118 2392 quemadmodum
1142 2356 1174 2383 et
1194 2351 1276 2382 Pau-

305 2396 356 2426 lus
388 2395 464 2426 dicit
486 2393 619 2435 (Philip.
638 2394 667 2432 4,
692 2394 761 2436 13):
795 2394 916 2426 Omnia
945 2405 1074 2435 possum
1104 2395 1140 2425 in
1163 2403 1200 2425 eo
1223 2393 1277 2434 qui

306 2449 358 2469 me
388 2437 568 2469 coufirmat.
612 2436 645 2467 Is
675 2447 751 2477 ergo
781 2437 909 2468 demum
940 2438 1062 2469 Satana
1092 2441 1125 2468 et
1154 2436 1276 2468 mundo

307 2481 455 2521 superior
489 2480 558 2518 erit,
589 2490 648 2511 nec
682 2481 772 2511 carni
806 2490 882 2511 suae
914 2481 1098 2511 succumbet
1131 2479 1186 2520 qui
1217 2479 1277 2510 sibi

308 2524 468 2564 diffidens,
492 2522 656 2554 recumbet
671 2522 705 2553 in
730 2523 830 2554 solam
847 2523 970 2554 Christi
994 2523 1156 2554 virtutem.
1193 2522 1277 2553 Nam

307 2566 411 2597 fidei
435 2565 573 2605 nomine,
598 2566 705 2597 vivam
726 2565 850 2597 Christi
874 2565 1161 2605 apprehensionem
1184 2564 1276 2595 intel-

308 2608 389 2649 ligit,
414 2619 494 2649 quae
511 2610 576 2640 vim
593 2608 662 2639 eius
679 2613 710 2639 et
733 2609 875 2640 officium
900 2608 939 2639 ad
964 2619 1020 2640 nos
1044 2607 1276 2640 accommodat.

1100 203 1241 234 Epis'r.
1268 202 1443 235 IOHANN
1452 204 1487 234 is

2228 205 2292 237 364

1404 300 1433 330 6.
1460 298 1520 330 1150
1550 300 1594 329 esi
1622 298 1678 338 qui
1706 298 1786 329 venit
1813 308 1870 339 per
1899 308 2012 338 aquam
2042 302 2068 331 et
2094 301 2290 342 sanquinem,

1321 342 1411 373 Iesus
1438 341 1598 374 Christus:
1627 351 1687 372 non
1717 341 1751 372 in
1779 351 1864 380 aqua
1885 342 1996 382 solum,
2026 342 2080 374 sed
2102 342 2136 374 in
2157 353 2242 383 aqua
2264 348 2292 376 et

1319 385 1479 425 sanquine.
1531 382 1573 414 Ei
1606 383 1738 423 spiritus
1767 386 1811 414 est
1840 384 1895 424 qui
1925 384 2122 423 testificatur:
2156 387 2291 425 quamto-

1318 428 1441 467 quidem
1471 426 1605 465 spiritus
1632 429 1676 458 est
1706 426 1832 457 verita&
1878 426 1906 457 7.
1933 426 2018 458 Nam
2046 430 2109 458 tres
2137 431 2210 460 sunt
2237 430 2292 468 qui

1318 471 1517 508 tristis-icantur
1532 469 1566 499 in
1581 467 1668 507 coelo,
1689 471 1787 508 pater,
1811 478 1920 509 sermo,
1944 472 1970 500 ei
1992 470 2126 508 spiritus
2148 474 2291 503 sanctus:

1319 516 1345 544 et
1367 513 1399 543 lei
1422 514 1482 542 tres
1505 521 1603 542 unum
1624 514 1703 542 sunt.
1751 512 1778 542 8.
1804 510 1846 542 Ei
1873 515 1934 543 ires
1955 515 2028 543 sunt
2049 513 2105 553 qui
2126 513 2290 553 testifican-

1319 558 1370 586 tur
1392 557 1422 585 tn
1445 557 1537 591 terra,
1566 554 1708 594 spiritus,
1731 564 1825 594 aqua,
1849 557 1875 585 et
1897 555 2043 595 sanquis:
2073 558 2099 587 et
2121 556 2155 587 lii
2177 559 2237 588 tres
2259 557 2292 589 in

1318 608 1414 629 urium
1441 597 1631 628 conveniunt.
1675 597 1704 628 9.
1732 597 1768 627 Si·
1797 597 2004 628 testimonium
2032 598 2192 630 hominum
2215 600 2291 631 reci·

1316 642 1431 679 pimus,
1462 639 1668 670 testimonium
1690 639 1752 671 Dei
1784 639 1889 671 maius
1912 643 1972 671 est.-
2001 641 2148 680 quoniam
2171 641 2225 674 hoc
2248 645 2292 674 est

1319 682 1521 715 testimouium
1544 681 1616 719 Dei,
1640 682 1722 722 quod
1739 682 1918 721 testificatus
1940 685 1984 714 est
2005 684 2041 714 de
2063 684 2127 718 tilio
2149 694 2214 716 suo.

1404 768 1432 798 6.
1466 767 1527 798 Hic
1556 769 1599 799 esi
1628 767 1691 806 qui,
1726 770 1776 798 etc.
1832 767 1876 798 Ut
1906 772 1976 798 tuto
2009 768 2086 800 fides
2118 775 2229 801 nostra
2258 770 2292 801 in

1320 811 1452 842 Christo
1481 810 1633 850 quiescat,
1662 809 1795 840 solidam
1828 810 2017 841 umbrarum
2043 811 2122 852 legis
2145 812 2291 843 substan-

1321 855 1396 884 tiam
1418 853 1449 883 in
1474 863 1510 883 eo
1533 858 1681 883 constare
1704 852 1789 884 dicit.
1831 852 1944 893 Neque
1967 854 2051 884 enim
2078 854 2190 885 dubito
2213 855 2291 895 quin

1321 896 1359 927 ad
1391 902 1513 926 veteres
1542 895 1622 935 legis
1651 895 1731 926 ritus
1762 895 1885 925 alludat
1914 896 1947 926 in
1977 897 2109 928 vocibus
2133 907 2235 937 aquae
2260 904 2293 928 et

1320 938 1495 979 sanguinis.
1543 938 1617 969 Huc
1641 948 1734 977 porro
1760 938 1864 968 tendit
1886 940 2100 978 comparatio:
2133 950 2196 971 non
2221 945 2290 971 tan-

1321 988 1390 1012 tum
1419 986 1455 1012 ut
1483 980 1586 1021 legem
1613 980 1713 1011 Mosis
1737 980 1888 1011 abolitam
1913 991 1982 1011 esse
2006 983 2144 1013 sciamus
2168 983 2292 1014 Christi

1322 1025 1470 1061 adventu,
1503 1023 1558 1054 sed
1589 1029 1623 1054 ut
1653 1023 1687 1053 in
1715 1023 1784 1063 ipso
1808 1033 1999 1062 quaeramus
2022 1034 2132 1056 eorum
2156 1025 2293 1065 comple-

1322 1072 1476 1105 mentum,
1508 1076 1587 1106 quae
1617 1065 1693 1096 olim
1717 1066 1901 1106 figurabant
1924 1068 2153 1098 caeremoniae.
2199 1068 2293 1099 Tam-

1322 1111 1379 1141 etsi
1414 1119 1489 1140 vero
1514 1109 1623 1149 plures
1646 1113 1740 1139 erant
1763 1110 1895 1148 species,
1927 1114 2035 1140 tamen
2060 1110 2119 1141 sub
2144 1110 2193 1141 his
2218 1110 2294 1142 dua-

1295 1173 1296 1182 1
1322 1154 1379 1183 bus
1403 1157 1502 1182 totam
1526 1151 1708 1182 sanctitatis
1731 1156 1763 1182 et
1786 1151 1928 1182 iustitiae
1952 1152 2181 1191 perfectionem
2202 1163 2293 1193 apos—

1322 1196 1404 1226 tolus
1448 1194 1604 1235 designat.
1672 1194 1766 1233 Aqua
1806 1194 1893 1224 euim
1935 1194 2148 1226 abluebantur
2182 1205 2294 1228 omnes

1322 1237 1447 1275 sordes,
1490 1242 1525 1268 ut
1566 1236 1713 1267 homines
1753 1236 1883 1267 nonnisi
1925 1236 1997 1276 puri
2035 1243 2067 1268 et
2105 1238 2216 1269 mundi
2255 1238 2295 1270 ad

1323 1281 1428 1311 Deum
1457 1281 1655 1312 accederent.
1709 1278 1748 1309 In
1780 1279 1936 1319 sanguine
1968 1284 2039 1310 erat
2072 1281 2229 1321 expiatio,
2264 1284 2296 1312 et

1323 1324 1435 1363 plenae
1450 1333 1524 1354 cum
1544 1323 1610 1353 Deo
1633 1321 1901 1353 reconciliationis
1927 1322 2060 1362 pignus:
2084 1323 2139 1354 sed
2164 1323 2216 1354 lex
2239 1335 2295 1355 ex-

1324 1367 1423 1397 ternis
1454 1370 1582 1396 tantum
1612 1364 1768 1405 symbolis
1799 1364 2003 1395 adumbravit
2025 1366 2111 1405 quod
2135 1365 2236 1397 solide
2259 1377 2295 1398 ac

1324 1409 1428 1448 reipsa
1463 1419 1481 1439 a
1516 1408 1637 1439 Messia
1676 1407 1905 1447 praestandum
1940 1410 2019 1438 erat.
2077 1409 2161 1448 Apte
2195 1409 2296 1449 igitur

1324 1452 1437 1492 probat
1452 1451 1618 1482 Iohannes
1634 1449 1743 1481 Iesum
1767 1460 1835 1481 esse
1859 1449 2027 1481 Christum
2052 1451 2195 1491 Domini,
2218 1451 2295 1482 olim

1324 1495 1524 1534 promissum⁷
1559 1493 1635 1533 quia
1667 1503 1776 1524 secum
1812 1493 1922 1523 attulit
1955 1503 2017 1532 quo
2048 1504 2107 1524 nos
2136 1494 2226 1525 omni
2255 1503 2297 1525 ex

1323 1543 1413 1577 parte
1453 1536 1641 1568 sanctificet.
1690 1535 1739 1566 Ac
1780 1535 1818 1566 de
1856 1536 2014 1575 sanguine
2055 1536 2193 1576 quidem,
2231 1545 2295 1577 quo

1325 1580 1475 1611 Christus
1507 1579 1613 1610 Deum
1647 1578 1798 1619 placavit,
1833 1577 1923 1608 nulla
1953 1583 2003 1609 est
2033 1578 2205 1610 dubitatio:
2240 1578 2296 1610 sed

1325 1622 1480 1662 quomodo
1514 1632 1569 1662 per
1598 1631 1712 1661 aquam
1744 1621 1879 1657 venerit,
1911 1621 2022 1660 quaeri
2052 1626 2166 1661 potest.
2211 1621 2298 1653 Nam

1326 1666 1383 1696 hoc
1412 1666 1451 1697 ad
1476 1665 1667 1705 baptismum
1699 1663 1812 1694 referri
1847 1673 1911 1694 non
1935 1667 1983 1694 est
2007 1663 2178 1703 probabile.
2225 1664 2296 1705 Ego

1325 1714 1411 1740 certe
1442 1708 1593 1739 existimo
1621 1706 1800 1737 Iohannem
1832 1705 1884 1736 hic
1911 1705 2054 1737 fructum
2083 1711 2114 1737 et
2144 1707 2296 1738 effectum

1325 1751 1506 1791 exprimere
1522 1751 1590 1781 eius
1606 1749 1650 1780 rei
1674 1759 1770 1789 quam
1795 1749 1828 1779 in
1853 1748 1986 1779 historia
2009 1749 2198 1790 evangelica
2221 1760 2296 1781 nar-

1325 1798 1383 1824 rat.
1421 1794 1503 1825 Nam
1528 1793 1610 1833 quod
1634 1791 1701 1823 illic
1725 1791 1811 1829 dicit,
1835 1801 1875 1822 ex
1892 1791 2016 1823 Christi
2039 1792 2139 1824 latere
2162 1793 2297 1824 fluxisse

1326 1847 1440 1877 aquam
1465 1842 1496 1868 et
1519 1835 1723 1876 sanguinem,
1749 1834 1834 1865 haud
1859 1834 1953 1865 dubie
1976 1844 2035 1874 pro
2059 1835 2214 1866 miraculo
2237 1835 2297 1866 ha-

1326 1880 1465 1911 bendum
1489 1885 1546 1910 est.
1592 1877 1666 1910 Scio
1689 1877 1753 1908 tale
1776 1876 1929 1917 quiddam
1950 1877 2085 1908 mortuis
2108 1878 2299 1909 naturaliter

1327 1922 1484 1954 accidere:
1522 1931 1597 1954 vero
1635 1926 1722 1951 certo
1756 1919 1820 1950 Dei
1857 1919 1993 1951 consilio
2027 1920 2147 1952 factum
2181 1925 2230 1953 est
2264 1924 2300 1952 ut

1326 1965 1448 1996 Christi
1472 1965 1557 1996 latus
1579 1963 1750 2003 sanguinis
1773 1967 1805 1993 et
1828 1973 1930 2002 aquae
1953 1962 2023 1994 fons
2046 1968 2146 1994 esset:
2178 1968 2215 1994 ut
2238 1963 2300 1995 sci-

1327 2013 1400 2038 rent
1427 2007 1539 2039 fideles
1567 2016 1677 2037 veram
1708 2005 1899 2036 munditiem
1929 2006 2034 2045 (cuius
2058 2006 2183 2047 figurae
2206 2010 2301 2037 erant

1327 2056 1454 2082 veteres
1489 2048 1653 2090 baptismi)
1688 2048 1722 2078 in
1757 2057 1793 2078 eo
1827 2048 1887 2078 sibi
1917 2053 2080 2079 constare:
2115 2053 2152 2080 ut
2182 2049 2303 2080 scirent

1327 2095 1421 2125 etiam
1453 2093 1660 2133 completum,
1691 2090 1773 2130 quod
1798 2100 1909 2121 omnes
1932 2092 2100 2131 sanguinis
2123 2091 2302 2131 adspersio-

1329 2147 1386 2167 nes
1417 2136 1494 2167 olim
1525 2135 1750 2176 promiserant.
1797 2132 1905 2171 Quare
1934 2132 2013 2164 haec
2043 2133 2150 2165 brevis
2171 2133 2301 2174 partitio

1328 2179 1502 2219 plurimum
1539 2179 1636 2209 habet
1669 2176 1803 2217 gratiae,
1839 2175 1914 2215 quia
1944 2176 2130 2206 summatim
2160 2175 2301 2207 ostendit

1328 2232 1480 2262 quorsum
1513 2221 1685 2262 praccipue
1715 2218 1886 2250 tenderent
1915 2218 2134 2250 caeremoniae
2157 2223 2300 2250 veteres:

1329 2275 1443 2305 nempe
1466 2267 1503 2296 ut
1526 2264 1674 2295 homines
1696 2260 1736 2292 ab
1759 2260 2009 2301 inquinamentis
2032 2261 2173 2302 purgati,
2196 2266 2228 2292 et
2248 2271 2300 2292 so-

1329 2308 1388 2338 luti
1422 2308 1572 2338 omnibus
1606 2304 1750 2346 piaculis,
1787 2304 1893 2334 Deum
1929 2303 2084 2334 haberent
2113 2304 2300 2344 propitium,

1329 2355 1359 2381 et
1383 2351 1429 2381 illi
1451 2352 1732 2382 consecrarentur:
1767 2345 1882 2377 deinde
1912 2346 2081 2377 veritatem
2111 2347 2144 2377 in
2167 2347 2301 2378 Christo

1330 2394 1427 2424 fuisse
1456 2393 1646 2427 exhibitam,
1676 2389 1752 2429 quia
1781 2389 1835 2419 lex
1861 2394 1991 2428 praeter
2015 2389 2156 2420 visibiles
2179 2390 2301 2430 figuras

1329 2436 1410 2467 nihil
1446 2436 1593 2467 habebat.
1639 2433 1713 2472 Qua
1747 2432 1786 2463 de
1819 2441 1854 2462 re
1883 2431 1977 2471 plura
2005 2431 2025 2463 9
2053 2437 2084 2462 et
2109 2432 2150 2463 10
2172 2432 2212 2463 ad
2236 2432 2301 2463 He-

1329 2478 1441 2510 braeos
1463 2479 1567 2519 capite
1590 2477 1739 2508 diximus,

1414 2521 1556 2561 Spiritus
1577 2523 1620 2552 esi
1643 2519 1698 2559 qui
1724 2516 1912 2556 testificatur.
1957 2516 2028 2548 Hoc
2045 2519 2190 2549 membro
2207 2517 2299 2549 docte

1330 2564 1489 2604 quomodo
1524 2565 1589 2595 vim
1623 2563 1710 2593 illam
1746 2559 1870 2591 Christi
1898 2560 2041 2591 sentiant
2071 2560 2200 2592 fideles:
2225 2560 2300 2600 quia

1330 2607 1452 2639 scilicet
1480 2607 1541 2638 Dei
1564 2606 1697 2646 spiritus
1720 2612 1775 2634 eos
1797 2601 1951 2634 certiores
1974 2602 2106 2634 reddat:
2131 2608 2162 2634 et
2181 2613 2222 2634 ne
2245 2613 2299 2633 va-

1330 2649 1417 2681 cillet
1451 2659 1561 2681 eorum
1595 2648 1684 2687 fides,
1720 2645 1809 2676 addit
1838 2643 1966 2685 plenam
1990 2648 2023 2676 et
2045 2645 2179 2677 solidam
2202 2645 2300 2676 firmi-
