2513 3126
139 185 198 216 153

137 283 230 316 simul
255 283 432 314 mittendus
455 287 548 314 essct.
585 282 654 312 Hoc
678 290 786 311 rarum
811 284 859 312 est
883 280 956 312 fidei
980 281 1105 321 experi-

139 331 298 366 mentum,
351 326 531 366 relinquere
579 322 661 363 quod
709 323 768 354 sub
817 333 914 354 manu
962 330 1024 359 est,
1075 328 1106 354 et

138 378 218 409 quae
252 369 361 408 procul
396 374 470 400 sunt
500 370 532 399 et
562 365 654 397 nobis
683 365 864 406 incognita,
900 375 1102 405 quaeramus.

136 411 219 443 Nam
237 421 336 451 quum
354 411 444 443 Deus
465 410 556 442 illum
580 409 721 449 migrare
744 408 841 445 iubet,
866 419 930 439 non
955 409 1106 449 designat

135 454 241 486 locum
257 455 290 485 in
307 464 369 494 quo
388 454 465 486 velit
486 461 559 483 eum
583 450 713 491 degere:
737 452 793 483 sed
816 461 1007 491 suspensum
1031 462 1104 492 per-

135 497 329 537 plexumque
358 496 455 528 animi
484 494 647 534 relinquit.
683 494 777 532 Veni,
801 494 914 534 inquit,
938 494 971 525 in
998 494 1103 526 locum

135 550 231 580 quem
265 538 449 571 monstrabo
483 537 550 569 tibi.
608 536 771 576 Quorsum
809 536 872 568 loci
906 537 1104 568 notationem

135 583 251 620 differt,
275 583 338 614 nisi
354 585 390 613 ut
404 580 507 621 magis
523 590 559 612 ac
576 580 678 620 magis
694 584 884 611 exerceatur
908 579 976 611 eius
999 579 1104 611 fides?

134 625 178 657 Et
211 629 338 666 poterat
368 622 486 654 natalis
516 623 576 655 soli
607 633 697 654 amor
727 632 791 653 non
822 622 916 653 modo
940 622 1104 654 retardare

134 668 285 700 Abrahae
300 666 506 703 alacritatem,
531 665 587 697 sed
606 675 738 706 prorsus
755 669 864 696 tenere
880 665 1015 705 ligatum
1036 667 1103 697 eius

133 711 288 749 animum,
318 719 358 741 ne
388 708 482 740 domo
511 709 623 740 exiret.
669 708 744 739 Non
774 707 918 749 vulgaris
941 717 1018 748 ergo
1041 707 1104 739 fuit

133 754 202 785 eius
230 752 318 789 fides,
347 761 428 791 quae
450 752 496 782 ita
518 750 668 783 omnibus
692 750 837 791 abruptis
860 750 1103 791 impedimentis

131 806 203 828 euin
226 795 332 835 rapuit
355 804 417 835 quo
442 793 604 826 Dominus
627 794 772 826 vocabat.

214 838 242 869 9.
276 836 357 869 Fide
384 838 605 878 peregrinatus
639 840 690 868 est.
743 836 814 868 Hoc
845 841 894 868 est
923 836 1102 868 secuudum

130 881 325 913 membrum:
360 880 444 920 quod
478 885 597 912 terram
631 880 815 920 ingressus,
856 880 913 911 vix
947 883 1102 920 tanquam

130 924 312 964 alienigena.
341 928 372 955 et
401 923 580 964 inquilinus
609 923 778 962 excipitur.
824 922 889 954 Ubi
912 922 968 954 illa
991 921 1101 954 haere-

129 967 212 999 ditas
235 977 332 1007 quam
355 965 564 1006 speraverat?
610 965 765 997 Protinus
794 969 880 997 certe
902 965 934 996 in
959 970 1101 997 mentem

128 1010 176 1041 illi
206 1010 316 1042 venire
339 1009 454 1050 potuit,
484 1019 518 1041 se
542 1008 641 1040 fuisse
664 1019 683 1040 a
707 1009 776 1040 Deo
800 1008 968 1040 delusum:
998 1009 1101 1040 maior

127 1053 224 1084 etiam
241 1052 297 1083 illa
314 1052 534 1084 frustrationis
549 1051 672 1092 species
695 1061 792 1092 quam
815 1051 980 1091 apostolus
1003 1051 1097 1083 omit-

127 1096 178 1134 tit,
202 1095 286 1136 quod
309 1095 405 1136 paulo
428 1100 500 1135 post
523 1105 598 1126 eum
619 1094 694 1126 inde
718 1094 820 1126 fames
842 1094 984 1135 expellit,
1017 1093 1100 1135 quod

126 1138 267 1170 secundo
301 1139 395 1170 etiam
436 1138 562 1178 cogitur
601 1139 712 1178 fugere
751 1138 785 1168 in
826 1141 947 1169 terram
984 1136 1100 1169 Gerar.

127 1181 194 1213 Sed
225 1181 388 1221 apostolus
416 1181 495 1212 satis
526 1180 642 1212 habuit
664 1190 729 1212 uno
752 1180 851 1212 verbo
873 1179 1100 1212 commendare

127 1225 195 1256 eius
224 1223 511 1265 perseverantiam,
542 1233 641 1264 quum
671 1223 753 1254 dixit
783 1223 881 1255 fuisse
904 1223 1099 1264 inquilinum

126 1273 232 1299 terrae
247 1267 443 1308 promissae:
466 1276 541 1298 nam
558 1266 708 1306 inquilini
727 1265 867 1298 conditio
891 1266 1099 1307 promissioni

125 1315 195 1341 erat
233 1310 404 1341 contraria.
458 1309 554 1348 Quod
596 1319 674 1350 ergo
716 1309 843 1341 fortiter
876 1308 959 1341 hanc
993 1313 1098 1340 tenta·

126 1353 244 1384 tionem
268 1353 422 1385 sustinuit
445 1352 623 1390 Abraham,
655 1352 793 1394 insignis
816 1352 922 1384 virtus
944 1351 1018 1384 fuit:
1042 1351 1099 1384 sed

125 1405 207 1436 quae
230 1395 349 1436 prodiit
372 1406 412 1426 ex
435 1396 504 1427 sola
526 1395 597 1426 fide.

212 1438 290 1471 Oum
312 1438 408 1470 Isaac
431 1441 459 1470 et
481 1438 581 1470 Iacob.
618 1438 692 1469 Non
716 1438 880 1479 significat
900 1438 960 1469 sub
982 1437 1098 1470 iisdem

125 1481 341 1513 tabernaculis
371 1481 425 1513 vel
456 1482 567 1513 eodem
595 1486 738 1521 tempore
760 1491 815 1513 eos
838 1480 1011 1521 habitasse,
1041 1481 1098 1513 sed

124 1524 255 1556 comites
278 1524 430 1556 Abrahae
462 1524 613 1565 adiungit
641 1524 745 1555 filium
773 1528 806 1555 et
828 1526 989 1564 nepotem,
1024 1524 1098 1565 quia

124 1567 322 1608 peregrinati
363 1566 485 1599 fuerint
525 1567 558 1598 in
596 1567 796 1598 haeredit-ate
833 1567 892 1599 sibi
928 1567 1098 1608 promissa,

124 1620 229 1651 neque
252 1615 361 1642 tamen
384 1610 569 1647 defecerint,
594 1613 756 1650 utcunque
772 1610 805 1641 in
821 1610 953 1651 longum
970 1615 1098 1650 tempus

123 1652 208 1693 ipsos
226 1652 319 1685 Deus
338 1653 534 1685 extraheret.
564 1653 650 1685 Nam
673 1663 737 1693 quo
760 1653 887 1694 longior
912 1653 972 1684 fuit
996 1663 1097 1692 mora,

123 1705 159 1727 eo
182 1696 286 1737 magis
308 1697 412 1729 crevit
435 1697 586 1728 tentatio:
618 1697 680 1728 nisi
706 1697 851 1736 opposito
881 1695 955 1728 fidei
985 1696 1096 1737 clypeo

124 1748 236 1770 omnes
259 1739 495 1771 dubitationem
517 1740 656 1772 insultus
679 1740 883 1780 repulissent.

209 1781 259 1814 10.
293 1782 524 1824 Ezspectabant
556 1783 646 1815 enim.
705 1782 826 1815 Reddit
866 1793 998 1815 causam
1039 1793 1096 1814 cur

123 1823 200 1855 fidei
222 1823 384 1858 adscribat
406 1836 517 1858 eorum
552 1826 773 1858 tolerantiam:
808 1836 924 1867 nempe
956 1826 1032 1866 quia
1061 1826 1095 1857 in

125 1866 248 1898 coelum
269 1869 476 1909 respicerent.
521 1869 594 1901 Hoc
617 1879 695 1901 vero
718 1869 778 1901 fuit
795 1869 904 1901 videre
926 1878 1007 1909 quae
1030 1879 1094 1900 non

125 1908 286 1942 videntur.
323 1911 530 1953 Quamquam
554 1913 639 1944 enim
665 1912 725 1944 hoc
747 1913 811 1944 iam
835 1922 991 1953 magnum
1015 1916 1094 1950 erat,

125 1952 164 1983 de
181 1957 286 1985 terrae
301 1955 502 1994 possessione
517 1955 617 1987 fidem
639 1954 700 1987 sibi
722 1965 741 1986 a
755 1954 828 1987 Deo
852 1954 961 1987 datam
985 1955 1096 1987 fovere

124 1997 156 2026 in
182 1996 307 2034 animis,
331 1997 430 2030 donec
447 2002 519 2039 post
537 1999 661 2038 aliquot
683 1998 808 2030 saecula
831 2009 882 2030 res
905 1998 976 2039 ipsa
1000 1998 1094 2030 exhi-

123 2038 269 2069 beretur:
293 2044 401 2071 tamen
416 2051 513 2081 quum
531 2052 572 2073 ne
588 2041 654 2074 illic
677 2041 806 2082 quidem
829 2041 1012 2079 subsidunt,
1036 2041 1093 2073 sed

123 2086 299 2121 penetrant
321 2092 422 2123 usque
444 2084 476 2115 in
500 2085 634 2123 coelum,
657 2085 690 2115 in
714 2095 751 2116 eo
775 2084 972 2117 luculentius
995 2084 1092 2116 fidem

124 2133 217 2155 suam
252 2124 481 2158 demonstrant.
536 2127 669 2159 Coelum
705 2132 800 2160 vocat
833 2127 971 2159 urbem
1005 2127 1095 2158 fun-

126 2167 144 2198 d
155 2177 174 2198 a
185 2174 279 2206 tam,
303 2168 393 2199 cuius
409 2173 512 2201 status
527 2175 703 2211 perpetuus
719 2175 781 2202 est:
804 2181 903 2210 quum
919 2171 953 2201 in
970 2170 1093 2202 mundo

125 2209 207 2240 nihil
235 2210 277 2242 sit
300 2211 363 2242 nisi
386 2211 521 2243 fluidum
543 2215 576 2244 et
598 2213 765 2246 caducum.
810 2213 883 2245 Hoc
906 2218 1014 2245 autem
1037 2214 1093 2245 ab·

125 2252 259 2284 surdum
283 2253 383 2285 videri
407 2259 524 2295 posset,
547 2256 630 2296 quod
652 2256 759 2288 Deum
784 2257 860 2288 facit
882 2256 962 2288 coeli
985 2256 1093 2288 condi-

125 2301 236 2335 torem,
260 2297 352 2337 quasi
372 2307 436 2328 non
460 2302 578 2329 terram
601 2308 726 2340 quoque
749 2300 916 2332 creaverit.
948 2299 1093 2339 Respon-

125 2339 193 2379 deo,
216 2339 291 2380 quia
306 2340 339 2371 in
356 2340 494 2372 terrenis
510 2342 680 2374 structuris
696 2342 736 2373 ad
751 2342 917 2374 materiem
937 2342 1094 2375 accedunt

127 2382 292 2414 hominum
327 2394 460 2422 manus,
492 2383 557 2415 illis
593 2382 654 2415 Dei
688 2386 851 2426 opificium
886 2396 951 2416 non
985 2386 1093 2426 inepte

125 2425 251 2466 opponi.
296 2425 461 2467 Quidquid
485 2431 591 2458 autem
616 2427 655 2458 ab
677 2427 862 2460 hominibus
885 2429 1094 2468 construitur,

126 2472 252 2499 autores
274 2479 350 2501 suos
368 2470 439 2510 ipsa
461 2469 671 2501 instabilitate
693 2470 808 2502 refert:
830 2471 925 2503 sicuti
948 2471 1095 2504 coelestis

126 2512 211 2543 vitae
241 2513 438 2553 perpetuitas
467 2513 528 2544 Dei
558 2512 734 2544 conditoris
763 2518 898 2546 naturae
931 2514 1090 2547 convenit.

125 2555 205 2586 Eius
238 2565 334 2595 porro
365 2556 604 2596 exspectatione
634 2556 794 2588 sublevari
825 2568 920 2589 omne
949 2557 1093 2589 taedium

125 2597 216 2629 docet
247 2599 420 2639 apostolus,
456 2609 495 2630 ne
526 2609 669 2640 unquam
693 2599 798 2631 Deum
829 2600 991 2641 sequendo
1023 2601 1092 2632 fati-

123 2651 246 2682 gemur.

1017 184 1163 215 CAPUT
1188 184 1247 216 XI.

2068 190 2127 221 154

1245 281 1294 311 11.
1325 281 1404 313 Fide
1437 285 1463 314 et
1495 283 1566 322 ipsa
1599 282 1692 314 Sara.
1745 283 1790 315 Ut
1823 284 1884 316 sibi
1920 294 1983 315 non
2019 287 2126 318 minus

1157 333 1254 363 quam
1272 323 1349 355 viris
1366 325 1515 357 mulieres
1531 325 1615 357 hanc
1631 325 1810 358 doctrinam
1835 337 2038 359 communem
2058 339 2127 361 esse

1157 366 1354 406 intelligant,
1390 366 1488 399 Sarac
1523 367 1708 409 exemplum
1743 369 1890 401 adducit:
1924 380 2021 410 quam
2056 372 2126 403 ideo

1156 419 1233 448 prae
1249 409 1320 440 aliis
1336 411 1488 449 nominat,
1512 411 1596 451 quod
1620 411 1764 442 omnium
1788 412 1933 444 fidelium
1956 413 1998 445 sit
2014 420 2125 446 mater.

1156 451 1223 483 Sed
1253 452 1371 483 mirum
1400 457 1447 484 est
1470 453 1687 486 commendari
1710 454 1778 485 eius
1801 455 1897 486 fidem
1921 466 2002 496 quae
2026 457 2127 489 incre-

1157 494 1302 525 dulitatis
1331 494 1438 534 palam
1468 497 1629 536 arguitur:
1665 497 1738 538 quia
1769 498 1876 537 angeli
1902 508 2011 530 vocem
2034 500 2126 531 velut

1157 536 1333 568 fabulosam
1366 537 1477 568 rideat.
1530 538 1643 580 Neque
1673 540 1759 571 enim
1789 539 2011 573 admirationis
2041 543 2125 574 risus

1157 579 1209 610 ille
1233 580 1307 611 fuit:
1339 580 1456 620 alioqui
1484 591 1545 612 uon
1571 587 1635 613 tani
1660 593 1770 614 severe
1793 583 1990 623 reprehensa
2015 585 2125 617 fuisset

1156 622 1195 654 ab
1219 623 1344 663 angelo.
1387 623 1571 654 Fatendum
1595 632 1642 656 est
1666 624 1844 657 diffidentia
1868 626 2003 657 mixtam
2027 628 2125 659 fuisse

1156 666 1223 697 eius
1247 665 1357 697 fidem:
1390 666 1447 697 sed
1476 667 1628 706 quoniam
1652 669 1774 700 monita
1798 667 2009 700 diffidentiam
2033 680 2125 701 suam

1154 708 1296 749 corrigit,
1327 708 1539 741 nihilominus
1570 711 1754 750 agnoscitur
1784 721 1802 742 a
1824 710 1895 742 Deo
1918 716 1948 742 et
1972 711 2125 744 laudatur

1155 751 1223 782 eius
1239 751 1327 783 fides.
1360 751 1456 791 Quod
1475 762 1552 792 ergo
1575 753 1666 784 initio
1688 754 1789 786 reiicit
1813 754 1904 794 quasi
1929 754 2124 796 incredibile,

1154 794 1351 835 simulatque
1381 794 1472 826 audit
1494 805 1534 826 ex
1557 805 1611 826 ore
1636 795 1696 827 Dei
1719 797 1907 836 profectum,
1938 797 2125 829 obedienter

1155 837 1280 878 recipit.
1330 839 1438 878 Atque
1468 837 1545 870 hinc
1572 837 1686 869 utilem
1716 839 1894 871 doctrinam
1924 840 2124 882 colligimus:

1153 880 1237 920 quod
1271 881 1368 911 etiam
1401 880 1494 921 siqua
1527 881 1561 911 in
1595 885 1686 921 parte
1720 883 1848 914 vacillet
1882 886 1938 914 aut
1968 883 2126 916 claudicet

1153 922 1233 954 fides
1267 929 1387 962 nost-ra,
1421 934 1486 954 non
1521 923 1640 955 desinit
1673 925 1800 964 probari
1834 925 1921 964 Deo,
1955 926 2051 958 modo
2085 937 2125 958 ne

1154 966 1354 997 diffidentiae
1389 970 1518 998 nostrae
1553 966 1787 1007 indulgeamus.
1845 967 1982 999 Summa
2015 973 2124 1001 autem

1153 1015 1210 1046 est,
1241 1008 1435 1041 miraculum
1466 1008 1551 1049 quod
1576 1013 1651 1041 tunc
1675 1009 1775 1041 edidit
1798 1009 1886 1042 Deus
1910 1021 2009 1051 quum
2033 1012 2126 1043 Isaac

1152 1052 1281 1093 genitus
1305 1052 1375 1090 fuit,
1399 1052 1539 1084 fructum
1561 1051 1636 1084 fidei
1660 1052 1811 1084 Abrahae
1833 1059 1863 1084 et
1889 1054 1997 1086 uxoris
2021 1054 2121 1086 fuisse

1153 1105 1215 1135 qua
1238 1094 1302 1126 Dei
1326 1095 1485 1127 virtutem
1509 1095 1805 1135 apprehenderunt.

1241 1138 1322 1178 Quia
1351 1137 1482 1177 fidelem.
1533 1137 1719 1179 Diligenter
1747 1139 1908 1170 notandae
1938 1146 2012 1171 sunt
2043 1141 2125 1171 istae

1152 1182 1304 1220 rationes,
1327 1192 1408 1221 quae
1432 1182 1498 1213 vim
1521 1185 1735 1222 naturamque
1760 1180 1832 1213 fidei
1855 1182 2052 1222 exprimunt.
2088 1181 2125 1214 Si

1152 1224 1224 1264 quis
1258 1228 1385 1255 tantum
1415 1224 1525 1256 audiat
1549 1223 1665 1256 Saram
1696 1224 1758 1256 fide
1789 1225 1953 1264 peperisse
1981 1225 2125 1257 nondum

1152 1267 1228 1307 quid
1259 1267 1319 1299 hoc
1346 1267 1407 1299 sibi
1438 1267 1518 1299 velit
1546 1272 1753 1307 assequetur:
1788 1267 1845 1299 sed
1869 1267 1948 1299 haec
1970 1269 2125 1308 expositio

1151 1320 1248 1350 quam
1272 1310 1436 1351 apostolus
1459 1310 1605 1349 attexuit,
1629 1310 1715 1342 tollit
1737 1320 1866 1341 omnem
1891 1309 2125 1342 difficultatem.

1151 1352 1247 1385 Hane
1276 1353 1363 1385 enim
1387 1353 1484 1385 fuisse
1506 1352 1610 1385 Sarae
1632 1352 1731 1385 fidem
1755 1353 1928 1393 praedicat,
1963 1353 2047 1393 quod
2072 1365 2124 1384 ve—

1151 1406 1259 1428 racem
1275 1396 1432 1428 iudicavit
1447 1396 1565 1434 Deum,
1589 1396 1685 1437 idque
1701 1396 1735 1427 in
1759 1397 1825 1428 suis
1847 1396 2124 1437 promissionibus.

1152 1439 1254 1471 Cuius
1277 1440 1455 1471 sententiae
1482 1439 1544 1471 duo
1567 1444 1645 1471 sunt
1667 1439 1821 1471 membra.
1866 1439 2016 1470 Primum
2039 1440 2124 1470 euim

1152 1482 1227 1514 hinc
1244 1483 1403 1520 docemur,
1427 1482 1555 1514 nullam
1578 1482 1700 1523 absque
1724 1482 1821 1514 verbo
1836 1481 1899 1513 Dei
1922 1492 1991 1514 esse
2014 1482 2123 1514 fidem:

1152 1527 1227 1565 quia
1259 1526 1298 1557 de
1328 1526 1398 1557 eius
1431 1525 1567 1557 veritate
1601 1525 1748 1566 persuasi
1778 1535 1844 1557 non
1875 1525 1995 1557 erimus
2025 1525 2124 1557 donec

1152 1568 1304 1609 loquutus
1333 1570 1384 1600 sit.
1435 1568 1530 1608 Quod
1562 1578 1662 1600 unum
1693 1568 1820 1600 abunde
1851 1568 1938 1600 valet
1968 1568 2008 1600 ad
2039 1568 2122 1599 refu-

1152 1611 1287 1643 tandum
1314 1611 1534 1652 sophistarum
1557 1616 1778 1643 commentum
1802 1611 1841 1643 de
1865 1611 1927 1643 fide
1951 1611 2122 1652 implicita:

1150 1665 1278 1695 semper
1309 1656 1397 1686 enim
1425 1655 1565 1687 tenenda
1588 1660 1637 1687 est
1660 1659 1773 1686 mutua
1795 1655 1881 1686 inter
1904 1655 2036 1686 verbum
2062 1654 2124 1685 Dei

1150 1703 1182 1729 et
1211 1698 1307 1730 fidem
1338 1702 1482 1730 nostram
1512 1698 1634 1730 relatio.
1680 1698 1747 1730 Sed
1777 1698 1853 1738 quia
1883 1698 1915 1729 in
1939 1697 2002 1729 Dei
2029 1697 2124 1729 bene-

1150 1740 1292 1773 volentia
1324 1741 1496 1782 praecipue
1530 1742 1580 1782 (ut
1614 1742 1679 1773 iam
1717 1741 1836 1772 dictum
1875 1740 1936 1782 est)
1970 1740 2123 1771 fundatur

1149 1784 1240 1823 fides,
1260 1785 1330 1816 ideo
1347 1795 1411 1816 non
1428 1784 1594 1824 quodlibet
1609 1784 1755 1822 verbum,
1779 1784 1929 1824 quamvis
1944 1783 2122 1824 profectum

1149 1838 1189 1859 ex
1223 1828 1291 1859 eius
1324 1838 1395 1864 ore,
1436 1827 1616 1860 sufficeret:
1651 1827 1707 1860 sed
1739 1827 1915 1868 requiritur
1948 1826 2121 1867 promissio

1147 1870 1273 1910 gratiae
1307 1871 1408 1903 testis.
1461 1869 1680 1910 Quamobrem
1715 1869 1831 1903 dicitur
1859 1870 1942 1902 Sara
1975 1878 2122 1901 veracem

1148 1913 1306 1945 iudicasse
1323 1913 1431 1946 Deum
1449 1913 1504 1954 qui
1528 1915 1730 1954 promiserat.
1774 1913 1865 1945 Haec
1887 1913 2021 1952 inquam
2045 1921 2122 1943 vera

1148 1961 1196 2004 est
1227 1955 1316 1994 fides,
1351 1966 1432 1997 quae
1463 1961 1496 1988 et
1518 1957 1625 1989 Deum
1656 1957 1841 1997 loquentem
1872 1954 1963 1988 audit
1994 1959 2026 1986 et
2049 1964 2121 1995 pro-

1147 2000 1300 2031 missione
1323 1999 1392 2031 eius
1415 2000 1539 2032 nititur.

1235 2043 1284 2073 12.
1307 2042 1361 2074 Ex
1389 2053 1450 2075 uno
1477 2043 1574 2084 geniti
1605 2045 1687 2075 sunt.
1742 2041 1879 2073 Iudaeos
1910 2041 2006 2073 etiam
2033 2050 2119 2072 nunc

1146 2085 1310 2123 admonet,
1338 2085 1401 2118 fide
1424 2097 1494 2118 esse
1518 2087 1639 2118 factum
1663 2091 1699 2117 ut
1722 2085 1788 2116 sint
1811 2084 1963 2117 Abrahae
1986 2083 2120 2116 soboles.

1148 2128 1229 2160 Erat
1258 2129 1346 2160 enim
1368 2129 1432 2160 iam
1456 2130 1548 2170 quasi
1571 2129 1800 2161 semimortuus
1823 2127 2008 2159 Abraham:
2039 2126 2122 2158 Sara

1149 2182 1242 2210 uxor,
1266 2182 1349 2211 quae
1373 2172 1406 2203 in
1429 2172 1508 2204 flore
1532 2172 1649 2204 aetatis
1669 2171 1788 2203 sterilis
1811 2171 1928 2208 fuerat,
1951 2170 2015 2201 iam
2032 2169 2121 2201 senio

1148 2215 1273 2246 effoeta.
1319 2214 1424 2247 Citius
1452 2226 1528 2256 ergo
1558 2215 1665 2247 oleum
1695 2225 1735 2246 ex
1766 2213 1873 2254 lapide
1901 2214 2003 2245 fluere
2027 2212 2121 2243 debe-

1148 2256 1211 2296 bat,
1242 2268 1337 2297 quam
1369 2268 1409 2289 ex
1439 2258 1504 2289 illis
1534 2257 1662 2299 prodire
1685 2257 1803 2297 aliquis
1828 2256 1976 2297 populus.
2020 2254 2121 2294 Atqui

1147 2301 1318 2332 innumera
1348 2301 1520 2333 multitudo
1547 2301 1700 2333 nascitur.
1746 2299 1784 2332 Si
1807 2310 1893 2331 nunc
1917 2298 2039 2339 origine
2062 2306 2121 2345 sua

1147 2343 1337 2383 superbiunt
1360 2344 1482 2382 Iudaei,
1516 2354 1646 2376 causam
1676 2343 1856 2375 attendant.
1901 2342 1996 2373 Certe
2025 2339 2119 2380 quid-

1147 2387 1223 2426 quid
1254 2390 1338 2424 sunt,
1373 2386 1448 2419 fidei
1471 2386 1625 2419 Abrahae
1648 2391 1680 2418 et
1705 2385 1806 2418 Sarae
1830 2383 2035 2417 tribuendum
2060 2387 2118 2414 est.

1148 2429 1243 2461 Unde
1275 2429 1430 2470 sequitur,
1463 2441 1528 2462 non
1562 2430 1656 2461 aliter
1689 2440 1784 2470 quam
1820 2428 1882 2458 fide
1913 2427 2051 2457 retinere
2082 2434 2118 2457 ac

1148 2473 1230 2504 tueri
1254 2482 1347 2513 posse
1370 2473 1456 2514 ipsos
1480 2484 1576 2514 quem
1600 2471 1787 2513 consequuti
1811 2474 1887 2502 sunt
1909 2474 2038 2501 statum.

1235 2558 1283 2589 13.
1315 2558 1490 2591 Secundum
1511 2559 1602 2598 fidem
1624 2557 1737 2589 mortui
1758 2557 1829 2587 sunt
1857 2555 1912 2587 isti
1934 2564 2037 2587 omnes
2058 2564 2119 2587 non

1147 2602 1278 2640 acceptis
1302 2601 1577 2641 promissionibus:
1610 2600 1663 2632 secl
1689 2609 1785 2639 quum
1811 2598 1920 2638 procul
1948 2608 2001 2630 eas
2021 2598 2117 2629 vidis-

1147 2647 1222 2684 sent,
1252 2647 1279 2676 ec
1302 2645 1512 2685 credidissent,
1544 2646 1569 2675 cc
1591 2643 1789 2682 salutassent,
1819 2644 1846 2674 et
1867 2641 1999 2681 confessi
2021 2642 2118 2673 essent
