2912 4368
426 918 487 949 465

426 1019 573 1052 tremere,
598 1023 694 1052 quum
720 1012 874 1043 adversus
896 1011 1014 1052 glorias
1038 1010 1190 1049 probroso
1208 1011 1390 1049 insurgunt.
1420 1040 1421 1047 ,

425 1055 485 1085 Εο1
515 1056 600 1085 enim
635 1056 694 1086 1100
726 1056 928 1094 prodigiosae
959 1053 1175 1092 arrogantiae,
1210 1064 1267 1093 pro
1291 1053 1393 1083 nihilo

426 1097 541 1129 ducere
575 1098 710 1138 gloriam
746 1108 826 1137 quae
860 1097 891 1126 in
927 1096 1093 1126 ordinibus
1124 1106 1141 1126 a
1172 1096 1242 1126 Doo
1282 1096 1393 1135 positis

425 1141 572 1180 refulget.
618 1141 717 1171 Porro
750 1151 811 1170 non
843 1138 974 1169 dubium
1006 1143 1054 1168 est
1078 1139 1152 1177 quin
1179 1139 1236 1169 1100
1261 1139 1394 1169 1101111110

425 1183 560 1222 imperia
601 1188 632 1214 et
674 1182 882 1222 magistratus
923 1181 1078 1221 designet.
1132 1182 1274 1212 Tametsi
1309 1181 1393 1212 enim

424 1226 547 1256 nullum
584 1230 631 1256 est
666 1226 843 1265 legitimum
881 1224 965 1254 vitae
1000 1234 1102 1264 genus
1137 1224 1219 1263 quod
1255 1235 1318 1254 11011
1354 1224 1395 1254 sit

423 1268 517 1299 laude
553 1268 700 1308 dignum:
736 1267 853 1297 scimus
888 1271 995 1297 tamen
1028 1277 1104 1306 prae
1135 1267 1205 1297 aliis
1237 1267 1394 1297 excellere

424 1312 670 1350 magistratuum
690 1310 904 1340 functionem:
931 1310 1006 1348 quia
1024 1309 1085 1339 Dei
1111 1310 1195 1340 vices
1218 1314 1335 1350 gerunt
1361 1310 1392 1339 in

423 1353 634 1393 gubernando
665 1352 808 1382 humano
839 1362 965 1392 genere.
1011 1351 1096 1382 Vere
1128 1352 1228 1391 igitur
1255 1352 1394 1392 gloriosa

425 1400 474 1427 est
505 1396 581 1426 haec
605 1397 745 1434 potestas
769 1395 801 1425 in
826 1405 889 1434 qua
914 1394 1003 1425 Deus
1027 1395 1094 1434 ipse
1117 1395 1247 1425 eminet.
1293 1396 1393 1425 Tene-

424 1449 496 1469 mus
527 1448 611 1468 nunc
642 1436 716 1476 quid
745 1437 804 1469 hoc
828 1437 966 1469 secundo
997 1437 1139 1468 membro
1170 1438 1248 1468 velit
1272 1444 1394 1477 aposto-

424 1481 490 1511 lus:
515 1490 629 1519 nempe
648 1481 725 1511 istos
751 1480 789 1510 de
813 1480 929 1519 quibus
952 1480 1100 1519 loquitur,
1126 1481 1222 1511 fuisse
1247 1480 1393 1511 homines

424 1523 636 1563 phreneticos,
661 1523 896 1562 turbarumque
920 1527 951 1553 et
975 1523 1171 1553 confusionis
1196 1529 1392 1563 appetentes.

424 1565 509 1604 Quia
540 1575 633 1595 nemo
664 1568 768 1605 potest
797 1565 952 1607 ἀναρχίαν
977 1566 1097 1595 mundo
1122 1566 1282 1602 iuducere,
1315 1566 1392 1605 quin

424 1607 552 1645 ἀταξίαν
569 1608 716 1639 inducat:
742 1609 793 1639 isti
810 1616 916 1639 autem
942 1609 1101 1648 intrepide
1126 1609 1243 1648 probra
1266 1619 1392 1639 evome-

423 1651 499 1681 bant
530 1652 562 1680 in
595 1652 815 1691 magistratus,
848 1656 882 1682 ut
910 1662 1035 1682 omnem
1061 1651 1180 1691 publici
1204 1652 1282 1682 iuris
1306 1661 1394 1682 reve-

422 1694 559 1724 rentiam
595 1693 753 1725 tollerent.
806 1694 877 1725 Hoc
912 1700 1018 1725 autem
1052 1699 1119 1725 erat
1150 1695 1256 1724 Deum
1287 1694 1393 1733 palam

423 1736 490 1766 suis
532 1736 741 1776 blasphemiis
778 1737 941 1776 impetere.
1002 1737 1100 1768 Multi
1139 1737 1234 1767 hodie
1272 1747 1394 1776 quoque

422 1778 578 1809 eiusmodi
609 1779 785 1810 turbulenti
810 1780 956 1811 homines
981 1780 1184 1815 exstiterunt,
1210 1780 1264 1819 qui
1288 1786 1393 1819 potes-

422 1824 522 1852 tatem
558 1821 655 1861 gladii
690 1823 857 1862 profanam
893 1828 922 1853 et
957 1823 1099 1854 illicitam
1131 1833 1199 1853 esse
1230 1823 1394 1859 iactantes,

422 1874 550 1895 omnem
580 1865 723 1904 politiam
750 1865 865 1896 furiose
890 1871 1035 1897 evertere
1059 1870 1253 1905 satagerent.
1300 1865 1395 1895 Tales

421 1906 520 1937 furias
552 1907 668 1938 excitat
693 1907 805 1946 Satan,
836 1919 915 1948 quae
940 1908 1100 1949 evangelii
1124 1918 1254 1938 cursum
1279 1907 1394 1938 distur-

422 1949 509 1980 bent.
555 1949 620 1981 Sed
652 1951 815 1990 praeclare
845 1952 911 1991 egit
942 1951 1109 1982 nobiscum
1134 1950 1304 1988 Dominus,
1340 1950 1395 1990 qui

422 2002 487 2023 non
517 1992 610 2023 modo
641 1994 679 2023 ab
710 1994 769 2025 hoc
802 1994 925 2024 exitiali
955 2004 1081 2024 veneno
1112 1994 1292 2024 cavendum
1326 2003 1395 2024 csse

422 2034 603 2066 admonuit:
638 2036 693 2066 sed
725 2037 825 2067 veteri
861 2038 957 2068 etiam
988 2036 1135 2076 exemplo
1167 2046 1225 2066 nos
1255 2036 1395 2067 munivit

423 2076 580 2109 adversus
603 2079 800 2110 scandalum.
847 2079 961 2119 Itaque
986 2080 1080 2110 nimis
1104 2078 1248 2119 improbe
1273 2080 1395 2110 faciunt

421 2119 574 2159 capitatae,
611 2131 709 2152 ‘mum
745 2122 913 2153 seditiosos
947 2122 1092 2153 homines
1116 2128 1224 2152 nostra
1250 2122 1396 2153 doctrina

534 2164 572 2181 ²⁴²
741 2170 802 2196 tur.
853 2165 954 2204 Quasi
991 2176 1065 2196 vero
1099 2176 1162 2196 non
1199 2165 1283 2195 idem
1318 2165 1395 2195 olim

820 2208 946 2246 “tuci-it,
971 2208 1023 2248 qui
1043 2212 1151 2238 tamen
1169 2207 1207 2238 ab
1226 2208 1285 2238 hac
1302 2207 1396 2247 eulpa

881 2293 1084 2333 '‘aecipitem
1110 2303 1219 2323 eorum
1244 2302 1396 2333 arrogan-

976 2347 989 2366 s
1013 2336 1071 2366 sibi
1097 2336 1244 2366 licentiae
1266 2346 1394 2366 sumere

1001 2379 1018 2409 d
1047 2380 1164 2409 mirum
1189 2382 1238 2409 est
1261 2388 1317 2408 cur
1341 2389 1394 2409 an-

1012 2422 1110 2452 11111υο
1130 2421 1285 2452 iudicium
1310 2421 1393 2452 ferre

1020 2464 1103 2495 rdini
1127 2464 1252 2494 adversi
1276 2469 1394 2502 essent,

1011 2506 1099 2538 ium?

1009 2556 1065 2581 unt
1090 2552 1121 2580 in
1147 2550 1260 2580 eodem
1284 2560 1392 2581 secum

1008 2593 1149 2624 Ι1100110111
1174 2593 1274 2623 movit
1298 2599 1331 2623 ut
1356 2593 1394 2623 de

1012 2636 1059 2666 zed
1084 2636 1142 2666 1100
1166 2636 1259 2666 modo
1284 2636 1394 2667 absur-

1021 2680 1123 2709 ›modo
1147 2680 1232 2709 enim
1259 2680 1393 2711 homini—

1027 2722 1138 2760 Satan,
1161 2722 1214 2761 qui
1239 2723 1343 2752 omnis
1360 2724 1392 2754 in

1024 2766 1127 2795 *einde
1151 2775 1261 2795 eorum
1286 2766 1393 2804 opinio

1034 2808 1114 2839 netis
1145 2818 1239 2847 porro
1269 2809 1393 2847 angelis

1036 2856 1205 2890 eputamus
1240 2853 1392 2890 temporis

1037 2904 1065 2924 ic
1089 2904 1199 2924 omnes
1223 2895 1391 2933 magistra-

1039 2937 1112 2976 gelii
1130 2936 1248 2967 hostes.
1281 2937 1391 2974 Quare

1042 2980 1183 3010 *eclesiae
1208 2980 1391 3011 custodibus

1063 3023 1097 3052 2is
1133 3022 1279 3052 damnari
1315 3023 1390 3054 dicit

1076 3075 1099 3101 3,
1124 3069 1159 3095 ut
1176 3066 1391 3096 reverentiam

1096 3118 1119 3137 e.
1155 3107 1252 3144 Hace,
1277 3109 1391 3149 inquit,

1108 3152 1128 3180 ti
1164 3150 1323 3190 intrepide
1357 3152 1390 3182 in

1132 3199 1198 3224 unt.

1179 3281 1232 3319 lia,
1260 3283 1388 3312 nacara-

1199 3324 1288 3354 wibzcs
1311 3335 1329 3354 11
1336 3324 1391 3355 istil

1229 3368 1390 3405 peribunt:

1320 917 1468 948 CAPUT
1494 918 1533 948 Il.

1160 2506 1325 2545 Quorsum
1360 2507 1392 2537 in
1419 2535 1421 2540 ,

2358 925 2419 954 mit]

1450 1012 1496 1042 13.
1515 1012 1690 1051 recipientes·
1713 1014 1878 1043 mercedem
1902 1016 2089 1046 inim-tiliae:
2109 1027 2169 1056 pro
2191 1017 2344 1056 voluptate
2363 1020 2419 1049 ‹In-

1420 1050 1544 1085 lcvntes
1575 1056 1607 1085 iit
1638 1055 1720 1086 diem
1752 1056 1820 1093 frui
1855 1057 1977 1094 aalma,
2013 1059 2095 1089 labes
2125 1062 2150 1090 ct
2180 1061 2319 1091 maculae
2345 1062 2418 1092 Aah-

1447 1098 1560 1128 listulas
1605 1099 1638 1129 in
1687 1098 1844 1129 erroribus
1888 1100 1970 1137 setis,
2019 1103 2207 1133 cantitantes·
2250 1104 2419 1135 vobiscum:

1450 1140 1497 1170 14.
1522 1140 1623 1171 oculos
1653 1139 1794 1171 lcabrnlcs·
1819 1141 1927 1179 plenos
1955 1144 2121 1181 adullcrrw,
2156 1149 2181 1175 et
2205 1146 2356 1185 inquietos
2380 1149 2420 1177 ml

1442 1184 1640 1221 peccandmn,
1674 1184 1843 1214 mesenates
1865 1186 1988 1215 animas·
2012 1186 2178 1223 instabile-x,
2210 1200 2259 1219 cor
2281 1189 2420 1221 hahentes·

1447 1227 1647 1256 ‹xrcrcitatmn
1677 1226 1905 1265 cupiditatibus,
1940 1229 2142 1260 arsecrabzsslvs
2164 1231 2234 1268 filii.
2283 1232 2331 1263 15.
2360 1233 2420 1272 Qui

1446 1268 1551 1298 rstlicfrt
1584 1272 1663 1300 recta
1694 1270 1745 1299 via
1769 1270 1998 1310 aberraverunt,
2028 1273 2149 1309 sequuti
2173 1275 2255 1304 viam
2283 1275 2420 1307 Balaam

1443 1311 1505 1349 filit
1530 1311 1642 1350 Bocor,
1666 1313 1720 1351 (sut
1742 1313 1908 1343 mercedem
1932 1314 2105 1344 iniustitiae
2127 1315 2248 1347 diletis«.-
2298 1319 2343 1349 16.
2368 1319 2421 1349 sed

1446 1354 1631 1393 rrdaryustaae
1660 1356 1722 1393 fuit
1753 1356 1789 1386 (Ic
1818 1366 1878 1385 succ
1907 1356 2087 1395 iniquitate:
2122 1358 2420 1401 (1111111111,ςῑιΙιὶῑιμαῖε

1446 1399 1579 1468 2111111111,
1614 1397 1751 1428 hamtuna
1784 1408 1850 1429 voce
1884 1398 2023 1439 loquens,
2063 1400 2225 1439 prohibuit
2253 1404 2420 1442 prophetae

1445 1451 1451 1469 1
1466 1440 1636 1469 ementiam.

1535 1545 1583 1577 12.
1615 1546 1675 1577 Ista
1703 1550 1813 1587 autem,
1846 1550 1896 1578 etc.
1949 1548 2164 1589 Prosequitur
2195 1552 2280 1590 quod
2312 1553 2417 1585 dicere

1447 1593 1598 1628 coeperat
1633 1588 1670 1619 de
1706 1590 1810 1629 impiis
1844 1596 1875 1621 et
1905 1591 2048 1622 scelestis
2080 1592 2142 1623 illis
2165 1596 2415 1633 corruptoribus.

1448 1632 1596 1662 Primum
1614 1638 1721 1662 autem
1738 1643 1842 1664 mores
1860 1633 2031 1665 dissolutos
2051 1641 2082 1665 et
2105 1635 2294 1668 obscoenam
2320 1640 2420 1671 totius

1448 1675 1533 1705 vitae
1564 1675 1742 1713 nequitiam
1773 1678 1878 1706 taxat:
1914 1676 2030 1708 deinde
2060 1678 2105 1709 010
2132 1679 2268 1711 audaces
2293 1685 2325 1711 et
2349 1693 2419 1721 pro-

1420 1733 1421 1741 1
1448 1723 1557 1748 tervos
1581 1727 1650 1748 esse
1674 1717 1759 1756 dicit,
1782 1724 1817 1748 111
1840 1720 1967 1750 scurrili
1991 1730 2049 1751 sua
2072 1722 2264 1760 garrulitate
2287 1734 2321 1754 se
2345 1725 2419 1756 insi-

1448 1765 1549 1790 nuent
1583 1760 1615 1790 in
1652 1760 1827 1791 multorum
1863 1763 2010 1801 gratiam.
2071 1764 2218 1795 Primum
2254 1773 2421 1807 comparat

1448 1813 1501 1833 eos
1533 1803 1672 1834 brutis
1703 1804 1970 1844 animalibus,
2005 1816 2085 1845 quae
2115 1808 2146 1837 in
2177 1808 2236 1839 1100
2268 1809 2419 1841 videntur

1449 1850 1524 1876 nata
1541 1851 1576 1876 ut
1599 1856 1631 1876 se
1656 1847 1689 1876 in
1713 1846 1823 1886 plagas
1847 1847 1994 1886 induant,
2018 1855 2048 1879 et
2072 1850 2111 1879 ad
2135 1861 2226 1881 suum
2251 1852 2418 1884 interitum

1448 1889 1578 1927 proprio
1608 1889 1731 1928 impetu
1762 1891 1921 1920 terantur:
1955 1901 1991 1921 ac
2013 1892 2040 1922 si
2065 1892 2192 1929 diecret,
2229 1894 2326 1926 nullis
2350 1896 2419 1927 1110-

1420 1952 1421 1958 1
1447 1932 1550 1962 cebris
1579 1931 1735 1969 inductos,
1766 1938 1881 1971 sponte
1913 1944 2084 1974 properare
2108 1941 2141 1966 ut
2165 1947 2198 1967 se
2222 1937 2254 1967 in
2279 1937 2422 1969 Satanae

1449 1978 1480 2005 et
1504 1975 1616 2005 mortis
1641 1974 1773 2014 laqueos
1796 1976 1975 2014 proiiciant.
2010 1977 2074 2008 Pro
2097 1989 2134 2009 00
2158 1979 2241 2018 quod
2267 1982 2423 2012 vertimus

1450 2018 1710 2048 naturaliter
1740 2019 1897 2058 genita,
1934 2020 2051 2051 Petrus
2086 2021 2125 2052 ad
2156 2022 2290 2053 verbum
2325 2024 2423 2055 habet

1451 2060 1610 2091 naturalia
1633 2061 1759 2100 genita:
1789 2061 1843 2091 sed
1868 2062 1905 2092 ad
1931 2073 2060 2094 sensum
2086 2074 2196 2103 parum
2222 2066 2330 2104 refert,
2355 2068 2422 2097 sive

1450 2103 1589 2133 alterum
1616 2114 1656 2133 ex
1682 2104 1731 2134 his
1756 2104 1879 2134 duobus
1902 2106 1940 2135 ab
1964 2106 2025 2136 alio
2047 2108 2196 2146 quopiam
2221 2110 2422 2148 suppositum

1450 2147 1556 2183 fuerit,
1580 2147 1648 2177 sive
1672 2153 1835 2185 utrunque
1860 2148 2015 2186 ponendo,
2041 2151 2145 2189 magis
2169 2152 2349 2189 exprimere
2371 2163 2422 2183 vo-

1450 2189 1546 2219 luerit
1576 2190 1658 2228 quod
1687 2190 1822 2221 dicebat.
1869 2190 1964 2229 Quod
1988 2192 2085 2228 addit,
2121 2194 2421 2226 maledicentes

1450 2233 1488 2262 in
1513 2233 1656 2271 quibus
1682 2233 1786 2263 nihil
1812 2233 2075 2273 intelligunt,
2099 2237 2237 2274 pertinet
2254 2238 2293 2267 ad
2313 2249 2422 2277 super-

1450 2275 1533 2305 biam
1568 2276 1659 2305 euius
1694 2276 1841 2314 proxime
1874 2278 2030 2307 meminit.
2087 2279 2173 2309 Dicit
2208 2280 2315 2319 igitur,
2351 2281 2421 2312 ideo

1449 2318 1632 2357 petulanter
1663 2318 1701 2348 ab
1734 2318 1805 2349 aliis
1834 2320 1996 2349 contemni
2026 2331 2153 2351 omnem
2184 2323 2420 2360 excellentiam,

1449 2362 1523 2399 quia
1549 2372 1679 2400 prorsus
1703 2361 1937 2400 obstupuerint,
1961 2368 1996 2392 ut
2021 2363 2100 2393 nihil
2126 2375 2143 2394 a
2164 2365 2338 2403 pecudibus
2363 2367 2421 2397 dif-

1449 2404 1564 2434 ferant.
1597 2404 1768 2434 Caeterum
1786 2405 1837 2435 ubi
1855 2405 1955 2444 posui,
1980 2407 2017 2435 in
2035 2408 2281 2445 perniciem,
2306 2409 2421 2440 deinde

1448 2447 1487 2476 111
1512 2448 1757 2486 corruption
1770 2458 1802 2485 e,
1826 2455 1960 2487 utroque
1983 2448 2051 2479 1000
2075 2454 2123 2481 001
2148 2460 2263 2481 nomen
2284 2451 2419 2492 φθορᾶς,

1447 2490 1502 2520 sed
1534 2490 1621 2520 vario
1648 2495 1825 2529 acceptum.
1872 2491 1955 2521 Nam
1981 2502 2078 2531 quum
2103 2493 2261 2532 perituros
2285 2495 2362 2526 dicit
2386 2496 2420 2526 in

1446 2543 1504 2563 sua
1534 2534 1747 2572 corruptione,
1779 2533 1870 2564 docet
1898 2534 2046 2565 exitiales
2077 2535 2138 2567 illis
2168 2537 2234 2567 fore
2258 2547 2332 2568 suas
2354 2548 2420 2569 cor-

1446 2576 1599 2616 ruptelas.

1534 2639 1583 2670 13.
1609 2639 1673 2671 Pro
1702 2640 1855 2679 voluptate
1880 2641 2029 2673 ducentes.
2077 2643 2122 2673 Ae
2147 2643 2172 2673 si
2197 2643 2325 2682 diceret,
2350 2645 2419 2676 feli-

1446 2683 1574 2714 citatem
1606 2687 1755 2713 statuunt
1786 2684 1817 2714 in
1850 2685 2074 2723 praesentibus
2108 2685 2234 2717 delitiis.
2291 2686 2419 2719 Scimus

1447 2727 1478 2756 in
1504 2726 1563 2756 1100
1586 2726 1780 2765 praecellere
1805 2727 1907 2758 brutis
1931 2727 2122 2758 animalibus
2148 2728 2303 2766 homines,
2335 2731 2419 2770 quod

1446 2769 1588 2799 animum
1615 2769 1743 2809 longius
1767 2770 1998 2810 circumagunt.
2037 2771 2123 2810 Ergo
2140 2771 2225 2802 istud
2248 2772 2418 2814 indignum

1446 2816 1495 2841 est
1531 2812 1675 2849 homine,
1710 2813 1858 2851 occupari
1894 2814 1927 2843 in
1963 2815 2123 2853 praesenti
2158 2824 2265 2845 sensu.
2323 2816 2417 2855 Quod

1445 2854 1597 2885 admonet
1627 2855 1832 2886 extricandas
1862 2867 1930 2886 esse
1961 2861 2085 2887 montes
2113 2867 2130 2887 a
2152 2857 2259 2889 carnis
2289 2858 2416 2899 delitiis,

1446 2898 1507 2927 nisi
1542 2898 1679 2928 velimus
1713 2898 1745 2928 in
1781 2899 1937 2937 pecudum
1972 2898 2117 2930 ordinem
2153 2900 2264 2940 redigi.
2321 2901 2418 2940 Quod

1445 2941 1601 2980 sequitur,
1637 2941 1723 2972 hune
1755 2941 1851 2971 habet-
1881 2952 2021 2979 sensum,
2058 2942 2117 2973 Isti
2146 2952 2204 2974 vos
2232 2954 2267 2975 ac
2291 2950 2416 2976 coetum

1445 2989 1590 3014 vestrum
1616 2983 1716 3014 foedis
1740 2984 1873 3014 maculis
1897 2984 2110 3024 adspergunt:
2142 2996 2214 3016 nam
2242 2986 2318 3017 dum
2342 2997 2416 3027 epu-

1445 3026 1554 3057 lantur
1585 3026 1761 3064 vobiscum,
1792 3027 1886 3057 simul
1918 3027 2127 3058 luxuriantur
2158 3028 2189 3059 in
2214 3029 2279 3060 suis
2302 3030 2415 3061 errori-

1445 3070 1513 3107 bus,
1536 3079 1661 3100 amores
1686 3070 1884 3100 meretricios
1908 3075 1938 3099 et
1962 3070 2122 3109 perditam
2146 3071 2416 3103 incontinentiam

1443 3112 1542 3143 oeulis
1573 3117 1730 3152 gestuque
1760 3113 1957 3151 exprimunt.
2003 3113 2161 3144 Erasmus
2193 3114 2237 3144 sic
2266 3115 2415 3156 reddidit,

1444 3155 1664 3186 Convivantes
1687 3156 1720 3185 in
1737 3155 1898 3186 erroribus
1922 3156 1998 3194 suis,
2022 3156 2179 3186 insultant
2203 3156 2302 3188 vobis.
2350 3157 2416 3190 Sed

1443 3197 1523 3227 illud
1556 3198 1652 3228 nimis
1686 3204 1829 3229 coactum
1864 3203 1921 3228 est.
1978 3199 2091 3229 Posset
2129 3210 2192 3229 non
2227 3200 2336 3241 inepte
2370 3202 2416 3233 ita

1443 3241 1577 3279 exponi,
1621 3240 1786 3272 vobiscum
1826 3241 2010 3280 epulantes,
2040 3251 2098 3272 vos
2122 3242 2308 3280 petulanter
2332 3244 2414 3275 ludi-

1443 3284 1511 3313 brio
1546 3283 1667 3314 habent
1702 3284 1734 3313 in
1769 3284 1834 3314 suis
1865 3284 2036 3315 erroribus.
2091 3285 2159 3325 Ego
2190 3290 2298 3317 tamen
2331 3287 2414 3326 quod

1443 3326 1582 3356 maxime
1600 3326 1762 3365 probabile
1781 3325 1958 3363 videbatur,
1975 3326 2108 3358 reddidi.
2141 3327 2284 3359 Plenos
2301 3330 2413 3360 adul-

1444 3374 1557 3399 terae
1588 3369 1730 3400 oculos
1764 3374 1854 3399 vocat
1886 3369 2081 3407 libidinosos,
2116 3375 2147 3401 et
2176 3371 2229 3410 qui
2255 3372 2412 3412 intempe-

2165 3429 2198 3455 30
