<?xml version="1.0" encoding="UTF-8"?>
<!DOCTYPE html PUBLIC "-//W3C//DTD XHTML 1.0 Transitional//EN"
    "http://www.w3.org/TR/xhtml1/DTD/xhtml1-transitional.dtd">
<html xmlns="http://www.w3.org/1999/xhtml" xml:lang="en" lang="en">
 <head>
  <title>
</title>
<meta http-equiv="Content-Type" content="text/html;charset=utf-8" />
  <meta name='ocr-system' content='tesseract 3.04.00' />
  <meta name='ocr-capabilities' content='ocr_page ocr_carea ocr_par ocr_line ocrx_word'/>
</head>
<body>
  <div class='ocr_page' id='page_1' title='image "./ioanniscalviniop55calv_0105.png"; bbox 0 0 2513 3126; ppageno 0'>
   <div class='ocr_carea' id='block_1_1' title="bbox 143 172 203 204">
    <p class='ocr_par' dir='ltr' id='par_1_1' title="bbox 143 172 203 204">
     <span class='ocr_line' id='line_1_1' title="bbox 143 172 203 204; baseline 0.033 -2"><span class='ocrx_word' id='word_1_1' title='bbox 143 172 203 204; x_wconf 77' lang='lat'><strong>173</strong></span> 
     </span>
    </p>
   </div>
   <div class='ocr_carea' id='block_1_2' title="bbox 143 271 1125 2663">
    <p class='ocr_par' dir='ltr' id='par_1_2' title="bbox 143 271 1124 1467">
     <span class='ocr_line' id='line_1_2' title="bbox 143 271 1114 316; baseline -0.005 -9"><span class='ocrx_word' id='word_1_2' title='bbox 143 283 230 307; x_wconf 88' lang='lat' dir='ltr'><strong>nnnc</strong></span> <span class='ocrx_word' id='word_1_3' title='bbox 262 283 326 307; x_wconf 90' lang='lat' dir='ltr'><strong>non</strong></span> <span class='ocrx_word' id='word_1_4' title='bbox 355 273 423 316; x_wconf 83' lang='lat' dir='ltr'><strong>agit</strong></span> <span class='ocrx_word' id='word_1_5' title='bbox 447 271 626 315; x_wconf 84' lang='lat' dir='ltr'><strong>apostolus:</strong></span> <span class='ocrx_word' id='word_1_6' title='bbox 659 275 787 305; x_wconf 83' lang='lat' dir='ltr'><strong>tantum</strong></span> <span class='ocrx_word' id='word_1_7' title='bbox 811 271 912 313; x_wconf 84' lang='lat' dir='ltr'><strong>docet,</strong></span> <span class='ocrx_word' id='word_1_8' title='bbox 943 281 1114 313; x_wconf 88' lang='lat' dir='ltr'><strong>persequu-</strong></span> 
     </span>
     <span class='ocr_line' id='line_1_3' title="bbox 143 315 1116 359; baseline -0.005 -10"><span class='ocrx_word' id='word_1_9' title='bbox 143 319 258 356; x_wconf 83' lang='lat' dir='ltr'><strong>tiones,</strong></span> <span class='ocrx_word' id='word_1_10' title='bbox 290 328 370 359; x_wconf 91' lang='lat' dir='ltr'><strong>quas</strong></span> <span class='ocrx_word' id='word_1_11' title='bbox 389 327 448 358; x_wconf 88' lang='lat' dir='ltr'><strong>pro</strong></span> <span class='ocrx_word' id='word_1_12' title='bbox 474 316 642 358; x_wconf 85' lang='lat' dir='ltr'><strong>evangelio</strong></span> <span class='ocrx_word' id='word_1_13' title='bbox 666 317 875 355; x_wconf 74' lang='lat' dir='ltr'>sustinemus,</span> <span class='ocrx_word' id='word_1_14' title='bbox 904 315 967 346; x_wconf 83' lang='lat' dir='ltr'><strong>alio</strong></span> <span class='ocrx_word' id='word_1_15' title='bbox 989 323 1116 354; x_wconf 87' lang='lat' dir='ltr'><strong>quoque</strong></span> 
     </span>
     <span class='ocr_line' id='line_1_4' title="bbox 144 355 1114 399; baseline -0.006 -7"><span class='ocrx_word' id='word_1_16' title='bbox 144 361 277 392; x_wconf 86' lang='lat' dir='ltr'><strong>nomine</strong></span> <span class='ocrx_word' id='word_1_17' title='bbox 313 371 383 392; x_wconf 87' lang='lat' dir='ltr'><strong>esse</strong></span> <span class='ocrx_word' id='word_1_18' title='bbox 417 359 508 392; x_wconf 86' lang='lat' dir='ltr'><strong>nobis</strong></span> <span class='ocrx_word' id='word_1_19' title='bbox 541 359 655 391; x_wconf 88' lang='lat' dir='ltr'><strong>utiles:</strong></span> <span class='ocrx_word' id='word_1_20' title='bbox 695 360 769 399; x_wconf 80' lang='lat' dir='ltr'><strong>quia</strong></span> <span class='ocrx_word' id='word_1_21' title='bbox 802 357 943 389; x_wconf 82' lang='lat' dir='ltr'><strong>remedia</strong></span> <span class='ocrx_word' id='word_1_22' title='bbox 977 357 1042 387; x_wconf 90' lang='lat' dir='ltr'><strong>sint</strong></span> <span class='ocrx_word' id='word_1_23' title='bbox 1076 355 1114 387; x_wconf 83' lang='lat' dir='ltr'><strong>ad</strong></span> 
     </span>
     <span class='ocr_line' id='line_1_5' title="bbox 144 399 1116 444; baseline -0.007 -9"><span class='ocrx_word' id='word_1_24' title='bbox 144 404 376 435; x_wconf 91' lang='lat' dir='ltr'><strong>destruendum</strong></span> <span class='ocrx_word' id='word_1_25' title='bbox 406 408 582 444; x_wconf 88' lang='lat' dir='ltr'><strong>peccatum.</strong></span> <span class='ocrx_word' id='word_1_26' title='bbox 628 402 711 433; x_wconf 87' lang='lat' dir='ltr'><strong>Nam</strong></span> <span class='ocrx_word' id='word_1_27' title='bbox 743 402 802 433; x_wconf 87' lang='lat' dir='ltr'><strong>hoe</strong></span> <span class='ocrx_word' id='word_1_28' title='bbox 825 400 919 432; x_wconf 90' lang='lat' dir='ltr'><strong>modo</strong></span> <span class='ocrx_word' id='word_1_29' title='bbox 945 399 1034 430; x_wconf 87' lang='lat' dir='ltr'><strong>Deus</strong></span> <span class='ocrx_word' id='word_1_30' title='bbox 1057 399 1116 429; x_wconf 88' lang='lat' dir='ltr'><strong>sub</strong></span> 
     </span>
     <span class='ocr_line' id='line_1_6' title="bbox 146 445 1117 486; baseline -0.007 -8"><span class='ocrx_word' id='word_1_31' title='bbox 146 446 335 485; x_wconf 86' lang='lat' dir='ltr'><strong>disciplinae</strong></span> <span class='ocrx_word' id='word_1_32' title='bbox 363 456 439 477; x_wconf 87' lang='lat' dir='ltr'><strong>suae</strong></span> <span class='ocrx_word' id='word_1_33' title='bbox 470 446 545 486; x_wconf 90' lang='lat' dir='ltr'><strong>iugo</strong></span> <span class='ocrx_word' id='word_1_34' title='bbox 577 455 635 476; x_wconf 90' lang='lat' dir='ltr'><strong>nos</strong></span> <span class='ocrx_word' id='word_1_35' title='bbox 665 445 796 482; x_wconf 84' lang='lat' dir='ltr'><strong>retinet,</strong></span> <span class='ocrx_word' id='word_1_36' title='bbox 830 453 871 474; x_wconf 92' lang='lat' dir='ltr'><strong>ne</strong></span> <span class='ocrx_word' id='word_1_37' title='bbox 901 451 976 474; x_wconf 89' lang='lat' dir='ltr'><strong>caro</strong></span> <span class='ocrx_word' id='word_1_38' title='bbox 1007 447 1117 472; x_wconf 91' lang='lat' dir='ltr'><strong>nostra</strong></span> 
     </span>
     <span class='ocr_line' id='line_1_7' title="bbox 145 483 1117 521; baseline -0.007 -1"><span class='ocrx_word' id='word_1_39' title='bbox 145 488 312 521; x_wconf 82' lang='lat' dir='ltr'><strong>lasciviat:</strong></span> <span class='ocrx_word' id='word_1_40' title='bbox 335 488 499 520; x_wconf 88' lang='lat' dir='ltr'><strong>interdum</strong></span> <span class='ocrx_word' id='word_1_41' title='bbox 519 487 615 520; x_wconf 89' lang='lat' dir='ltr'><strong>etiam</strong></span> <span class='ocrx_word' id='word_1_42' title='bbox 632 486 820 518; x_wconf 77' lang='lat' dir='ltr'><strong>ferocientes</strong></span> <span class='ocrx_word' id='word_1_43' title='bbox 836 489 973 516; x_wconf 89' lang='lat' dir='ltr'><strong>coercet:</strong></span> <span class='ocrx_word' id='word_1_44' title='bbox 999 483 1117 514; x_wconf 89' lang='lat' dir='ltr'><strong>delicta</strong></span> 
     </span>
     <span class='ocr_line' id='line_1_8' title="bbox 146 525 1117 571; baseline -0.007 -8"><span class='ocrx_word' id='word_1_45' title='bbox 146 533 312 563; x_wconf 90' lang='lat' dir='ltr'><strong>interdum</strong></span> <span class='ocrx_word' id='word_1_46' title='bbox 342 538 452 562; x_wconf 88' lang='lat' dir='ltr'><strong>nostra</strong></span> <span class='ocrx_word' id='word_1_47' title='bbox 481 531 582 571; x_wconf 85' lang='lat' dir='ltr'><strong>punit,</strong></span> <span class='ocrx_word' id='word_1_48' title='bbox 616 535 652 561; x_wconf 89' lang='lat' dir='ltr'><strong>ut</strong></span> <span class='ocrx_word' id='word_1_49' title='bbox 676 530 707 560; x_wconf 91' lang='lat' dir='ltr'><strong>in</strong></span> <span class='ocrx_word' id='word_1_50' title='bbox 733 534 896 568; x_wconf 86' lang='lat' dir='ltr'><strong>posterum</strong></span> <span class='ocrx_word' id='word_1_51' title='bbox 920 537 978 558; x_wconf 88' lang='lat' dir='ltr'><strong>nos</strong></span> <span class='ocrx_word' id='word_1_52' title='bbox 1003 525 1117 557; x_wconf 89' lang='lat' dir='ltr'><strong>reddat</strong></span> 
     </span>
     <span class='ocr_line' id='line_1_9' title="bbox 147 568 1116 614; baseline -0.008 -8"><span class='ocrx_word' id='word_1_53' title='bbox 147 575 318 607; x_wconf 77' lang='lat' dir='ltr'><strong>cautiores.</strong></span> <span class='ocrx_word' id='word_1_54' title='bbox 365 573 444 605; x_wconf 88' lang='lat' dir='ltr'><strong>Sive</strong></span> <span class='ocrx_word' id='word_1_55' title='bbox 473 584 549 614; x_wconf 87' lang='lat' dir='ltr'><strong>ergo</strong></span> <span class='ocrx_word' id='word_1_56' title='bbox 576 572 664 603; x_wconf 85' lang='lat' dir='ltr'><strong>vitiis</strong></span> <span class='ocrx_word' id='word_1_57' title='bbox 694 570 812 601; x_wconf 82' lang='lat' dir='ltr'><strong>nostris</strong></span> <span class='ocrx_word' id='word_1_58' title='bbox 842 568 1018 606; x_wconf 83' lang='lat' dir='ltr'>medeatur,</span> <span class='ocrx_word' id='word_1_59' title='bbox 1048 569 1116 599; x_wconf 87' lang='lat' dir='ltr'><strong>sive</strong></span> 
     </span>
     <span class='ocr_line' id='line_1_10' title="bbox 148 611 1116 657; baseline -0.007 -9"><span class='ocrx_word' id='word_1_60' title='bbox 148 623 324 657; x_wconf 90' lang='lat' dir='ltr'><strong>antequam</strong></span> <span class='ocrx_word' id='word_1_61' title='bbox 339 626 518 657; x_wconf 79' lang='lat' dir='ltr'><strong>peccemus,</strong></span> <span class='ocrx_word' id='word_1_62' title='bbox 542 618 685 654; x_wconf 87' lang='lat' dir='ltr'><strong>occupet,</strong></span> <span class='ocrx_word' id='word_1_63' title='bbox 710 613 753 643; x_wconf 87' lang='lat' dir='ltr'><strong>ita</strong></span> <span class='ocrx_word' id='word_1_64' title='bbox 777 622 834 643; x_wconf 87' lang='lat' dir='ltr'><strong>nos</strong></span> <span class='ocrx_word' id='word_1_65' title='bbox 852 618 981 643; x_wconf 77' lang='lat' dir='ltr'><strong>exercet</strong></span> <span class='ocrx_word' id='word_1_66' title='bbox 996 612 1029 642; x_wconf 95' lang='lat' dir='ltr'><strong>in</strong></span> <span class='ocrx_word' id='word_1_67' title='bbox 1047 611 1116 648; x_wconf 88' lang='lat' dir='ltr'><strong>hac,</strong></span> 
     </span>
     <span class='ocr_line' id='line_1_11' title="bbox 149 655 1116 698; baseline -0.007 -7"><span class='ocrx_word' id='word_1_68' title='bbox 149 660 240 691; x_wconf 83' lang='lat' dir='ltr'><strong>euius</strong></span> <span class='ocrx_word' id='word_1_69' title='bbox 277 659 424 691; x_wconf 87' lang='lat' dir='ltr'><strong>meminit</strong></span> <span class='ocrx_word' id='word_1_70' title='bbox 458 657 634 698; x_wconf 87' lang='lat' dir='ltr'><strong>apostolus,</strong></span> <span class='ocrx_word' id='word_1_71' title='bbox 675 660 786 686; x_wconf 87' lang='lat' dir='ltr'><strong>contra</strong></span> <span class='ocrx_word' id='word_1_72' title='bbox 820 661 986 694; x_wconf 86' lang='lat' dir='ltr'><strong>peccatum</strong></span> <span class='ocrx_word' id='word_1_73' title='bbox 1021 655 1116 685; x_wconf 87' lang='lat' dir='ltr'><strong>lucta.</strong></span> 
     </span>
     <span class='ocr_line' id='line_1_12' title="bbox 147 697 1117 742; baseline -0.007 -8"><span class='ocrx_word' id='word_1_74' title='bbox 147 702 220 734; x_wconf 86' lang='lat' dir='ltr'><strong>Hoc</strong></span> <span class='ocrx_word' id='word_1_75' title='bbox 243 701 372 742; x_wconf 90' lang='lat' dir='ltr'><strong>quidem</strong></span> <span class='ocrx_word' id='word_1_76' title='bbox 397 701 519 732; x_wconf 84' lang='lat' dir='ltr'><strong>honore</strong></span> <span class='ocrx_word' id='word_1_77' title='bbox 544 709 600 729; x_wconf 88' lang='lat' dir='ltr'><strong>nos</strong></span> <span class='ocrx_word' id='word_1_78' title='bbox 618 698 771 738; x_wconf 80' lang='lat' dir='ltr'>dignatur</span> <span class='ocrx_word' id='word_1_79' title='bbox 787 697 872 728; x_wconf 85' lang='lat' dir='ltr'><strong>filius</strong></span> <span class='ocrx_word' id='word_1_80' title='bbox 890 697 958 735; x_wconf 87' lang='lat' dir='ltr'><strong>Dei,</strong></span> <span class='ocrx_word' id='word_1_81' title='bbox 983 702 1019 728; x_wconf 91' lang='lat' dir='ltr'><strong>ut</strong></span> <span class='ocrx_word' id='word_1_82' title='bbox 1035 707 1117 737; x_wconf 91' lang='lat' dir='ltr'><strong>quae</strong></span> 
     </span>
     <span class='ocr_line' id='line_1_13' title="bbox 147 740 1118 786; baseline -0.007 -9"><span class='ocrx_word' id='word_1_83' title='bbox 147 755 205 786; x_wconf 89' lang='lat' dir='ltr'><strong>pro</strong></span> <span class='ocrx_word' id='word_1_84' title='bbox 236 743 405 784; x_wconf 87' lang='lat' dir='ltr'><strong>evangelio</strong></span> <span class='ocrx_word' id='word_1_85' title='bbox 439 752 496 773; x_wconf 87' lang='lat' dir='ltr'><strong>suo</strong></span> <span class='ocrx_word' id='word_1_86' title='bbox 527 741 683 781; x_wconf 88' lang='lat' dir='ltr'><strong>patimur,</strong></span> <span class='ocrx_word' id='word_1_87' title='bbox 718 740 852 771; x_wconf 89' lang='lat' dir='ltr'><strong>minime</strong></span> <span class='ocrx_word' id='word_1_88' title='bbox 882 740 967 771; x_wconf 88' lang='lat' dir='ltr'><strong>inter</strong></span> <span class='ocrx_word' id='word_1_89' title='bbox 998 749 1118 780; x_wconf 88' lang='lat' dir='ltr'><strong>poenas</strong></span> 
     </span>
     <span class='ocr_line' id='line_1_14' title="bbox 146 782 1118 828; baseline -0.006 -9"><span class='ocrx_word' id='word_1_90' title='bbox 146 788 268 828; x_wconf 84' lang='lat' dir='ltr'><strong>peccati</strong></span> <span class='ocrx_word' id='word_1_91' title='bbox 292 785 432 825; x_wconf 89' lang='lat' dir='ltr'><strong>deputet.</strong></span> <span class='ocrx_word' id='word_1_92' title='bbox 469 783 626 815; x_wconf 89' lang='lat' dir='ltr'><strong>Nostrum</strong></span> <span class='ocrx_word' id='word_1_93' title='bbox 651 788 756 814; x_wconf 90' lang='lat' dir='ltr'><strong>tamen</strong></span> <span class='ocrx_word' id='word_1_94' title='bbox 777 788 827 814; x_wconf 86' lang='lat' dir='ltr'><strong>est</strong></span> <span class='ocrx_word' id='word_1_95' title='bbox 843 793 1017 824; x_wconf 79' lang='lat' dir='ltr'><strong>agnoscere</strong></span> <span class='ocrx_word' id='word_1_96' title='bbox 1034 782 1118 823; x_wconf 91' lang='lat' dir='ltr'><strong>quod</strong></span> 
     </span>
     <span class='ocr_line' id='line_1_15' title="bbox 147 825 1120 867; baseline -0.005 -6"><span class='ocrx_word' id='word_1_97' title='bbox 147 830 201 861; x_wconf 89' lang='grc'>1110</span> <span class='ocrx_word' id='word_1_98' title='bbox 224 827 372 860; x_wconf 79' lang='lat' dir='ltr'><strong>audimus</strong></span> <span class='ocrx_word' id='word_1_99' title='bbox 395 837 436 858; x_wconf 84' lang='lat' dir='ltr'><strong>ex</strong></span> <span class='ocrx_word' id='word_1_100' title='bbox 460 827 613 867; x_wconf 91' lang='lat' dir='ltr'><strong>apostolo,</strong></span> <span class='ocrx_word' id='word_1_101' title='bbox 636 826 682 858; x_wconf 90' lang='lat' dir='ltr'><strong>sic</strong></span> <span class='ocrx_word' id='word_1_102' title='bbox 706 836 765 857; x_wconf 93' lang='lat' dir='ltr'><strong>nos</strong></span> <span class='ocrx_word' id='word_1_103' title='bbox 781 836 878 867; x_wconf 85' lang='lat' dir='ltr'><strong>agere</strong></span> <span class='ocrx_word' id='word_1_104' title='bbox 893 836 930 857; x_wconf 88' lang='lat' dir='ltr'><strong>ac</strong></span> <span class='ocrx_word' id='word_1_105' title='bbox 946 825 1120 857; x_wconf 85' lang='lat' dir='ltr'><strong>defendere</strong></span> 
     </span>
     <span class='ocr_line' id='line_1_16' title="bbox 147 869 1118 910; baseline -0.004 -7"><span class='ocrx_word' id='word_1_106' title='bbox 147 872 302 903; x_wconf 86' lang='lat' dir='ltr'><strong>adversus</strong></span> <span class='ocrx_word' id='word_1_107' title='bbox 336 870 454 910; x_wconf 90' lang='lat' dir='ltr'><strong>impios</strong></span> <span class='ocrx_word' id='word_1_108' title='bbox 484 869 609 901; x_wconf 83' lang='lat' dir='ltr'><strong>Christi</strong></span> <span class='ocrx_word' id='word_1_109' title='bbox 643 879 789 906; x_wconf 82' lang='lat' dir='ltr'><strong>causam,</strong></span> <span class='ocrx_word' id='word_1_110' title='bbox 823 875 859 900; x_wconf 90' lang='lat' dir='ltr'><strong>ut</strong></span> <span class='ocrx_word' id='word_1_111' title='bbox 892 869 1016 900; x_wconf 88' lang='lat' dir='ltr'><strong>interea</strong></span> <span class='ocrx_word' id='word_1_112' title='bbox 1046 878 1118 899; x_wconf 91' lang='lat' dir='ltr'><strong>cum</strong></span> 
     </span>
     <span class='ocr_line' id='line_1_17' title="bbox 147 911 1121 955; baseline -0.003 -10"><span class='ocrx_word' id='word_1_113' title='bbox 147 920 293 955; x_wconf 86' lang='lat' dir='ltr'><strong>peccato,</strong></span> <span class='ocrx_word' id='word_1_114' title='bbox 328 913 420 944; x_wconf 87' lang='lat' dir='ltr'><strong>hoste</strong></span> <span class='ocrx_word' id='word_1_115' title='bbox 455 912 626 949; x_wconf 88' lang='lat' dir='ltr'><strong>intestino,</strong></span> <span class='ocrx_word' id='word_1_116' title='bbox 662 912 781 943; x_wconf 90' lang='lat' dir='ltr'><strong>bellum</strong></span> <span class='ocrx_word' id='word_1_117' title='bbox 815 922 979 952; x_wconf 86' lang='lat' dir='ltr'><strong>geramus.</strong></span> <span class='ocrx_word' id='word_1_118' title='bbox 1029 911 1121 942; x_wconf 84' lang='lat' dir='ltr'><strong>Haec</strong></span> 
     </span>
     <span class='ocr_line' id='line_1_18' title="bbox 149 954 1122 997; baseline -0.002 -10"><span class='ocrx_word' id='word_1_119' title='bbox 149 956 269 997; x_wconf 81' lang='lat' dir='ltr'><strong>duplex</strong></span> <span class='ocrx_word' id='word_1_120' title='bbox 285 966 363 996; x_wconf 86' lang='lat' dir='ltr'><strong>erga</strong></span> <span class='ocrx_word' id='word_1_121' title='bbox 382 966 439 987; x_wconf 91' lang='lat' dir='ltr'><strong>nos</strong></span> <span class='ocrx_word' id='word_1_122' title='bbox 462 961 512 987; x_wconf 89' lang='lat' dir='ltr'><strong>est</strong></span> <span class='ocrx_word' id='word_1_123' title='bbox 529 955 590 987; x_wconf 92' lang='lat' dir='ltr'><strong>Dei</strong></span> <span class='ocrx_word' id='word_1_124' title='bbox 613 956 734 996; x_wconf 86' lang='lat' dir='ltr'><strong>gratia:</strong></span> <span class='ocrx_word' id='word_1_125' title='bbox 757 955 840 995; x_wconf 89' lang='lat' dir='ltr'><strong>qnod</strong></span> <span class='ocrx_word' id='word_1_126' title='bbox 864 954 1017 993; x_wconf 87' lang='lat' dir='ltr'><strong>remedia,</strong></span> <span class='ocrx_word' id='word_1_127' title='bbox 1040 964 1122 994; x_wconf 85' lang='lat' dir='ltr'><strong>quae</strong></span> 
     </span>
     <span class='ocr_line' id='line_1_19' title="bbox 145 997 1122 1038; baseline -0.002 -8"><span class='ocrx_word' id='word_1_128' title='bbox 145 999 297 1031; x_wconf 87' lang='lat' dir='ltr'><strong>curandis</strong></span> <span class='ocrx_word' id='word_1_129' title='bbox 335 998 421 1030; x_wconf 89' lang='lat' dir='ltr'><strong>vitiis</strong></span> <span class='ocrx_word' id='word_1_130' title='bbox 458 999 578 1030; x_wconf 88' lang='lat' dir='ltr'><strong>nostris</strong></span> <span class='ocrx_word' id='word_1_131' title='bbox 616 998 766 1036; x_wconf 82' lang='lat' dir='ltr'><strong>adhibet,</strong></span> <span class='ocrx_word' id='word_1_132' title='bbox 804 997 838 1028; x_wconf 90' lang='lat' dir='ltr'><strong>in</strong></span> <span class='ocrx_word' id='word_1_133' title='bbox 876 998 1038 1038; x_wconf 84' lang='lat' dir='ltr'><strong>evangelii</strong></span> <span class='ocrx_word' id='word_1_134' title='bbox 1072 997 1122 1029; x_wconf 87' lang='lat' dir='ltr'><strong>sui</strong></span> 
     </span>
     <span class='ocr_line' id='line_1_20' title="bbox 147 1040 1122 1080; baseline -0.002 -8"><span class='ocrx_word' id='word_1_135' title='bbox 147 1042 367 1073; x_wconf 80' lang='lat' dir='ltr'><strong>defensionem</strong></span> <span class='ocrx_word' id='word_1_136' title='bbox 398 1041 571 1073; x_wconf 86' lang='lat' dir='ltr'><strong>convertit.</strong></span> <span class='ocrx_word' id='word_1_137' title='bbox 622 1040 872 1072; x_wconf 85' lang='lat' dir='ltr'><strong>Meminerimus</strong></span> <span class='ocrx_word' id='word_1_138' title='bbox 902 1045 1011 1071; x_wconf 89' lang='lat' dir='ltr'><strong>autem</strong></span> <span class='ocrx_word' id='word_1_139' title='bbox 1042 1050 1122 1080; x_wconf 89' lang='lat' dir='ltr'><strong>quos</strong></span> 
     </span>
     <span class='ocr_line' id='line_1_21' title="bbox 147 1082 1121 1124; baseline -0.002 -8"><span class='ocrx_word' id='word_1_140' title='bbox 147 1084 201 1116; x_wconf 88' lang='lat' dir='ltr'><strong>hic</strong></span> <span class='ocrx_word' id='word_1_141' title='bbox 235 1084 422 1124; x_wconf 87' lang='lat' dir='ltr'><strong>compellet:</strong></span> <span class='ocrx_word' id='word_1_142' title='bbox 462 1094 578 1124; x_wconf 87' lang='lat' dir='ltr'><strong>nempe</strong></span> <span class='ocrx_word' id='word_1_143' title='bbox 612 1084 667 1123; x_wconf 91' lang='lat' dir='ltr'><strong>qui</strong></span> <span class='ocrx_word' id='word_1_144' title='bbox 701 1084 786 1114; x_wconf 90' lang='lat' dir='ltr'><strong>laeto</strong></span> <span class='ocrx_word' id='word_1_145' title='bbox 821 1084 930 1114; x_wconf 89' lang='lat' dir='ltr'><strong>animo</strong></span> <span class='ocrx_word' id='word_1_146' title='bbox 966 1082 1121 1114; x_wconf 86' lang='lat' dir='ltr'><strong>bonorum</strong></span> 
     </span>
     <span class='ocr_line' id='line_1_22' title="bbox 149 1126 1123 1167; baseline -0.002 -9"><span class='ocrx_word' id='word_1_147' title='bbox 149 1136 280 1158; x_wconf 86' lang='lat' dir='ltr'><strong>suorum</strong></span> <span class='ocrx_word' id='word_1_148' title='bbox 314 1128 472 1158; x_wconf 85' lang='lat' dir='ltr'><strong>iacturam</strong></span> <span class='ocrx_word' id='word_1_149' title='bbox 496 1127 650 1166; x_wconf 87' lang='lat' dir='ltr'><strong>fecerant,</strong></span> <span class='ocrx_word' id='word_1_150' title='bbox 681 1126 829 1167; x_wconf 84' lang='lat' dir='ltr'><strong>passique</strong></span> <span class='ocrx_word' id='word_1_151' title='bbox 852 1126 981 1157; x_wconf 83' lang='lat' dir='ltr'><strong>fuerant</strong></span> <span class='ocrx_word' id='word_1_152' title='bbox 1003 1126 1123 1157; x_wconf 86' lang='lat' dir='ltr'><strong>multas</strong></span> 
     </span>
     <span class='ocr_line' id='line_1_23' title="bbox 149 1169 1122 1210; baseline -0.002 -9"><span class='ocrx_word' id='word_1_153' title='bbox 149 1170 371 1201; x_wconf 89' lang='lat' dir='ltr'><strong>contumelias.</strong></span> <span class='ocrx_word' id='word_1_154' title='bbox 431 1170 477 1200; x_wconf 89' lang='lat' dir='ltr'><strong>Et</strong></span> <span class='ocrx_word' id='word_1_155' title='bbox 517 1174 627 1200; x_wconf 89' lang='lat' dir='ltr'><strong>tamen</strong></span> <span class='ocrx_word' id='word_1_156' title='bbox 665 1169 817 1210; x_wconf 81' lang='lat' dir='ltr'><strong>ignaviae</strong></span> <span class='ocrx_word' id='word_1_157' title='bbox 854 1178 908 1200; x_wconf 90' lang='lat' dir='ltr'><strong>eos</strong></span> <span class='ocrx_word' id='word_1_158' title='bbox 945 1169 1122 1205; x_wconf 84' lang='lat' dir='ltr'><strong>insimulat,</strong></span> 
     </span>
     <span class='ocr_line' id='line_1_24' title="bbox 148 1212 1122 1253; baseline -0.001 -10"><span class='ocrx_word' id='word_1_159' title='bbox 148 1213 235 1253; x_wconf 89' lang='lat' dir='ltr'><strong>quod</strong></span> <span class='ocrx_word' id='word_1_160' title='bbox 275 1213 309 1243; x_wconf 93' lang='lat' dir='ltr'><strong>in</strong></span> <span class='ocrx_word' id='word_1_161' title='bbox 350 1212 456 1244; x_wconf 90' lang='lat' dir='ltr'><strong>medio</strong></span> <span class='ocrx_word' id='word_1_162' title='bbox 494 1212 708 1244; x_wconf 79' lang='lat' dir='ltr'><strong>certaminum</strong></span> <span class='ocrx_word' id='word_1_163' title='bbox 747 1221 844 1244; x_wconf 90' lang='lat' dir='ltr'><strong>cursu</strong></span> <span class='ocrx_word' id='word_1_164' title='bbox 883 1212 1016 1250; x_wconf 85' lang='lat' dir='ltr'><strong>defessi,</strong></span> <span class='ocrx_word' id='word_1_165' title='bbox 1057 1222 1122 1243; x_wconf 89' lang='lat' dir='ltr'><strong>non</strong></span> 
     </span>
     <span class='ocr_line' id='line_1_25' title="bbox 147 1254 1123 1296; baseline -0.001 -10"><span class='ocrx_word' id='word_1_166' title='bbox 147 1260 279 1286; x_wconf 87' lang='lat' dir='ltr'><strong>strenue</strong></span> <span class='ocrx_word' id='word_1_167' title='bbox 305 1260 444 1296; x_wconf 84' lang='lat' dir='ltr'><strong>pergant</strong></span> <span class='ocrx_word' id='word_1_168' title='bbox 466 1255 507 1286; x_wconf 90' lang='lat' dir='ltr'><strong>ad</strong></span> <span class='ocrx_word' id='word_1_169' title='bbox 531 1261 669 1286; x_wconf 89' lang='lat' dir='ltr'><strong>mortem</strong></span> <span class='ocrx_word' id='word_1_170' title='bbox 693 1265 806 1295; x_wconf 87' lang='lat' dir='ltr'><strong>usque.</strong></span> <span class='ocrx_word' id='word_1_171' title='bbox 853 1254 964 1294; x_wconf 82' lang='lat' dir='ltr'><strong>Quare</strong></span> <span class='ocrx_word' id='word_1_172' title='bbox 987 1265 1051 1286; x_wconf 92' lang='grc'>1100</span> <span class='ocrx_word' id='word_1_173' title='bbox 1075 1260 1123 1285; x_wconf 89' lang='grc'><strong>001</strong></span> 
     </span>
     <span class='ocr_line' id='line_1_26' title="bbox 148 1297 1124 1338; baseline -0.001 -9"><span class='ocrx_word' id='word_1_174' title='bbox 148 1298 232 1337; x_wconf 90' lang='lat' dir='ltr'><strong>quod</strong></span> <span class='ocrx_word' id='word_1_175' title='bbox 264 1298 454 1329; x_wconf 83' lang='lat' dir='ltr'><strong>missionem</strong></span> <span class='ocrx_word' id='word_1_176' title='bbox 485 1298 577 1330; x_wconf 88' lang='lat' dir='ltr'><strong>nobis</strong></span> <span class='ocrx_word' id='word_1_177' title='bbox 608 1303 757 1338; x_wconf 88' lang='lat' dir='ltr'><strong>petamus</strong></span> <span class='ocrx_word' id='word_1_178' title='bbox 789 1308 808 1329; x_wconf 92' lang='lat' dir='ltr'><strong>a</strong></span> <span class='ocrx_word' id='word_1_179' title='bbox 837 1297 993 1336; x_wconf 89' lang='lat' dir='ltr'><strong>Domino,</strong></span> <span class='ocrx_word' id='word_1_180' title='bbox 1023 1297 1124 1337; x_wconf 90' lang='lat' dir='ltr'><strong>quali-</strong></span> 
     </span>
     <span class='ocr_line' id='line_1_27' title="bbox 147 1340 1124 1381; baseline -0.002 -9"><span class='ocrx_word' id='word_1_181' title='bbox 147 1350 275 1381; x_wconf 84' lang='lat' dir='ltr'><strong>cunque</strong></span> <span class='ocrx_word' id='word_1_182' title='bbox 301 1341 416 1372; x_wconf 87' lang='lat' dir='ltr'><strong>militia</strong></span> <span class='ocrx_word' id='word_1_183' title='bbox 440 1341 601 1381; x_wconf 89' lang='lat' dir='ltr'><strong>perfuncti</strong></span> <span class='ocrx_word' id='word_1_184' title='bbox 625 1341 743 1372; x_wconf 89' lang='lat' dir='ltr'><strong>simus:</strong></span> <span class='ocrx_word' id='word_1_185' title='bbox 775 1340 850 1381; x_wconf 87' lang='lat' dir='ltr'><strong>quia</strong></span> <span class='ocrx_word' id='word_1_186' title='bbox 874 1340 980 1372; x_wconf 88' lang='lat' dir='ltr'><strong>nullos</strong></span> <span class='ocrx_word' id='word_1_187' title='bbox 1004 1340 1124 1372; x_wconf 88' lang='lat' dir='ltr'><strong>habere</strong></span> 
     </span>
     <span class='ocr_line' id='line_1_28' title="bbox 148 1383 1123 1423; baseline 0 -9"><span class='ocrx_word' id='word_1_188' title='bbox 148 1383 217 1414; x_wconf 90' lang='lat' dir='ltr'><strong>vult</strong></span> <span class='ocrx_word' id='word_1_189' title='bbox 251 1383 404 1415; x_wconf 87' lang='lat' dir='ltr'><strong>Christus</strong></span> <span class='ocrx_word' id='word_1_190' title='bbox 438 1384 589 1415; x_wconf 84' lang='lat' dir='ltr'><strong>emeritos</strong></span> <span class='ocrx_word' id='word_1_191' title='bbox 622 1384 758 1421; x_wconf 87' lang='lat' dir='ltr'><strong>milites,</strong></span> <span class='ocrx_word' id='word_1_192' title='bbox 802 1384 864 1415; x_wconf 90' lang='lat' dir='ltr'><strong>nisi</strong></span> <span class='ocrx_word' id='word_1_193' title='bbox 898 1384 955 1423; x_wconf 92' lang='lat' dir='ltr'><strong>qui</strong></span> <span class='ocrx_word' id='word_1_194' title='bbox 986 1388 1123 1415; x_wconf 86' lang='lat' dir='ltr'><strong>mortem</strong></span> 
     </span>
     <span class='ocr_line' id='line_1_29' title="bbox 147 1426 431 1467; baseline 0 -10"><span class='ocrx_word' id='word_1_195' title='bbox 147 1426 249 1467; x_wconf 87' lang='lat' dir='ltr'><strong>ipsam</strong></span> <span class='ocrx_word' id='word_1_196' title='bbox 272 1427 431 1459; x_wconf 86' lang='lat' dir='ltr'><strong>vicerunt.</strong></span> 
     </span>
    </p>

    <p class='ocr_par' dir='ltr' id='par_1_3' title="bbox 149 1468 1125 2196">
     <span class='ocr_line' id='line_1_30' title="bbox 234 1468 1125 1510; baseline 0 -10"><span class='ocrx_word' id='word_1_197' title='bbox 234 1468 263 1501; x_wconf 83' lang='lat'><strong>5.</strong></span> <span class='ocrx_word' id='word_1_198' title='bbox 294 1468 338 1501; x_wconf 80' lang='lat' dir='ltr'><strong>Et</strong></span> <span class='ocrx_word' id='word_1_199' title='bbox 360 1469 446 1501; x_wconf 62' lang='lat' dir='ltr'><strong>oblita·</strong></span> <span class='ocrx_word' id='word_1_200' title='bbox 468 1470 552 1502; x_wconf 76' lang='lat' dir='ltr'><strong>estis.</strong></span> <span class='ocrx_word' id='word_1_201' title='bbox 597 1469 836 1510; x_wconf 86' lang='lat' dir='ltr'><strong>Interrogative</strong></span> <span class='ocrx_word' id='word_1_202' title='bbox 859 1469 940 1510; x_wconf 88' lang='lat' dir='ltr'><strong>lego.</strong></span> <span class='ocrx_word' id='word_1_203' title='bbox 986 1468 1125 1508; x_wconf 77' lang='lat' dir='ltr'><strong>Quaerit</strong></span> 
     </span>
     <span class='ocr_line' id='line_1_31' title="bbox 149 1512 1124 1553; baseline 0 -10"><span class='ocrx_word' id='word_1_204' title='bbox 149 1513 235 1543; x_wconf 90' lang='lat' dir='ltr'><strong>enim</strong></span> <span class='ocrx_word' id='word_1_205' title='bbox 266 1523 307 1543; x_wconf 88' lang='lat' dir='ltr'><strong>an</strong></span> <span class='ocrx_word' id='word_1_206' title='bbox 337 1512 429 1544; x_wconf 90' lang='lat' dir='ltr'><strong>obliti</strong></span> <span class='ocrx_word' id='word_1_207' title='bbox 461 1513 542 1544; x_wconf 86' lang='lat' dir='ltr'><strong>sint:</strong></span> <span class='ocrx_word' id='word_1_208' title='bbox 574 1513 761 1553; x_wconf 86' lang='lat' dir='ltr'><strong>significans</strong></span> <span class='ocrx_word' id='word_1_209' title='bbox 784 1512 931 1543; x_wconf 90' lang='lat' dir='ltr'><strong>nondum</strong></span> <span class='ocrx_word' id='word_1_210' title='bbox 954 1522 1024 1544; x_wconf 88' lang='lat' dir='ltr'><strong>esse</strong></span> <span class='ocrx_word' id='word_1_211' title='bbox 1046 1512 1124 1543; x_wconf 93' lang='lat' dir='ltr'><strong>obli-</strong></span> 
     </span>
     <span class='ocr_line' id='line_1_32' title="bbox 149 1555 1124 1596; baseline -0.001 -9"><span class='ocrx_word' id='word_1_212' title='bbox 149 1555 295 1587; x_wconf 85' lang='lat' dir='ltr'><strong>viscendi</strong></span> <span class='ocrx_word' id='word_1_213' title='bbox 337 1560 474 1596; x_wconf 89' lang='lat' dir='ltr'><strong>tempus.</strong></span> <span class='ocrx_word' id='word_1_214' title='bbox 532 1555 597 1586; x_wconf 88' lang='lat' dir='ltr'><strong>Hic</strong></span> <span class='ocrx_word' id='word_1_215' title='bbox 631 1565 709 1587; x_wconf 85' lang='lat' dir='ltr'><strong>vero</strong></span> <span class='ocrx_word' id='word_1_216' title='bbox 752 1555 934 1596; x_wconf 85' lang='lat' dir='ltr'><strong>ingreditur</strong></span> <span class='ocrx_word' id='word_1_217' title='bbox 966 1555 1001 1586; x_wconf 91' lang='lat' dir='ltr'><strong>in</strong></span> <span class='ocrx_word' id='word_1_218' title='bbox 1034 1555 1124 1586; x_wconf 85' lang='lat' dir='ltr'><strong>illam</strong></span> 
     </span>
     <span class='ocr_line' id='line_1_33' title="bbox 149 1598 1123 1639; baseline 0 -11"><span class='ocrx_word' id='word_1_219' title='bbox 149 1598 316 1630; x_wconf 89' lang='lat' dir='ltr'><strong>doctrinae</strong></span> <span class='ocrx_word' id='word_1_220' title='bbox 339 1604 474 1639; x_wconf 84' lang='lat' dir='ltr'><strong>partem,</strong></span> <span class='ocrx_word' id='word_1_221' title='bbox 496 1598 582 1638; x_wconf 86' lang='lat' dir='ltr'><strong>quod</strong></span> <span class='ocrx_word' id='word_1_222' title='bbox 606 1598 685 1629; x_wconf 90' lang='lat' dir='ltr'><strong>utile</strong></span> <span class='ocrx_word' id='word_1_223' title='bbox 709 1598 800 1629; x_wconf 90' lang='lat' dir='ltr'><strong>nobis</strong></span> <span class='ocrx_word' id='word_1_224' title='bbox 823 1598 866 1629; x_wconf 89' lang='lat' dir='ltr'><strong>sit</strong></span> <span class='ocrx_word' id='word_1_225' title='bbox 882 1608 977 1630; x_wconf 89' lang='lat' dir='ltr'><strong>cruce</strong></span> <span class='ocrx_word' id='word_1_226' title='bbox 993 1598 1123 1629; x_wconf 87' lang='lat' dir='ltr'><strong>erudiri.</strong></span> 
     </span>
     <span class='ocr_line' id='line_1_34' title="bbox 149 1639 1125 1673; baseline 0 -1"><span class='ocrx_word' id='word_1_227' title='bbox 149 1639 202 1672; x_wconf 90' lang='lat' dir='ltr'><strong>Ad</strong></span> <span class='ocrx_word' id='word_1_228' title='bbox 237 1650 309 1672; x_wconf 87' lang='lat' dir='ltr'><strong>eam</strong></span> <span class='ocrx_word' id='word_1_229' title='bbox 345 1651 412 1672; x_wconf 83' lang='lat' dir='ltr'><strong>rem</strong></span> <span class='ocrx_word' id='word_1_230' title='bbox 445 1641 549 1672; x_wconf 88' lang='lat' dir='ltr'><strong>utitur</strong></span> <span class='ocrx_word' id='word_1_231' title='bbox 579 1641 764 1672; x_wconf 88' lang='lat' dir='ltr'><strong>testimonio</strong></span> <span class='ocrx_word' id='word_1_232' title='bbox 795 1640 998 1673; x_wconf 84' lang='lat' dir='ltr'><strong>Solomonis:</strong></span> <span class='ocrx_word' id='word_1_233' title='bbox 1032 1641 1125 1673; x_wconf 87' lang='lat' dir='ltr'><strong>cuius</strong></span> 
     </span>
     <span class='ocr_line' id='line_1_35' title="bbox 152 1683 1125 1724; baseline 0.001 -10"><span class='ocrx_word' id='word_1_234' title='bbox 152 1683 216 1714; x_wconf 90' lang='lat' dir='ltr'><strong>duo</strong></span> <span class='ocrx_word' id='word_1_235' title='bbox 246 1687 323 1715; x_wconf 90' lang='lat' dir='ltr'><strong>sunt</strong></span> <span class='ocrx_word' id='word_1_236' title='bbox 345 1683 505 1715; x_wconf 89' lang='lat' dir='ltr'><strong>membra:</strong></span> <span class='ocrx_word' id='word_1_237' title='bbox 538 1684 628 1724; x_wconf 89' lang='lat' dir='ltr'><strong>prius</strong></span> <span class='ocrx_word' id='word_1_238' title='bbox 652 1689 711 1724; x_wconf 85' lang='lat' dir='ltr'><strong>est,</strong></span> <span class='ocrx_word' id='word_1_239' title='bbox 734 1694 801 1715; x_wconf 88' lang='lat' dir='ltr'><strong>non</strong></span> <span class='ocrx_word' id='word_1_240' title='bbox 824 1684 1032 1715; x_wconf 87' lang='lat' dir='ltr'><strong>reiiciendam</strong></span> <span class='ocrx_word' id='word_1_241' title='bbox 1055 1694 1125 1715; x_wconf 89' lang='lat' dir='ltr'><strong>esse</strong></span> 
     </span>
     <span class='ocr_line' id='line_1_36' title="bbox 152 1726 1124 1764; baseline 0.001 -7"><span class='ocrx_word' id='word_1_242' title='bbox 152 1727 386 1758; x_wconf 83' lang='lat' dir='ltr'><strong>correctionem</strong></span> <span class='ocrx_word' id='word_1_243' title='bbox 417 1726 569 1758; x_wconf 89' lang='lat' dir='ltr'><strong>Domini:</strong></span> <span class='ocrx_word' id='word_1_244' title='bbox 604 1728 636 1758; x_wconf 91' lang='lat' dir='ltr'><strong>in</strong></span> <span class='ocrx_word' id='word_1_245' title='bbox 668 1727 810 1758; x_wconf 89' lang='lat' dir='ltr'><strong>secundo</strong></span> <span class='ocrx_word' id='word_1_246' title='bbox 841 1737 940 1759; x_wconf 88' lang='lat' dir='ltr'><strong>causa</strong></span> <span class='ocrx_word' id='word_1_247' title='bbox 969 1726 1124 1764; x_wconf 85' lang='lat' dir='ltr'><strong>redditur,</strong></span> 
     </span>
     <span class='ocr_line' id='line_1_37' title="bbox 153 1768 1124 1811; baseline 0.001 -12"><span class='ocrx_word' id='word_1_248' title='bbox 153 1769 231 1808; x_wconf 87' lang='lat' dir='ltr'><strong>quia</strong></span> <span class='ocrx_word' id='word_1_249' title='bbox 248 1768 406 1801; x_wconf 87' lang='lat' dir='ltr'><strong>Dominus</strong></span> <span class='ocrx_word' id='word_1_250' title='bbox 429 1779 509 1810; x_wconf 87' lang='lat' dir='ltr'><strong>quos</strong></span> <span class='ocrx_word' id='word_1_251' title='bbox 532 1769 636 1811; x_wconf 86' lang='lat' dir='ltr'><strong>diligit</strong></span> <span class='ocrx_word' id='word_1_252' title='bbox 652 1770 798 1810; x_wconf 87' lang='lat' dir='ltr'><strong>castigat.</strong></span> <span class='ocrx_word' id='word_1_253' title='bbox 837 1769 1000 1809; x_wconf 80' lang='lat' dir='ltr'><strong>Quoniam</strong></span> <span class='ocrx_word' id='word_1_254' title='bbox 1017 1775 1124 1801; x_wconf 89' lang='lat' dir='ltr'><strong>autem</strong></span> 
     </span>
     <span class='ocr_line' id='line_1_38' title="bbox 150 1811 1124 1853; baseline 0.001 -10"><span class='ocrx_word' id='word_1_255' title='bbox 150 1811 305 1843; x_wconf 67' lang='lat' dir='ltr'><strong>Solonion</strong></span> <span class='ocrx_word' id='word_1_256' title='bbox 336 1813 382 1844; x_wconf 89' lang='lat' dir='ltr'><strong>sic</strong></span> <span class='ocrx_word' id='word_1_257' title='bbox 411 1813 591 1852; x_wconf 84' lang='lat' dir='ltr'><strong>praefatur:</strong></span> <span class='ocrx_word' id='word_1_258' title='bbox 622 1812 689 1843; x_wconf 87' lang='lat' dir='ltr'><strong>Fili</strong></span> <span class='ocrx_word' id='word_1_259' title='bbox 720 1813 779 1844; x_wconf 89' lang='lat' dir='ltr'><strong>mi:</strong></span> <span class='ocrx_word' id='word_1_260' title='bbox 811 1818 921 1843; x_wconf 88' lang='lat' dir='ltr'><strong>monet</strong></span> <span class='ocrx_word' id='word_1_261' title='bbox 951 1813 1124 1853; x_wconf 87' lang='lat' dir='ltr'><strong>apostolus,</strong></span> 
     </span>
     <span class='ocr_line' id='line_1_39' title="bbox 151 1854 1125 1896; baseline 0.001 -11"><span class='ocrx_word' id='word_1_262' title='bbox 151 1854 212 1885; x_wconf 88' lang='lat' dir='ltr'><strong>hac</strong></span> <span class='ocrx_word' id='word_1_263' title='bbox 246 1859 312 1886; x_wconf 89' lang='lat' dir='ltr'><strong>tam</strong></span> <span class='ocrx_word' id='word_1_264' title='bbox 344 1856 436 1887; x_wconf 88' lang='lat' dir='ltr'><strong>suavi</strong></span> <span class='ocrx_word' id='word_1_265' title='bbox 464 1855 643 1896; x_wconf 90' lang='lat' dir='ltr'><strong>blandaque</strong></span> <span class='ocrx_word' id='word_1_266' title='bbox 674 1855 889 1896; x_wconf 88' lang='lat' dir='ltr'><strong>appellatione</strong></span> <span class='ocrx_word' id='word_1_267' title='bbox 920 1855 1035 1887; x_wconf 90' lang='lat' dir='ltr'><strong>debere</strong></span> <span class='ocrx_word' id='word_1_268' title='bbox 1066 1867 1125 1887; x_wconf 91' lang='lat' dir='ltr'><strong>nos</strong></span> 
     </span>
     <span class='ocr_line' id='line_1_40' title="bbox 151 1897 1124 1938; baseline 0.003 -11"><span class='ocrx_word' id='word_1_269' title='bbox 151 1897 237 1928; x_wconf 85' lang='lat' dir='ltr'><strong>allici</strong></span> <span class='ocrx_word' id='word_1_270' title='bbox 268 1903 303 1928; x_wconf 90' lang='lat' dir='ltr'><strong>ut</strong></span> <span class='ocrx_word' id='word_1_271' title='bbox 325 1897 404 1929; x_wconf 84' lang='lat' dir='ltr'><strong>haec</strong></span> <span class='ocrx_word' id='word_1_272' title='bbox 427 1897 611 1930; x_wconf 82' lang='lat' dir='ltr'><strong>exhortatio</strong></span> <span class='ocrx_word' id='word_1_273' title='bbox 634 1899 766 1938; x_wconf 88' lang='lat' dir='ltr'><strong>penitus</strong></span> <span class='ocrx_word' id='word_1_274' title='bbox 790 1899 823 1929; x_wconf 92' lang='grc'><strong>10</strong></span> <span class='ocrx_word' id='word_1_275' title='bbox 848 1898 972 1930; x_wconf 88' lang='lat' dir='ltr'><strong>animos</strong></span> <span class='ocrx_word' id='word_1_276' title='bbox 996 1902 1124 1930; x_wconf 84' lang='lat' dir='ltr'><strong>nostros</strong></span> 
     </span>
     <span class='ocr_line' id='line_1_41' title="bbox 150 1940 1124 1982; baseline 0.003 -12"><span class='ocrx_word' id='word_1_277' title='bbox 150 1944 309 1980; x_wconf 87' lang='lat' dir='ltr'><strong>penetret.</strong></span> <span class='ocrx_word' id='word_1_278' title='bbox 364 1940 538 1972; x_wconf 82' lang='lat' dir='ltr'><strong>Caeterum</strong></span> <span class='ocrx_word' id='word_1_279' title='bbox 575 1940 758 1974; x_wconf 83' lang='lat' dir='ltr'><strong>Solomonis</strong></span> <span class='ocrx_word' id='word_1_280' title='bbox 797 1947 1024 1982; x_wconf 86' lang='lat' dir='ltr'><strong>argumentum</strong></span> <span class='ocrx_word' id='word_1_281' title='bbox 1062 1941 1124 1973; x_wconf 90' lang='lat' dir='ltr'><strong>hoc</strong></span> 
     </span>
     <span class='ocr_line' id='line_1_42' title="bbox 150 1981 1124 2025; baseline 0.002 -12"><span class='ocrx_word' id='word_1_282' title='bbox 150 1987 207 2019; x_wconf 85' lang='lat' dir='ltr'><strong>est,</strong></span> <span class='ocrx_word' id='word_1_283' title='bbox 241 1981 277 2014; x_wconf 85' lang='lat' dir='ltr'><strong>Si</strong></span> <span class='ocrx_word' id='word_1_284' title='bbox 304 1983 433 2024; x_wconf 88' lang='lat' dir='ltr'><strong>flagella</strong></span> <span class='ocrx_word' id='word_1_285' title='bbox 458 1984 518 2015; x_wconf 89' lang='lat' dir='ltr'><strong>Dei</strong></span> <span class='ocrx_word' id='word_1_286' title='bbox 549 1985 617 2015; x_wconf 90' lang='lat' dir='ltr'><strong>eius</strong></span> <span class='ocrx_word' id='word_1_287' title='bbox 652 1995 729 2025; x_wconf 90' lang='lat' dir='ltr'><strong>erga</strong></span> <span class='ocrx_word' id='word_1_288' title='bbox 752 1994 810 2016; x_wconf 89' lang='lat' dir='ltr'><strong>nos</strong></span> <span class='ocrx_word' id='word_1_289' title='bbox 834 1994 977 2015; x_wconf 85' lang='lat' dir='ltr'><strong>amorem</strong></span> <span class='ocrx_word' id='word_1_290' title='bbox 1002 1988 1124 2015; x_wconf 84' lang='lat' dir='ltr'><strong>testan-</strong></span> 
     </span>
     <span class='ocr_line' id='line_1_43' title="bbox 150 2025 1122 2067; baseline 0.003 -12"><span class='ocrx_word' id='word_1_291' title='bbox 150 2031 220 2056; x_wconf 85' lang='lat' dir='ltr'><strong>tur:</strong></span> <span class='ocrx_word' id='word_1_292' title='bbox 254 2025 425 2066; x_wconf 85' lang='lat' dir='ltr'><strong>indignum</strong></span> <span class='ocrx_word' id='word_1_293' title='bbox 461 2033 509 2058; x_wconf 90' lang='lat' dir='ltr'><strong>est</strong></span> <span class='ocrx_word' id='word_1_294' title='bbox 542 2027 670 2058; x_wconf 87' lang='lat' dir='ltr'><strong>fastidio</strong></span> <span class='ocrx_word' id='word_1_295' title='bbox 704 2027 756 2058; x_wconf 83' lang='lat' dir='ltr'><strong>vel</strong></span> <span class='ocrx_word' id='word_1_296' title='bbox 791 2027 863 2058; x_wconf 91' lang='lat' dir='ltr'><strong>odio</strong></span> <span class='ocrx_word' id='word_1_297' title='bbox 897 2028 966 2067; x_wconf 89' lang='lat' dir='ltr'><strong>ipsa</strong></span> <span class='ocrx_word' id='word_1_298' title='bbox 1000 2026 1122 2059; x_wconf 79' lang='lat' dir='ltr'><strong>haberi.</strong></span> 
     </span>
     <span class='ocr_line' id='line_1_44' title="bbox 150 2068 1122 2110; baseline 0.003 -12"><span class='ocrx_word' id='word_1_299' title='bbox 150 2068 328 2108; x_wconf 89' lang='lat' dir='ltr'><strong>Plusquam</strong></span> <span class='ocrx_word' id='word_1_300' title='bbox 359 2069 444 2100; x_wconf 90' lang='lat' dir='ltr'><strong>enim</strong></span> <span class='ocrx_word' id='word_1_301' title='bbox 475 2070 619 2110; x_wconf 84' lang='lat' dir='ltr'><strong>ingratos</strong></span> <span class='ocrx_word' id='word_1_302' title='bbox 652 2080 720 2101; x_wconf 86' lang='lat' dir='ltr'><strong>esse</strong></span> <span class='ocrx_word' id='word_1_303' title='bbox 743 2075 871 2110; x_wconf 85' lang='lat' dir='ltr'><strong>oportet</strong></span> <span class='ocrx_word' id='word_1_304' title='bbox 894 2070 949 2110; x_wconf 89' lang='lat' dir='ltr'><strong>qui</strong></span> <span class='ocrx_word' id='word_1_305' title='bbox 973 2070 1007 2101; x_wconf 91' lang='grc'><strong>10</strong></span> <span class='ocrx_word' id='word_1_306' title='bbox 1031 2080 1122 2101; x_wconf 87' lang='lat' dir='ltr'><strong>suam</strong></span> 
     </span>
     <span class='ocr_line' id='line_1_45' title="bbox 151 2110 1122 2153; baseline 0.002 -12"><span class='ocrx_word' id='word_1_307' title='bbox 151 2110 288 2142; x_wconf 88' lang='lat' dir='ltr'><strong>salutem</strong></span> <span class='ocrx_word' id='word_1_308' title='bbox 324 2122 342 2142; x_wconf 91' lang='lat' dir='ltr'><strong>a</strong></span> <span class='ocrx_word' id='word_1_309' title='bbox 371 2110 443 2142; x_wconf 84' lang='lat' dir='ltr'><strong>Deo</strong></span> <span class='ocrx_word' id='word_1_310' title='bbox 477 2112 628 2153; x_wconf 88' lang='lat' dir='ltr'><strong>castigari</strong></span> <span class='ocrx_word' id='word_1_311' title='bbox 661 2123 727 2144; x_wconf 91' lang='lat' dir='ltr'><strong>non</strong></span> <span class='ocrx_word' id='word_1_312' title='bbox 761 2114 941 2144; x_wconf 85' lang='lat' dir='ltr'><strong>sustinent:</strong></span> <span class='ocrx_word' id='word_1_313' title='bbox 975 2114 1039 2144; x_wconf 93' lang='lat' dir='ltr'><strong>imo</strong></span> <span class='ocrx_word' id='word_1_314' title='bbox 1067 2114 1122 2153; x_wconf 91' lang='lat' dir='ltr'><strong>qui</strong></span> 
     </span>
     <span class='ocr_line' id='line_1_46' title="bbox 151 2154 1006 2196; baseline 0.002 -12"><span class='ocrx_word' id='word_1_315' title='bbox 151 2159 306 2194; x_wconf 86' lang='lat' dir='ltr'><strong>paternae</strong></span> <span class='ocrx_word' id='word_1_316' title='bbox 330 2154 398 2185; x_wconf 88' lang='lat' dir='ltr'><strong>eius</strong></span> <span class='ocrx_word' id='word_1_317' title='bbox 421 2154 665 2186; x_wconf 88' lang='lat' dir='ltr'><strong>benevolentiae</strong></span> <span class='ocrx_word' id='word_1_318' title='bbox 687 2156 815 2196; x_wconf 89' lang='lat' dir='ltr'><strong>signum</strong></span> <span class='ocrx_word' id='word_1_319' title='bbox 839 2161 1006 2195; x_wconf 87' lang='lat' dir='ltr'><strong>respuunt.</strong></span> 
     </span>
    </p>

    <p class='ocr_par' dir='ltr' id='par_1_4' title="bbox 150 2196 1124 2663">
     <span class='ocr_line' id='line_1_47' title="bbox 237 2196 1124 2236; baseline 0.002 -9"><span class='ocrx_word' id='word_1_320' title='bbox 237 2197 267 2227; x_wconf 88' lang='lat'><strong>6.</strong></span> <span class='ocrx_word' id='word_1_321' title='bbox 301 2196 398 2235; x_wconf 76' lang='lat' dir='ltr'><strong>Quem</strong></span> <span class='ocrx_word' id='word_1_322' title='bbox 426 2196 532 2236; x_wconf 75' lang='lat' dir='ltr'><strong>diliyit</strong></span> <span class='ocrx_word' id='word_1_323' title='bbox 553 2197 720 2230; x_wconf 76' lang='lat' dir='ltr'><strong>Dominus.</strong></span> <span class='ocrx_word' id='word_1_324' title='bbox 765 2197 857 2229; x_wconf 87' lang='lat' dir='ltr'><strong>Haec</strong></span> <span class='ocrx_word' id='word_1_325' title='bbox 888 2199 970 2229; x_wconf 89' lang='lat' dir='ltr'><strong>ratio</strong></span> <span class='ocrx_word' id='word_1_326' title='bbox 994 2198 1124 2229; x_wconf 89' lang='lat' dir='ltr'><strong>videtur</strong></span> 
     </span>
     <span class='ocr_line' id='line_1_48' title="bbox 150 2240 1124 2279; baseline 0.003 -10"><span class='ocrx_word' id='word_1_327' title='bbox 150 2249 265 2279; x_wconf 89' lang='lat' dir='ltr'><strong>parum</strong></span> <span class='ocrx_word' id='word_1_328' title='bbox 301 2240 395 2270; x_wconf 85' lang='lat' dir='ltr'><strong>firma</strong></span> <span class='ocrx_word' id='word_1_329' title='bbox 426 2250 506 2271; x_wconf 87' lang='lat' dir='ltr'><strong>esse.</strong></span> <span class='ocrx_word' id='word_1_330' title='bbox 560 2240 745 2272; x_wconf 87' lang='lat' dir='ltr'><strong>Promiscue</strong></span> <span class='ocrx_word' id='word_1_331' title='bbox 775 2241 861 2271; x_wconf 91' lang='lat' dir='ltr'><strong>enim</strong></span> <span class='ocrx_word' id='word_1_332' title='bbox 892 2241 1124 2272; x_wconf 88' lang='lat' dir='ltr'><strong>animadvertit</strong></span> 
     </span>
     <span class='ocr_line' id='line_1_49' title="bbox 152 2281 1124 2323; baseline 0.003 -11"><span class='ocrx_word' id='word_1_333' title='bbox 152 2281 244 2313; x_wconf 92' lang='lat' dir='ltr'><strong>Deus</strong></span> <span class='ocrx_word' id='word_1_334' title='bbox 267 2288 333 2313; x_wconf 92' lang='lat' dir='ltr'><strong>tam</strong></span> <span class='ocrx_word' id='word_1_335' title='bbox 358 2283 391 2313; x_wconf 92' lang='lat' dir='ltr'><strong>in</strong></span> <span class='ocrx_word' id='word_1_336' title='bbox 415 2284 569 2323; x_wconf 88' lang='lat' dir='ltr'><strong>reprobos</strong></span> <span class='ocrx_word' id='word_1_337' title='bbox 592 2293 687 2323; x_wconf 92' lang='lat' dir='ltr'><strong>quam</strong></span> <span class='ocrx_word' id='word_1_338' title='bbox 711 2285 745 2313; x_wconf 92' lang='lat' dir='ltr'><strong>in</strong></span> <span class='ocrx_word' id='word_1_339' title='bbox 769 2283 902 2315; x_wconf 88' lang='lat' dir='ltr'><strong>electos:</strong></span> <span class='ocrx_word' id='word_1_340' title='bbox 927 2290 959 2315; x_wconf 89' lang='lat' dir='ltr'><strong>et</strong></span> <span class='ocrx_word' id='word_1_341' title='bbox 982 2285 1051 2316; x_wconf 89' lang='lat' dir='ltr'><strong>eius</strong></span> <span class='ocrx_word' id='word_1_342' title='bbox 1067 2284 1124 2315; x_wconf 74' lang='lat' dir='ltr'><strong>fla-</strong></span> 
     </span>
     <span class='ocr_line' id='line_1_50' title="bbox 151 2324 1123 2366; baseline 0.003 -11"><span class='ocrx_word' id='word_1_343' title='bbox 151 2324 237 2365; x_wconf 85' lang='lat' dir='ltr'><strong>gella</strong></span> <span class='ocrx_word' id='word_1_344' title='bbox 271 2325 351 2356; x_wconf 90' lang='lat' dir='ltr'><strong>iram</strong></span> <span class='ocrx_word' id='word_1_345' title='bbox 388 2325 454 2356; x_wconf 85' lang='lat' dir='ltr'><strong>eius</strong></span> <span class='ocrx_word' id='word_1_346' title='bbox 487 2325 617 2366; x_wconf 86' lang='lat' dir='ltr'><strong>saepius</strong></span> <span class='ocrx_word' id='word_1_347' title='bbox 647 2336 743 2365; x_wconf 90' lang='lat' dir='ltr'><strong>quam</strong></span> <span class='ocrx_word' id='word_1_348' title='bbox 774 2335 916 2357; x_wconf 90' lang='lat' dir='ltr'><strong>amorem</strong></span> <span class='ocrx_word' id='word_1_349' title='bbox 947 2327 1123 2358; x_wconf 88' lang='lat' dir='ltr'><strong>declarant.</strong></span> 
     </span>
     <span class='ocr_line' id='line_1_51' title="bbox 151 2367 1122 2409; baseline 0.001 -10"><span class='ocrx_word' id='word_1_350' title='bbox 151 2367 207 2399; x_wconf 82' lang='lat' dir='ltr'><strong>Sic</strong></span> <span class='ocrx_word' id='word_1_351' title='bbox 229 2368 316 2398; x_wconf 90' lang='lat' dir='ltr'><strong>enim</strong></span> <span class='ocrx_word' id='word_1_352' title='bbox 340 2372 372 2398; x_wconf 92' lang='lat' dir='ltr'><strong>et</strong></span> <span class='ocrx_word' id='word_1_353' title='bbox 397 2368 557 2408; x_wconf 89' lang='lat' dir='ltr'><strong>scriptura</strong></span> <span class='ocrx_word' id='word_1_354' title='bbox 583 2368 735 2408; x_wconf 89' lang='lat' dir='ltr'><strong>loquitur,</strong></span> <span class='ocrx_word' id='word_1_355' title='bbox 760 2374 792 2399; x_wconf 88' lang='lat' dir='ltr'><strong>et</strong></span> <span class='ocrx_word' id='word_1_356' title='bbox 810 2370 1010 2409; x_wconf 81' lang='lat' dir='ltr'><strong>experientia</strong></span> <span class='ocrx_word' id='word_1_357' title='bbox 1025 2370 1122 2401; x_wconf 90' lang='lat' dir='ltr'><strong>etiam</strong></span> 
     </span>
     <span class='ocr_line' id='line_1_52' title="bbox 152 2410 1122 2451; baseline 0.003 -11"><span class='ocrx_word' id='word_1_358' title='bbox 152 2411 332 2442; x_wconf 86' lang='lat' dir='ltr'><strong>confirmat.</strong></span> <span class='ocrx_word' id='word_1_359' title='bbox 378 2410 501 2442; x_wconf 88' lang='lat' dir='ltr'><strong>Verum</strong></span> <span class='ocrx_word' id='word_1_360' title='bbox 526 2411 580 2442; x_wconf 91' lang='lat' dir='ltr'><strong>ubi</strong></span> <span class='ocrx_word' id='word_1_361' title='bbox 603 2421 708 2442; x_wconf 85' lang='lat' dir='ltr'><strong>sermo</strong></span> <span class='ocrx_word' id='word_1_362' title='bbox 731 2411 769 2441; x_wconf 91' lang='lat' dir='ltr'><strong>ad</strong></span> <span class='ocrx_word' id='word_1_363' title='bbox 794 2411 862 2451; x_wconf 88' lang='lat' dir='ltr'><strong>pios</strong></span> <span class='ocrx_word' id='word_1_364' title='bbox 887 2411 1032 2450; x_wconf 89' lang='lat' dir='ltr'><strong>habetur,</strong></span> <span class='ocrx_word' id='word_1_365' title='bbox 1056 2423 1122 2444; x_wconf 93' lang='lat' dir='ltr'><strong>non</strong></span> 
     </span>
     <span class='ocr_line' id='line_1_53' title="bbox 152 2453 1121 2496; baseline 0.002 -12"><span class='ocrx_word' id='word_1_366' title='bbox 152 2453 270 2484; x_wconf 90' lang='lat' dir='ltr'><strong>mirum</strong></span> <span class='ocrx_word' id='word_1_367' title='bbox 295 2458 343 2484; x_wconf 92' lang='grc'><strong>001</strong></span> <span class='ocrx_word' id='word_1_368' title='bbox 366 2464 439 2485; x_wconf 88' lang='grc'>011111</span> <span class='ocrx_word' id='word_1_369' title='bbox 464 2454 623 2484; x_wconf 83' lang='lat' dir='ltr'><strong>duntaxat</strong></span> <span class='ocrx_word' id='word_1_370' title='bbox 646 2454 865 2494; x_wconf 84' lang='lat' dir='ltr'><strong>castigationis</strong></span> <span class='ocrx_word' id='word_1_371' title='bbox 888 2465 982 2485; x_wconf 89' lang='lat' dir='ltr'><strong>usum</strong></span> <span class='ocrx_word' id='word_1_372' title='bbox 1006 2456 1121 2496; x_wconf 88' lang='lat' dir='ltr'><strong>attingi</strong></span> 
     </span>
     <span class='ocr_line' id='line_1_54' title="bbox 153 2496 1122 2536; baseline 0.003 -10"><span class='ocrx_word' id='word_1_373' title='bbox 153 2505 249 2534; x_wconf 85' lang='lat' dir='ltr'><strong>quem</strong></span> <span class='ocrx_word' id='word_1_374' title='bbox 281 2496 326 2526; x_wconf 90' lang='lat' dir='ltr'><strong>illi</strong></span> <span class='ocrx_word' id='word_1_375' title='bbox 359 2496 518 2527; x_wconf 87' lang='lat' dir='ltr'><strong>sentiunt.</strong></span> <span class='ocrx_word' id='word_1_376' title='bbox 562 2496 647 2527; x_wconf 91' lang='lat' dir='ltr'><strong>Nam</strong></span> <span class='ocrx_word' id='word_1_377' title='bbox 675 2504 838 2536; x_wconf 87' lang='lat' dir='ltr'><strong>utcunque</strong></span> <span class='ocrx_word' id='word_1_378' title='bbox 862 2507 1009 2528; x_wconf 88' lang='lat' dir='ltr'><strong>severum</strong></span> <span class='ocrx_word' id='word_1_379' title='bbox 1034 2508 1068 2529; x_wconf 92' lang='grc'><strong>00</strong></span> <span class='ocrx_word' id='word_1_380' title='bbox 1091 2504 1122 2529; x_wconf 85' lang='grc'><strong>01</strong></span> 
     </span>
     <span class='ocr_line' id='line_1_55' title="bbox 153 2538 1122 2581; baseline 0.004 -13"><span class='ocrx_word' id='word_1_381' title='bbox 153 2538 269 2569; x_wconf 89' lang='lat' dir='ltr'><strong>iratum</strong></span> <span class='ocrx_word' id='word_1_382' title='bbox 292 2538 432 2570; x_wconf 87' lang='lat' dir='ltr'><strong>iudicem</strong></span> <span class='ocrx_word' id='word_1_383' title='bbox 456 2550 534 2579; x_wconf 87' lang='lat' dir='ltr'><strong>erga</strong></span> <span class='ocrx_word' id='word_1_384' title='bbox 557 2540 710 2579; x_wconf 87' lang='lat' dir='ltr'><strong>reprobos</strong></span> <span class='ocrx_word' id='word_1_385' title='bbox 727 2539 817 2570; x_wconf 90' lang='lat' dir='ltr'><strong>Deus</strong></span> <span class='ocrx_word' id='word_1_386' title='bbox 832 2540 981 2571; x_wconf 86' lang='lat' dir='ltr'><strong>ostendat</strong></span> <span class='ocrx_word' id='word_1_387' title='bbox 996 2540 1122 2581; x_wconf 89' lang='lat' dir='ltr'><strong>quoties</strong></span> 
     </span>
     <span class='ocr_line' id='line_1_56' title="bbox 153 2582 1120 2621; baseline 0.004 -10"><span class='ocrx_word' id='word_1_388' title='bbox 153 2590 208 2611; x_wconf 87' lang='lat' dir='ltr'><strong>eos</strong></span> <span class='ocrx_word' id='word_1_389' title='bbox 239 2582 350 2621; x_wconf 88' lang='lat' dir='ltr'><strong>punit:</strong></span> <span class='ocrx_word' id='word_1_390' title='bbox 382 2583 415 2612; x_wconf 86' lang='lat' dir='ltr'><strong>in</strong></span> <span class='ocrx_word' id='word_1_391' title='bbox 446 2582 555 2614; x_wconf 87' lang='lat' dir='ltr'><strong>electis</strong></span> <span class='ocrx_word' id='word_1_392' title='bbox 584 2588 693 2613; x_wconf 84' lang='lat' dir='ltr'><strong>tamen</strong></span> <span class='ocrx_word' id='word_1_393' title='bbox 725 2583 791 2613; x_wconf 87' lang='lat' dir='ltr'><strong>suis</strong></span> <span class='ocrx_word' id='word_1_394' title='bbox 815 2593 879 2613; x_wconf 89' lang='lat' dir='ltr'><strong>non</strong></span> <span class='ocrx_word' id='word_1_395' title='bbox 903 2582 999 2613; x_wconf 89' lang='lat' dir='ltr'><strong>alium</strong></span> <span class='ocrx_word' id='word_1_396' title='bbox 1023 2584 1120 2615; x_wconf 89' lang='lat' dir='ltr'><strong>finem</strong></span> 
     </span>
     <span class='ocr_line' id='line_1_57' title="bbox 152 2624 1122 2663; baseline 0.005 -10"><span class='ocrx_word' id='word_1_397' title='bbox 152 2629 290 2663; x_wconf 81' lang='lat' dir='ltr'><strong>spectat,</strong></span> <span class='ocrx_word' id='word_1_398' title='bbox 329 2633 426 2663; x_wconf 87' lang='lat' dir='ltr'><strong>quam</strong></span> <span class='ocrx_word' id='word_1_399' title='bbox 466 2630 499 2656; x_wconf 91' lang='lat' dir='ltr'><strong>ut</strong></span> <span class='ocrx_word' id='word_1_400' title='bbox 537 2635 646 2657; x_wconf 90' lang='lat' dir='ltr'><strong>eorum</strong></span> <span class='ocrx_word' id='word_1_401' title='bbox 685 2624 835 2656; x_wconf 84' lang='lat' dir='ltr'><strong>consulat</strong></span> <span class='ocrx_word' id='word_1_402' title='bbox 868 2625 974 2657; x_wconf 87' lang='lat' dir='ltr'><strong>saluti.</strong></span> <span class='ocrx_word' id='word_1_403' title='bbox 1031 2626 1122 2658; x_wconf 86' lang='lat' dir='ltr'><strong>Haec</strong></span> 
     </span>
    </p>
   </div>
   <div class='ocr_carea' id='block_1_3' title="bbox 916 175 1418 209">
    <p class='ocr_par' dir='ltr' id='par_1_5' title="bbox 916 175 1418 209">
     <span class='ocr_line' id='line_1_58' title="bbox 916 175 1418 209; baseline 0 -1"><span class='ocrx_word' id='word_1_404' title='bbox 916 176 1057 208; x_wconf 76' lang='lat' dir='ltr'><strong>EPIST.</strong></span> <span class='ocrx_word' id='word_1_405' title='bbox 1083 175 1146 208; x_wconf 87' lang='lat' dir='ltr'><strong>AD</strong></span> <span class='ocrx_word' id='word_1_406' title='bbox 1170 175 1418 209; x_wconf 75' lang='lat' dir='ltr'><strong>HEBRAEOS</strong></span> 
     </span>
    </p>
   </div>
   <div class='ocr_carea' id='block_1_4' title="bbox 1143 307 1149 982">
    <p class='ocr_par' dir='ltr' id='par_1_6' title="bbox 1143 307 1149 982">
     <span class='ocr_line' id='line_1_59' title="bbox 1143 307 1149 982; baseline 0 0"><span class='ocrx_word' id='word_1_407' title='bbox 1143 307 1149 982; x_wconf 95' lang='lat' dir='ltr'><strong> </strong></span> 
     </span>
    </p>
   </div>
   <div class='ocr_carea' id='block_1_5' title="bbox 2083 182 2144 213">
    <p class='ocr_par' dir='ltr' id='par_1_7' title="bbox 2083 182 2144 213">
     <span class='ocr_line' id='line_1_60' title="bbox 2083 182 2144 213; baseline 0 0"><span class='ocrx_word' id='word_1_408' title='bbox 2083 182 2144 213; x_wconf 79' lang='lat'><strong>174</strong></span> 
     </span>
    </p>
   </div>
   <div class='ocr_carea' id='block_1_6' title="bbox 1169 270 2154 2667">
    <p class='ocr_par' dir='ltr' id='par_1_8' title="bbox 1169 270 2152 1678">
     <span class='ocr_line' id='line_1_61' title="bbox 1170 270 2144 315; baseline 0.006 -15"><span class='ocrx_word' id='word_1_409' title='bbox 1170 270 1296 310; x_wconf 82' lang='lat' dir='ltr'><strong>paterni</strong></span> <span class='ocrx_word' id='word_1_410' title='bbox 1330 272 1449 302; x_wconf 89' lang='lat' dir='ltr'><strong>amoris</strong></span> <span class='ocrx_word' id='word_1_411' title='bbox 1481 272 1712 303; x_wconf 81' lang='lat' dir='ltr'><strong>demonstratio</strong></span> <span class='ocrx_word' id='word_1_412' title='bbox 1745 278 1802 305; x_wconf 86' lang='lat' dir='ltr'><strong>est.</strong></span> <span class='ocrx_word' id='word_1_413' title='bbox 1859 273 1986 305; x_wconf 88' lang='lat' dir='ltr'><strong>Deinde</strong></span> <span class='ocrx_word' id='word_1_414' title='bbox 2016 275 2144 315; x_wconf 86' lang='lat' dir='ltr'><strong>reprobi</strong></span> 
     </span>
     <span class='ocr_line' id='line_1_62' title="bbox 1169 313 2146 356; baseline 0.006 -13"><span class='ocrx_word' id='word_1_415' title='bbox 1169 323 1267 353; x_wconf 93' lang='lat' dir='ltr'><strong>quum</strong></span> <span class='ocrx_word' id='word_1_416' title='bbox 1298 323 1331 344; x_wconf 93' lang='lat' dir='ltr'><strong>se</strong></span> <span class='ocrx_word' id='word_1_417' title='bbox 1355 313 1416 344; x_wconf 90' lang='lat' dir='ltr'><strong>Dei</strong></span> <span class='ocrx_word' id='word_1_418' title='bbox 1439 325 1537 346; x_wconf 85' lang='lat' dir='ltr'><strong>manu</strong></span> <span class='ocrx_word' id='word_1_419' title='bbox 1561 316 1737 355; x_wconf 85' lang='lat' dir='ltr'><strong>gubernari</strong></span> <span class='ocrx_word' id='word_1_420' title='bbox 1761 317 1919 356; x_wconf 83' lang='lat' dir='ltr'><strong>ignorent,</strong></span> <span class='ocrx_word' id='word_1_421' title='bbox 1952 318 2084 349; x_wconf 81' lang='lat' dir='ltr'><strong>fortuito</strong></span> <span class='ocrx_word' id='word_1_422' title='bbox 2108 324 2146 349; x_wconf 88' lang='lat' dir='ltr'><strong>ut</strong></span> 
     </span>
     <span class='ocr_line' id='line_1_63' title="bbox 1170 356 2146 400; baseline 0.006 -14"><span class='ocrx_word' id='word_1_423' title='bbox 1170 356 1343 395; x_wconf 87' lang='lat' dir='ltr'><strong>plurimum</strong></span> <span class='ocrx_word' id='word_1_424' title='bbox 1367 363 1484 396; x_wconf 88' lang='lat' dir='ltr'><strong>putant</strong></span> <span class='ocrx_word' id='word_1_425' title='bbox 1507 369 1540 389; x_wconf 90' lang='lat' dir='ltr'><strong>se</strong></span> <span class='ocrx_word' id='word_1_426' title='bbox 1564 358 1672 398; x_wconf 80' lang='lat' dir='ltr'><strong>affligi.</strong></span> <span class='ocrx_word' id='word_1_427' title='bbox 1719 358 2001 397; x_wconf 77' lang='lat' dir='ltr'><strong>Quemadmodum</strong></span> <span class='ocrx_word' id='word_1_428' title='bbox 2028 362 2053 391; x_wconf 89' lang='lat' dir='ltr'><strong>si</strong></span> <span class='ocrx_word' id='word_1_429' title='bbox 2075 361 2146 400; x_wconf 87' lang='lat' dir='ltr'><strong>quis</strong></span> 
     </span>
     <span class='ocr_line' id='line_1_64' title="bbox 1170 401 2143 443; baseline 0.007 -15"><span class='ocrx_word' id='word_1_430' title='bbox 1170 408 1249 437; x_wconf 91' lang='lat' dir='ltr'><strong>puer</strong></span> <span class='ocrx_word' id='word_1_431' title='bbox 1279 404 1467 438; x_wconf 83' lang='lat' dir='ltr'><strong>contumax,</strong></span> <span class='ocrx_word' id='word_1_432' title='bbox 1499 401 1609 432; x_wconf 88' lang='lat' dir='ltr'><strong>relicta</strong></span> <span class='ocrx_word' id='word_1_433' title='bbox 1641 407 1741 441; x_wconf 85' lang='lat' dir='ltr'><strong>patris</strong></span> <span class='ocrx_word' id='word_1_434' title='bbox 1771 403 1882 442; x_wconf 88' lang='lat' dir='ltr'><strong>domo,</strong></span> <span class='ocrx_word' id='word_1_435' title='bbox 1915 403 2010 443; x_wconf 86' lang='lat' dir='ltr'><strong>longe</strong></span> <span class='ocrx_word' id='word_1_436' title='bbox 2041 409 2143 436; x_wconf 87' lang='lat' dir='ltr'><strong>erret:</strong></span> 
     </span>
     <span class='ocr_line' id='line_1_65' title="bbox 1169 441 2135 486; baseline 0.005 -15"><span class='ocrx_word' id='word_1_437' title='bbox 1169 441 1252 472; x_wconf 80' lang='lat' dir='ltr'><strong>fame</strong></span> <span class='ocrx_word' id='word_1_438' title='bbox 1268 447 1299 472; x_wconf 90' lang='lat' dir='ltr'><strong>et</strong></span> <span class='ocrx_word' id='word_1_439' title='bbox 1316 442 1434 481; x_wconf 81' lang='lat' dir='ltr'><strong>frigore</strong></span> <span class='ocrx_word' id='word_1_440' title='bbox 1451 443 1498 474; x_wconf 90' lang='lat' dir='ltr'><strong>vel</strong></span> <span class='ocrx_word' id='word_1_441' title='bbox 1516 444 1586 475; x_wconf 90' lang='lat' dir='ltr'><strong>aliis</strong></span> <span class='ocrx_word' id='word_1_442' title='bbox 1602 444 1697 474; x_wconf 89' lang='lat' dir='ltr'><strong>malis</strong></span> <span class='ocrx_word' id='word_1_443' title='bbox 1712 444 1884 483; x_wconf 84' lang='lat' dir='ltr'><strong>confectus,</strong></span> <span class='ocrx_word' id='word_1_444' title='bbox 1902 445 1989 476; x_wconf 82' lang='lat' dir='ltr'><strong>dabit</strong></span> <span class='ocrx_word' id='word_1_445' title='bbox 2005 446 2135 486; x_wconf 85' lang='lat' dir='ltr'><strong>quidem</strong></span> 
     </span>
     <span class='ocr_line' id='line_1_66' title="bbox 1169 483 2138 526; baseline 0.005 -13"><span class='ocrx_word' id='word_1_446' title='bbox 1169 483 1272 515; x_wconf 84' lang='lat' dir='ltr'><strong>iustas</strong></span> <span class='ocrx_word' id='word_1_447' title='bbox 1303 485 1460 516; x_wconf 84' lang='lat' dir='ltr'><strong>stultitiae</strong></span> <span class='ocrx_word' id='word_1_448' title='bbox 1490 497 1567 517; x_wconf 84' lang='lat' dir='ltr'><strong>suae</strong></span> <span class='ocrx_word' id='word_1_449' title='bbox 1598 495 1735 526; x_wconf 87' lang='lat' dir='ltr'><strong>poenas:</strong></span> <span class='ocrx_word' id='word_1_450' title='bbox 1768 488 1899 526; x_wconf 83' lang='lat' dir='ltr'><strong>suisque</strong></span> <span class='ocrx_word' id='word_1_451' title='bbox 1922 489 2014 520; x_wconf 85' lang='lat' dir='ltr'><strong>malis</strong></span> <span class='ocrx_word' id='word_1_452' title='bbox 2038 490 2138 520; x_wconf 83' lang='lat' dir='ltr'><strong>discet</strong></span> 
     </span>
     <span class='ocr_line' id='line_1_67' title="bbox 1169 526 2143 570; baseline 0.007 -14"><span class='ocrx_word' id='word_1_453' title='bbox 1169 526 1245 565; x_wconf 91' lang='lat' dir='ltr'><strong>quid</strong></span> <span class='ocrx_word' id='word_1_454' title='bbox 1269 527 1312 558; x_wconf 88' lang='lat' dir='ltr'><strong>sit</strong></span> <span class='ocrx_word' id='word_1_455' title='bbox 1334 538 1404 558; x_wconf 85' lang='lat' dir='ltr'><strong>esse</strong></span> <span class='ocrx_word' id='word_1_456' title='bbox 1427 529 1510 568; x_wconf 89' lang='lat' dir='ltr'><strong>patri</strong></span> <span class='ocrx_word' id='word_1_457' title='bbox 1535 530 1730 569; x_wconf 86' lang='lat' dir='ltr'><strong>morigerum</strong></span> <span class='ocrx_word' id='word_1_458' title='bbox 1755 540 1791 561; x_wconf 90' lang='lat' dir='ltr'><strong>ac</strong></span> <span class='ocrx_word' id='word_1_459' title='bbox 1814 531 2059 570; x_wconf 86' lang='lat' dir='ltr'><strong>obsequentem:</strong></span> <span class='ocrx_word' id='word_1_460' title='bbox 2084 532 2143 562; x_wconf 91' lang='lat' dir='ltr'><strong>sed</strong></span> 
     </span>
     <span class='ocr_line' id='line_1_68' title="bbox 1170 569 2142 615; baseline 0.009 -18"><span class='ocrx_word' id='word_1_461' title='bbox 1170 571 1278 599; x_wconf 87' lang='lat' dir='ltr'><strong>tamen</strong></span> <span class='ocrx_word' id='word_1_462' title='bbox 1303 569 1387 602; x_wconf 81' lang='lat' dir='ltr'><strong>hanc</strong></span> <span class='ocrx_word' id='word_1_463' title='bbox 1410 581 1478 602; x_wconf 86' lang='grc'>0800</span> <span class='ocrx_word' id='word_1_464' title='bbox 1499 578 1664 611; x_wconf 84' lang='lat' dir='ltr'><strong>paternam</strong></span> <span class='ocrx_word' id='word_1_465' title='bbox 1682 573 1928 612; x_wconf 81' lang='lat' dir='ltr'><strong>castigationem</strong></span> <span class='ocrx_word' id='word_1_466' title='bbox 1946 585 2009 605; x_wconf 90' lang='lat' dir='ltr'><strong>non</strong></span> <span class='ocrx_word' id='word_1_467' title='bbox 2028 585 2142 615; x_wconf 85' lang='lat' dir='ltr'><strong>agnos-</strong></span> 
     </span>
     <span class='ocr_line' id='line_1_69' title="bbox 1170 612 2145 655; baseline 0.006 -13"><span class='ocrx_word' id='word_1_468' title='bbox 1170 616 1229 642; x_wconf 88' lang='lat' dir='ltr'><strong>cet.</strong></span> <span class='ocrx_word' id='word_1_469' title='bbox 1283 612 1334 643; x_wconf 82' lang='grc' dir='ltr'><strong>1ιο</strong></span> <span class='ocrx_word' id='word_1_470' title='bbox 1366 614 1471 653; x_wconf 88' lang='lat' dir='ltr'><strong>impii,</strong></span> <span class='ocrx_word' id='word_1_471' title='bbox 1507 625 1603 654; x_wconf 91' lang='lat' dir='ltr'><strong>quum</strong></span> <span class='ocrx_word' id='word_1_472' title='bbox 1637 626 1671 646; x_wconf 90' lang='grc'><strong>80</strong></span> <span class='ocrx_word' id='word_1_473' title='bbox 1703 625 1722 646; x_wconf 88' lang='lat' dir='ltr'><strong>a</strong></span> <span class='ocrx_word' id='word_1_474' title='bbox 1754 614 1823 645; x_wconf 87' lang='lat' dir='ltr'><strong>Deo</strong></span> <span class='ocrx_word' id='word_1_475' title='bbox 1857 617 1991 655; x_wconf 90' lang='lat' dir='ltr'><strong>eiusque</strong></span> <span class='ocrx_word' id='word_1_476' title='bbox 2022 617 2145 648; x_wconf 84' lang='lat' dir='ltr'><strong>familia</strong></span> 
     </span>
     <span class='ocr_line' id='line_1_70' title="bbox 1170 653 2145 698; baseline 0.007 -15"><span class='ocrx_word' id='word_1_477' title='bbox 1170 653 1405 692; x_wconf 84' lang='lat' dir='ltr'><strong>quodammodo</strong></span> <span class='ocrx_word' id='word_1_478' title='bbox 1419 659 1643 697; x_wconf 86' lang='lat' dir='ltr'><strong>manciparint,</strong></span> <span class='ocrx_word' id='word_1_479' title='bbox 1657 668 1720 688; x_wconf 91' lang='lat' dir='ltr'><strong>non</strong></span> <span class='ocrx_word' id='word_1_480' title='bbox 1734 658 1922 698; x_wconf 79' lang='lat' dir='ltr'><strong>intelligunt</strong></span> <span class='ocrx_word' id='word_1_481' title='bbox 1933 659 1993 690; x_wconf 89' lang='lat' dir='ltr'><strong>Dei</strong></span> <span class='ocrx_word' id='word_1_482' title='bbox 2008 670 2145 691; x_wconf 88' lang='lat' dir='ltr'><strong>manum</strong></span> 
     </span>
     <span class='ocr_line' id='line_1_71' title="bbox 1171 695 2148 742; baseline 0.007 -16"><span class='ocrx_word' id='word_1_483' title='bbox 1171 695 1211 726; x_wconf 91' lang='lat' dir='ltr'><strong>ad</strong></span> <span class='ocrx_word' id='word_1_484' title='bbox 1234 707 1268 727; x_wconf 88' lang='lat' dir='ltr'><strong>se</strong></span> <span class='ocrx_word' id='word_1_485' title='bbox 1293 707 1393 736; x_wconf 90' lang='lat' dir='ltr'><strong>usque</strong></span> <span class='ocrx_word' id='word_1_486' title='bbox 1427 701 1606 738; x_wconf 86' lang='lat' dir='ltr'><strong>pervenire.</strong></span> <span class='ocrx_word' id='word_1_487' title='bbox 1653 701 1898 732; x_wconf 87' lang='lat' dir='ltr'><strong>Meminerimus</strong></span> <span class='ocrx_word' id='word_1_488' title='bbox 1929 712 2013 742; x_wconf 86' lang='lat' dir='ltr'><strong>ergo,</strong></span> <span class='ocrx_word' id='word_1_489' title='bbox 2045 703 2148 733; x_wconf 87' lang='lat' dir='ltr'><strong>divini</strong></span> 
     </span>
     <span class='ocr_line' id='line_1_72' title="bbox 1172 743 2147 785; baseline 0.008 -18"><span class='ocrx_word' id='word_1_490' title='bbox 1172 748 1249 778; x_wconf 88' lang='lat' dir='ltr'><strong>erga</strong></span> <span class='ocrx_word' id='word_1_491' title='bbox 1280 749 1339 769; x_wconf 92' lang='lat' dir='ltr'><strong>nos</strong></span> <span class='ocrx_word' id='word_1_492' title='bbox 1366 743 1485 772; x_wconf 85' lang='lat' dir='ltr'><strong>amoris</strong></span> <span class='ocrx_word' id='word_1_493' title='bbox 1508 751 1638 782; x_wconf 89' lang='lat' dir='ltr'><strong>gustum</strong></span> <span class='ocrx_word' id='word_1_494' title='bbox 1662 744 1756 774; x_wconf 87' lang='lat' dir='ltr'><strong>aliter</strong></span> <span class='ocrx_word' id='word_1_495' title='bbox 1777 754 1795 774; x_wconf 91' lang='lat' dir='ltr'><strong>a</strong></span> <span class='ocrx_word' id='word_1_496' title='bbox 1819 744 1914 775; x_wconf 90' lang='lat' dir='ltr'><strong>nobis</strong></span> <span class='ocrx_word' id='word_1_497' title='bbox 1938 746 2058 785; x_wconf 86' lang='lat' dir='ltr'><strong>percipi</strong></span> <span class='ocrx_word' id='word_1_498' title='bbox 2083 755 2147 775; x_wconf 92' lang='lat' dir='ltr'><strong>non</strong></span> 
     </span>
     <span class='ocr_line' id='line_1_73' title="bbox 1172 782 2147 826; baseline 0.008 -16"><span class='ocrx_word' id='word_1_499' title='bbox 1172 790 1266 820; x_wconf 90' lang='lat' dir='ltr'><strong>posse</strong></span> <span class='ocrx_word' id='word_1_500' title='bbox 1302 782 1335 811; x_wconf 92' lang='lat' dir='ltr'><strong>in</strong></span> <span class='ocrx_word' id='word_1_501' title='bbox 1371 784 1652 825; x_wconf 85' lang='lat' dir='ltr'><strong>castigationibus,</strong></span> <span class='ocrx_word' id='word_1_502' title='bbox 1695 796 1790 826; x_wconf 86' lang='lat' dir='ltr'><strong>quam</strong></span> <span class='ocrx_word' id='word_1_503' title='bbox 1827 788 1904 817; x_wconf 91' lang='lat' dir='ltr'><strong>dum</strong></span> <span class='ocrx_word' id='word_1_504' title='bbox 1940 788 2018 818; x_wconf 91' lang='lat' dir='ltr'><strong>illud</strong></span> <span class='ocrx_word' id='word_1_505' title='bbox 2054 788 2147 818; x_wconf 89' lang='lat' dir='ltr'><strong>nobis</strong></span> 
     </span>
     <span class='ocr_line' id='line_1_74' title="bbox 1174 829 2147 870; baseline 0.008 -17"><span class='ocrx_word' id='word_1_506' title='bbox 1174 834 1363 864; x_wconf 89' lang='lat' dir='ltr'><strong>persuasum</strong></span> <span class='ocrx_word' id='word_1_507' title='bbox 1377 831 1435 865; x_wconf 89' lang='lat' dir='ltr'><strong>est,</strong></span> <span class='ocrx_word' id='word_1_508' title='bbox 1460 835 1612 865; x_wconf 85' lang='lat' dir='ltr'><strong>paternas</strong></span> <span class='ocrx_word' id='word_1_509' title='bbox 1635 839 1705 860; x_wconf 90' lang='lat' dir='ltr'><strong>esse</strong></span> <span class='ocrx_word' id='word_1_510' title='bbox 1729 829 1858 867; x_wconf 82' lang='lat' dir='ltr'><strong>ferulas,</strong></span> <span class='ocrx_word' id='word_1_511' title='bbox 1882 830 1998 869; x_wconf 91' lang='lat' dir='ltr'><strong>quibus</strong></span> <span class='ocrx_word' id='word_1_512' title='bbox 2016 837 2147 870; x_wconf 87' lang='lat' dir='ltr'><strong>peccata</strong></span> 
     </span>
     <span class='ocr_line' id='line_1_75' title="bbox 1175 868 2148 913; baseline 0.008 -17"><span class='ocrx_word' id='word_1_513' title='bbox 1175 873 1285 897; x_wconf 88' lang='lat' dir='ltr'><strong>nostra</strong></span> <span class='ocrx_word' id='word_1_514' title='bbox 1312 868 1460 907; x_wconf 87' lang='lat' dir='ltr'><strong>castigat.</strong></span> <span class='ocrx_word' id='word_1_515' title='bbox 1507 869 1595 900; x_wconf 89' lang='lat' dir='ltr'><strong>Nihil</strong></span> <span class='ocrx_word' id='word_1_516' title='bbox 1620 873 1684 902; x_wconf 86' lang='lat' dir='ltr'><strong>tale</strong></span> <span class='ocrx_word' id='word_1_517' title='bbox 1708 875 1853 911; x_wconf 88' lang='lat' dir='ltr'><strong>reprobis</strong></span> <span class='ocrx_word' id='word_1_518' title='bbox 1877 874 2010 904; x_wconf 88' lang='lat' dir='ltr'><strong>evenire</strong></span> <span class='ocrx_word' id='word_1_519' title='bbox 2034 878 2148 913; x_wconf 82' lang='lat' dir='ltr'><strong>potest,</strong></span> 
     </span>
     <span class='ocr_line' id='line_1_76' title="bbox 1174 911 2150 956; baseline 0.009 -18"><span class='ocrx_word' id='word_1_520' title='bbox 1174 919 1312 949; x_wconf 89' lang='lat' dir='ltr'><strong>quorum</strong></span> <span class='ocrx_word' id='word_1_521' title='bbox 1345 911 1503 950; x_wconf 84' lang='lat' dir='ltr'><strong>fugitivae</strong></span> <span class='ocrx_word' id='word_1_522' title='bbox 1534 919 1609 943; x_wconf 89' lang='lat' dir='ltr'><strong>sunt</strong></span> <span class='ocrx_word' id='word_1_523' title='bbox 1636 922 1771 946; x_wconf 84' lang='lat' dir='ltr'><strong>mentes.</strong></span> <span class='ocrx_word' id='word_1_524' title='bbox 1817 915 1892 946; x_wconf 91' lang='lat' dir='ltr'><strong>Huc</strong></span> <span class='ocrx_word' id='word_1_525' title='bbox 1919 916 2042 947; x_wconf 88' lang='lat' dir='ltr'><strong>accedit</strong></span> <span class='ocrx_word' id='word_1_526' title='bbox 2064 915 2150 956; x_wconf 92' lang='lat' dir='ltr'><strong>quod</strong></span> 
     </span>
     <span class='ocr_line' id='line_1_77' title="bbox 1174 952 2150 995; baseline 0.008 -13"><span class='ocrx_word' id='word_1_527' title='bbox 1174 952 1331 983; x_wconf 88' lang='lat' dir='ltr'><strong>iudicium</strong></span> <span class='ocrx_word' id='word_1_528' title='bbox 1366 953 1508 993; x_wconf 85' lang='lat' dir='ltr'><strong>incipere</strong></span> <span class='ocrx_word' id='word_1_529' title='bbox 1543 962 1669 995; x_wconf 88' lang='lat' dir='ltr'><strong>oportet</strong></span> <span class='ocrx_word' id='word_1_530' title='bbox 1700 967 1718 987; x_wconf 87' lang='lat' dir='ltr'><strong>a</strong></span> <span class='ocrx_word' id='word_1_531' title='bbox 1751 958 1844 988; x_wconf 88' lang='lat' dir='ltr'><strong>domo</strong></span> <span class='ocrx_word' id='word_1_532' title='bbox 1880 957 1951 989; x_wconf 90' lang='lat' dir='ltr'><strong>Dei.</strong></span> <span class='ocrx_word' id='word_1_533' title='bbox 2008 959 2150 989; x_wconf 83' lang='lat' dir='ltr'><strong>Proinde</strong></span> 
     </span>
     <span class='ocr_line' id='line_1_78' title="bbox 1175 995 2149 1037; baseline 0.008 -13"><span class='ocrx_word' id='word_1_534' title='bbox 1175 995 1301 1026; x_wconf 83' lang='lat' dir='ltr'><strong>etiamsi</strong></span> <span class='ocrx_word' id='word_1_535' title='bbox 1325 997 1541 1027; x_wconf 89' lang='lat' dir='ltr'><strong>communiter</strong></span> <span class='ocrx_word' id='word_1_536' title='bbox 1564 998 1685 1029; x_wconf 89' lang='lat' dir='ltr'><strong>alienos</strong></span> <span class='ocrx_word' id='word_1_537' title='bbox 1709 1006 1740 1029; x_wconf 86' lang='lat' dir='ltr'><strong>et</strong></span> <span class='ocrx_word' id='word_1_538' title='bbox 1764 1000 1952 1032; x_wconf 85' lang='lat' dir='ltr'><strong>domesticos</strong></span> <span class='ocrx_word' id='word_1_539' title='bbox 1976 1002 2079 1037; x_wconf 77' lang='lat' dir='ltr'><strong>feriat,</strong></span> <span class='ocrx_word' id='word_1_540' title='bbox 2103 1001 2149 1032; x_wconf 87' lang='grc'><strong>010</strong></span> 
     </span>
     <span class='ocr_line' id='line_1_79' title="bbox 1176 1043 2151 1083; baseline 0.006 -16"><span class='ocrx_word' id='word_1_541' title='bbox 1176 1043 1285 1068; x_wconf 89' lang='lat' dir='ltr'><strong>tamen</strong></span> <span class='ocrx_word' id='word_1_542' title='bbox 1320 1048 1453 1069; x_wconf 84' lang='lat' dir='ltr'><strong>manum</strong></span> <span class='ocrx_word' id='word_1_543' title='bbox 1487 1049 1576 1070; x_wconf 88' lang='lat' dir='ltr'><strong>suam</strong></span> <span class='ocrx_word' id='word_1_544' title='bbox 1613 1051 1689 1080; x_wconf 85' lang='lat' dir='ltr'><strong>erga</strong></span> <span class='ocrx_word' id='word_1_545' title='bbox 1720 1045 1911 1081; x_wconf 82' lang='lat' dir='ltr'><strong>posteriores</strong></span> <span class='ocrx_word' id='word_1_546' title='bbox 1945 1044 2081 1083; x_wconf 83' lang='lat' dir='ltr'><strong>exserit,</strong></span> <span class='ocrx_word' id='word_1_547' title='bbox 2114 1047 2151 1074; x_wconf 88' lang='lat' dir='ltr'><strong>ut</strong></span> 
     </span>
     <span class='ocr_line' id='line_1_80' title="bbox 1176 1081 2150 1121; baseline 0.007 -11"><span class='ocrx_word' id='word_1_548' title='bbox 1176 1081 1377 1111; x_wconf 85' lang='lat' dir='ltr'><strong>demonstret</strong></span> <span class='ocrx_word' id='word_1_549' title='bbox 1418 1092 1451 1112; x_wconf 88' lang='lat' dir='ltr'><strong>se</strong></span> <span class='ocrx_word' id='word_1_550' title='bbox 1490 1083 1685 1121; x_wconf 86' lang='lat' dir='ltr'><strong>peculiarem</strong></span> <span class='ocrx_word' id='word_1_551' title='bbox 1724 1084 1842 1116; x_wconf 90' lang='lat' dir='ltr'><strong>habere</strong></span> <span class='ocrx_word' id='word_1_552' title='bbox 1880 1097 1989 1117; x_wconf 89' lang='lat' dir='ltr'><strong>eorum</strong></span> <span class='ocrx_word' id='word_1_553' title='bbox 2028 1097 2150 1118; x_wconf 88' lang='lat' dir='ltr'><strong>curam.</strong></span> 
     </span>
     <span class='ocr_line' id='line_1_81' title="bbox 1177 1122 2151 1168; baseline 0.006 -13"><span class='ocrx_word' id='word_1_554' title='bbox 1177 1122 1242 1155; x_wconf 85' lang='lat' dir='ltr'><strong>Sed</strong></span> <span class='ocrx_word' id='word_1_555' title='bbox 1273 1123 1328 1154; x_wconf 84' lang='lat' dir='ltr'><strong>illa</strong></span> <span class='ocrx_word' id='word_1_556' title='bbox 1358 1129 1407 1155; x_wconf 89' lang='lat' dir='ltr'><strong>est</strong></span> <span class='ocrx_word' id='word_1_557' title='bbox 1431 1135 1510 1156; x_wconf 87' lang='lat' dir='ltr'><strong>vera</strong></span> <span class='ocrx_word' id='word_1_558' title='bbox 1540 1126 1668 1164; x_wconf 86' lang='lat' dir='ltr'><strong>solutio,</strong></span> <span class='ocrx_word' id='word_1_559' title='bbox 1700 1127 1782 1166; x_wconf 89' lang='lat' dir='ltr'><strong>quod</strong></span> <span class='ocrx_word' id='word_1_560' title='bbox 1811 1128 1958 1168; x_wconf 85' lang='lat' dir='ltr'><strong>quisquis</strong></span> <span class='ocrx_word' id='word_1_561' title='bbox 1981 1140 2000 1160; x_wconf 82' lang='lat' dir='ltr'><strong>a</strong></span> <span class='ocrx_word' id='word_1_562' title='bbox 2024 1130 2093 1160; x_wconf 90' lang='lat' dir='ltr'><strong>Deo</strong></span> <span class='ocrx_word' id='word_1_563' title='bbox 2117 1140 2151 1161; x_wconf 90' lang='grc'><strong>00</strong></span> 
     </span>
     <span class='ocr_line' id='line_1_82' title="bbox 1176 1166 2151 1212; baseline 0.006 -15"><span class='ocrx_word' id='word_1_564' title='bbox 1176 1166 1329 1205; x_wconf 86' lang='lat' dir='ltr'><strong>castigari</strong></span> <span class='ocrx_word' id='word_1_565' title='bbox 1358 1168 1449 1198; x_wconf 91' lang='lat' dir='ltr'><strong>novit</strong></span> <span class='ocrx_word' id='word_1_566' title='bbox 1479 1173 1511 1198; x_wconf 92' lang='lat' dir='ltr'><strong>et</strong></span> <span class='ocrx_word' id='word_1_567' title='bbox 1542 1178 1716 1208; x_wconf 88' lang='lat' dir='ltr'><strong>persuasus</strong></span> <span class='ocrx_word' id='word_1_568' title='bbox 1745 1176 1806 1207; x_wconf 84' lang='lat' dir='ltr'><strong>est,</strong></span> <span class='ocrx_word' id='word_1_569' title='bbox 1835 1171 1970 1210; x_wconf 87' lang='lat' dir='ltr'><strong>gradum</strong></span> <span class='ocrx_word' id='word_1_570' title='bbox 2002 1174 2151 1212; x_wconf 87' lang='lat' dir='ltr'><strong>protinus</strong></span> 
     </span>
     <span class='ocr_line' id='line_1_83' title="bbox 1178 1209 2151 1254; baseline 0.007 -15"><span class='ocrx_word' id='word_1_571' title='bbox 1178 1210 1282 1240; x_wconf 87' lang='lat' dir='ltr'><strong>facere</strong></span> <span class='ocrx_word' id='word_1_572' title='bbox 1320 1209 1414 1241; x_wconf 89' lang='lat' dir='ltr'><strong>debet</strong></span> <span class='ocrx_word' id='word_1_573' title='bbox 1452 1209 1491 1240; x_wconf 86' lang='lat' dir='ltr'><strong>ad</strong></span> <span class='ocrx_word' id='word_1_574' title='bbox 1528 1210 1612 1242; x_wconf 89' lang='lat' dir='ltr'><strong>hanc</strong></span> <span class='ocrx_word' id='word_1_575' title='bbox 1646 1213 1892 1252; x_wconf 82' lang='lat' dir='ltr'><strong>cogitationem:</strong></span> <span class='ocrx_word' id='word_1_576' title='bbox 1931 1214 1962 1244; x_wconf 85' lang='lat' dir='ltr'><strong>id</strong></span> <span class='ocrx_word' id='word_1_577' title='bbox 1997 1215 2151 1254; x_wconf 88' lang='lat' dir='ltr'><strong>accidere,</strong></span> 
     </span>
     <span class='ocr_line' id='line_1_84' title="bbox 1178 1252 2152 1295; baseline 0.007 -13"><span class='ocrx_word' id='word_1_578' title='bbox 1178 1252 1330 1292; x_wconf 90' lang='lat' dir='ltr'><strong>quoniam</strong></span> <span class='ocrx_word' id='word_1_579' title='bbox 1369 1263 1387 1283; x_wconf 95' lang='lat' dir='ltr'><strong>a</strong></span> <span class='ocrx_word' id='word_1_580' title='bbox 1421 1252 1492 1284; x_wconf 92' lang='lat' dir='ltr'><strong>Deo</strong></span> <span class='ocrx_word' id='word_1_581' title='bbox 1531 1260 1667 1285; x_wconf 88' lang='lat' dir='ltr'><strong>ametur.</strong></span> <span class='ocrx_word' id='word_1_582' title='bbox 1724 1255 1808 1285; x_wconf 92' lang='lat' dir='ltr'><strong>Nam</strong></span> <span class='ocrx_word' id='word_1_583' title='bbox 1843 1266 1941 1295; x_wconf 91' lang='lat' dir='ltr'><strong>quum</strong></span> <span class='ocrx_word' id='word_1_584' title='bbox 1975 1256 2081 1288; x_wconf 91' lang='lat' dir='ltr'><strong>Deum</strong></span> <span class='ocrx_word' id='word_1_585' title='bbox 2117 1259 2152 1288; x_wconf 91' lang='lat' dir='ltr'><strong>in</strong></span> 
     </span>
     <span class='ocr_line' id='line_1_85' title="bbox 1178 1295 2151 1335; baseline 0.007 -11"><span class='ocrx_word' id='word_1_586' title='bbox 1178 1295 1289 1335; x_wconf 89' lang='lat' dir='ltr'><strong>poenis</strong></span> <span class='ocrx_word' id='word_1_587' title='bbox 1312 1295 1453 1326; x_wconf 90' lang='lat' dir='ltr'><strong>medium</strong></span> <span class='ocrx_word' id='word_1_588' title='bbox 1473 1296 1615 1327; x_wconf 88' lang='lat' dir='ltr'><strong>sentiant</strong></span> <span class='ocrx_word' id='word_1_589' title='bbox 1635 1296 1756 1335; x_wconf 85' lang='lat' dir='ltr'><strong>fideles,</strong></span> <span class='ocrx_word' id='word_1_590' title='bbox 1779 1305 1901 1329; x_wconf 88' lang='lat' dir='ltr'><strong>certum</strong></span> <span class='ocrx_word' id='word_1_591' title='bbox 1919 1298 2038 1330; x_wconf 88' lang='lat' dir='ltr'><strong>habent</strong></span> <span class='ocrx_word' id='word_1_592' title='bbox 2059 1300 2151 1332; x_wconf 86' lang='lat' dir='ltr'><strong>bene-</strong></span> 
     </span>
     <span class='ocr_line' id='line_1_86' title="bbox 1179 1337 2152 1381; baseline 0.005 -12"><span class='ocrx_word' id='word_1_593' title='bbox 1179 1337 1341 1369; x_wconf 87' lang='lat' dir='ltr'><strong>volentiae</strong></span> <span class='ocrx_word' id='word_1_594' title='bbox 1373 1339 1442 1369; x_wconf 91' lang='lat' dir='ltr'><strong>eius</strong></span> <span class='ocrx_word' id='word_1_595' title='bbox 1472 1340 1600 1379; x_wconf 90' lang='lat' dir='ltr'><strong>pignus,</strong></span> <span class='ocrx_word' id='word_1_596' title='bbox 1630 1341 1705 1380; x_wconf 87' lang='lat' dir='ltr'><strong>quia</strong></span> <span class='ocrx_word' id='word_1_597' title='bbox 1730 1341 1790 1371; x_wconf 89' lang='lat' dir='ltr'><strong>nisi</strong></span> <span class='ocrx_word' id='word_1_598' title='bbox 1815 1349 1947 1381; x_wconf 84' lang='lat' dir='ltr'><strong>amaret,</strong></span> <span class='ocrx_word' id='word_1_599' title='bbox 1980 1353 2042 1373; x_wconf 92' lang='lat' dir='ltr'><strong>non</strong></span> <span class='ocrx_word' id='word_1_600' title='bbox 2068 1348 2152 1374; x_wconf 88' lang='lat' dir='ltr'><strong>esset</strong></span> 
     </span>
     <span class='ocr_line' id='line_1_87' title="bbox 1178 1380 2150 1425; baseline 0.005 -14"><span class='ocrx_word' id='word_1_601' title='bbox 1178 1380 1337 1412; x_wconf 89' lang='lat' dir='ltr'><strong>sollicitus</strong></span> <span class='ocrx_word' id='word_1_602' title='bbox 1359 1381 1398 1412; x_wconf 91' lang='lat' dir='ltr'><strong>de</strong></span> <span class='ocrx_word' id='word_1_603' title='bbox 1421 1391 1532 1412; x_wconf 88' lang='lat' dir='ltr'><strong>eorum</strong></span> <span class='ocrx_word' id='word_1_604' title='bbox 1554 1383 1667 1414; x_wconf 88' lang='lat' dir='ltr'><strong>salute.</strong></span> <span class='ocrx_word' id='word_1_605' title='bbox 1706 1383 1783 1414; x_wconf 90' lang='lat' dir='ltr'><strong>Ideo</strong></span> <span class='ocrx_word' id='word_1_606' title='bbox 1799 1384 1962 1415; x_wconf 86' lang='lat' dir='ltr'><strong>concludit</strong></span> <span class='ocrx_word' id='word_1_607' title='bbox 1977 1387 2150 1425; x_wconf 89' lang='lat' dir='ltr'><strong>apostolus,</strong></span> 
     </span>
     <span class='ocr_line' id='line_1_88' title="bbox 1178 1422 2151 1467; baseline 0.006 -14"><span class='ocrx_word' id='word_1_608' title='bbox 1178 1422 1288 1454; x_wconf 90' lang='lat' dir='ltr'><strong>Deum</strong></span> <span class='ocrx_word' id='word_1_609' title='bbox 1325 1424 1476 1455; x_wconf 88' lang='lat' dir='ltr'><strong>omnibus</strong></span> <span class='ocrx_word' id='word_1_610' title='bbox 1519 1425 1627 1456; x_wconf 86' lang='lat' dir='ltr'><strong>offerri</strong></span> <span class='ocrx_word' id='word_1_611' title='bbox 1670 1432 1798 1465; x_wconf 90' lang='lat' dir='ltr'><strong>patrem</strong></span> <span class='ocrx_word' id='word_1_612' title='bbox 1832 1428 1885 1467; x_wconf 91' lang='lat' dir='ltr'><strong>qui</strong></span> <span class='ocrx_word' id='word_1_613' title='bbox 1919 1430 2151 1459; x_wconf 87' lang='lat' dir='ltr'><strong>correctionem</strong></span> 
     </span>
     <span class='ocr_line' id='line_1_89' title="bbox 1178 1467 2151 1510; baseline 0.004 -12"><span class='ocrx_word' id='word_1_614' title='bbox 1178 1467 1341 1498; x_wconf 84' lang='lat' dir='ltr'><strong>sustinent</strong></span> <span class='ocrx_word' id='word_1_615' title='bbox 1410 1467 1493 1498; x_wconf 88' lang='lat' dir='ltr'><strong>Nam</strong></span> <span class='ocrx_word' id='word_1_616' title='bbox 1533 1469 1587 1508; x_wconf 90' lang='lat' dir='ltr'><strong>qui</strong></span> <span class='ocrx_word' id='word_1_617' title='bbox 1625 1469 1811 1510; x_wconf 82' lang='lat' dir='ltr'><strong>calcitrant,</strong></span> <span class='ocrx_word' id='word_1_618' title='bbox 1849 1475 1885 1501; x_wconf 91' lang='lat' dir='ltr'><strong>ut</strong></span> <span class='ocrx_word' id='word_1_619' title='bbox 1920 1471 1991 1510; x_wconf 90' lang='lat' dir='ltr'><strong>equi</strong></span> <span class='ocrx_word' id='word_1_620' title='bbox 2031 1473 2151 1502; x_wconf 74' lang='lat' dir='ltr'><strong>feroces</strong></span> 
     </span>
     <span class='ocr_line' id='line_1_90' title="bbox 1178 1510 2151 1554; baseline 0.006 -15"><span class='ocrx_word' id='word_1_621' title='bbox 1178 1510 1292 1547; x_wconf 87' lang='lat' dir='ltr'><strong>solent,</strong></span> <span class='ocrx_word' id='word_1_622' title='bbox 1324 1510 1375 1541; x_wconf 84' lang='lat' dir='ltr'><strong>vel</strong></span> <span class='ocrx_word' id='word_1_623' title='bbox 1406 1510 1462 1550; x_wconf 91' lang='lat' dir='ltr'><strong>qui</strong></span> <span class='ocrx_word' id='word_1_624' title='bbox 1487 1512 1663 1551; x_wconf 85' lang='lat' dir='ltr'><strong>praefracte</strong></span> <span class='ocrx_word' id='word_1_625' title='bbox 1686 1511 1895 1550; x_wconf 87' lang='lat' dir='ltr'><strong>reluctantur,</strong></span> <span class='ocrx_word' id='word_1_626' title='bbox 1927 1514 2058 1544; x_wconf 90' lang='lat' dir='ltr'><strong>minime</strong></span> <span class='ocrx_word' id='word_1_627' title='bbox 2082 1524 2151 1554; x_wconf 89' lang='lat' dir='ltr'><strong>per-</strong></span> 
     </span>
     <span class='ocr_line' id='line_1_91' title="bbox 1178 1552 2152 1593; baseline 0.006 -11"><span class='ocrx_word' id='word_1_628' title='bbox 1178 1553 1284 1583; x_wconf 85' lang='lat' dir='ltr'><strong>tinent</strong></span> <span class='ocrx_word' id='word_1_629' title='bbox 1315 1552 1355 1583; x_wconf 90' lang='lat' dir='ltr'><strong>ad</strong></span> <span class='ocrx_word' id='word_1_630' title='bbox 1384 1552 1471 1584; x_wconf 91' lang='lat' dir='ltr'><strong>hunc</strong></span> <span class='ocrx_word' id='word_1_631' title='bbox 1501 1554 1657 1585; x_wconf 87' lang='lat' dir='ltr'><strong>ordinem.</strong></span> <span class='ocrx_word' id='word_1_632' title='bbox 1704 1553 1816 1593; x_wconf 80' lang='lat' dir='ltr'><strong>Quare</strong></span> <span class='ocrx_word' id='word_1_633' title='bbox 1846 1556 1880 1586; x_wconf 92' lang='lat' dir='ltr'><strong>in</strong></span> <span class='ocrx_word' id='word_1_634' title='bbox 1911 1566 2037 1587; x_wconf 91' lang='lat' dir='ltr'><strong>summa</strong></span> <span class='ocrx_word' id='word_1_635' title='bbox 2060 1557 2152 1588; x_wconf 88' lang='lat' dir='ltr'><strong>docet</strong></span> 
     </span>
     <span class='ocr_line' id='line_1_92' title="bbox 1179 1596 2150 1639; baseline 0.005 -13"><span class='ocrx_word' id='word_1_636' title='bbox 1179 1600 1255 1626; x_wconf 91' lang='lat' dir='ltr'><strong>tunc</strong></span> <span class='ocrx_word' id='word_1_637' title='bbox 1285 1596 1378 1627; x_wconf 89' lang='lat' dir='ltr'><strong>nobis</strong></span> <span class='ocrx_word' id='word_1_638' title='bbox 1407 1596 1538 1627; x_wconf 92' lang='lat' dir='ltr'><strong>demum</strong></span> <span class='ocrx_word' id='word_1_639' title='bbox 1567 1602 1717 1636; x_wconf 89' lang='lat' dir='ltr'><strong>paternas</strong></span> <span class='ocrx_word' id='word_1_640' title='bbox 1748 1607 1817 1629; x_wconf 87' lang='lat' dir='ltr'><strong>esse</strong></span> <span class='ocrx_word' id='word_1_641' title='bbox 1840 1597 1903 1629; x_wconf 94' lang='lat' dir='ltr'><strong>Dei</strong></span> <span class='ocrx_word' id='word_1_642' title='bbox 1927 1600 2150 1639; x_wconf 86' lang='lat' dir='ltr'><strong>correctiones,</strong></span> 
     </span>
     <span class='ocr_line' id='line_1_93' title="bbox 1178 1638 1864 1678; baseline 0.004 -10"><span class='ocrx_word' id='word_1_643' title='bbox 1178 1648 1277 1678; x_wconf 90' lang='lat' dir='ltr'><strong>quum</strong></span> <span class='ocrx_word' id='word_1_644' title='bbox 1302 1638 1349 1669; x_wconf 91' lang='lat' dir='ltr'><strong>illi</strong></span> <span class='ocrx_word' id='word_1_645' title='bbox 1373 1649 1433 1670; x_wconf 91' lang='lat' dir='ltr'><strong>nos</strong></span> <span class='ocrx_word' id='word_1_646' title='bbox 1456 1639 1643 1670; x_wconf 87' lang='lat' dir='ltr'><strong>obedienter</strong></span> <span class='ocrx_word' id='word_1_647' title='bbox 1666 1641 1864 1672; x_wconf 91' lang='lat' dir='ltr'><strong>subiicimus.</strong></span> 
     </span>
    </p>

    <p class='ocr_par' dir='ltr' id='par_1_9' title="bbox 1174 1681 2154 2667">
     <span class='ocr_line' id='line_1_94' title="bbox 1265 1681 2153 1721; baseline 0.005 -9"><span class='ocrx_word' id='word_1_648' title='bbox 1265 1681 1294 1712; x_wconf 86' lang='lat'><strong>7.</strong></span> <span class='ocrx_word' id='word_1_649' title='bbox 1321 1681 1399 1721; x_wconf 78' lang='lat' dir='ltr'><strong>Quis</strong></span> <span class='ocrx_word' id='word_1_650' title='bbox 1420 1682 1502 1713; x_wconf 78' lang='lat' dir='ltr'><strong>enim</strong></span> <span class='ocrx_word' id='word_1_651' title='bbox 1525 1685 1568 1713; x_wconf 76' lang='lat' dir='ltr'><strong>est</strong></span> <span class='ocrx_word' id='word_1_652' title='bbox 1592 1682 1690 1721; x_wconf 74' lang='lat' dir='ltr'><strong>filius.</strong></span> <span class='ocrx_word' id='word_1_653' title='bbox 1735 1685 1765 1714; x_wconf 89' lang='lat' dir='ltr'>A</span> <span class='ocrx_word' id='word_1_654' title='bbox 1795 1684 1958 1715; x_wconf 89' lang='lat' dir='ltr'><strong>communi</strong></span> <span class='ocrx_word' id='word_1_655' title='bbox 1982 1684 2153 1716; x_wconf 89' lang='lat' dir='ltr'><strong>hominum</strong></span> 
     </span>
     <span class='ocr_line' id='line_1_95' title="bbox 1178 1726 2154 1764; baseline 0.005 -10"><span class='ocrx_word' id='word_1_656' title='bbox 1178 1733 1267 1755; x_wconf 87' lang='lat' dir='ltr'><strong>more</strong></span> <span class='ocrx_word' id='word_1_657' title='bbox 1294 1726 1523 1764; x_wconf 85' lang='lat' dir='ltr'><strong>ratiocinatur,</strong></span> <span class='ocrx_word' id='word_1_658' title='bbox 1554 1726 1687 1757; x_wconf 91' lang='lat' dir='ltr'><strong>minime</strong></span> <span class='ocrx_word' id='word_1_659' title='bbox 1723 1736 1792 1757; x_wconf 89' lang='grc'>0080</span> <span class='ocrx_word' id='word_1_660' title='bbox 1824 1733 2076 1758; x_wconf 87' lang='lat' dir='ltr'><strong>consentaneum</strong></span> <span class='ocrx_word' id='word_1_661' title='bbox 2117 1732 2154 1759; x_wconf 88' lang='grc'><strong>111</strong></span> 
     </span>
     <span class='ocr_line' id='line_1_96' title="bbox 1178 1766 2153 1808; baseline 0.005 -11"><span class='ocrx_word' id='word_1_662' title='bbox 1178 1767 1234 1798; x_wconf 89' lang='lat' dir='ltr'><strong>filii</strong></span> <span class='ocrx_word' id='word_1_663' title='bbox 1259 1766 1322 1797; x_wconf 90' lang='lat' dir='ltr'><strong>Dei</strong></span> <span class='ocrx_word' id='word_1_664' title='bbox 1346 1778 1365 1798; x_wconf 89' lang='lat' dir='ltr'><strong>a</strong></span> <span class='ocrx_word' id='word_1_665' title='bbox 1387 1769 1493 1799; x_wconf 89' lang='lat' dir='ltr'><strong>crucis</strong></span> <span class='ocrx_word' id='word_1_666' title='bbox 1516 1768 1687 1808; x_wconf 87' lang='lat' dir='ltr'><strong>disciplina</strong></span> <span class='ocrx_word' id='word_1_667' title='bbox 1709 1769 1775 1799; x_wconf 87' lang='lat' dir='ltr'><strong>sint</strong></span> <span class='ocrx_word' id='word_1_668' title='bbox 1798 1769 1971 1801; x_wconf 91' lang='lat' dir='ltr'><strong>immunes.</strong></span> <span class='ocrx_word' id='word_1_669' title='bbox 2017 1770 2102 1801; x_wconf 90' lang='lat' dir='ltr'><strong>Nam</strong></span> <span class='ocrx_word' id='word_1_670' title='bbox 2126 1772 2153 1802; x_wconf 90' lang='lat' dir='ltr'><strong>si</strong></span> 
     </span>
     <span class='ocr_line' id='line_1_97' title="bbox 1179 1811 2149 1852; baseline 0.004 -12"><span class='ocrx_word' id='word_1_671' title='bbox 1179 1820 1273 1841; x_wconf 90' lang='lat' dir='ltr'><strong>nemo</strong></span> <span class='ocrx_word' id='word_1_672' title='bbox 1302 1811 1387 1841; x_wconf 87' lang='lat' dir='ltr'><strong>inter</strong></span> <span class='ocrx_word' id='word_1_673' title='bbox 1411 1811 1558 1842; x_wconf 89' lang='lat' dir='ltr'><strong>homines</strong></span> <span class='ocrx_word' id='word_1_674' title='bbox 1589 1812 1763 1849; x_wconf 85' lang='lat' dir='ltr'><strong>invenitur,</strong></span> <span class='ocrx_word' id='word_1_675' title='bbox 1792 1813 1932 1852; x_wconf 90' lang='lat' dir='ltr'><strong>prudens</strong></span> <span class='ocrx_word' id='word_1_676' title='bbox 1962 1812 2074 1843; x_wconf 88' lang='lat' dir='ltr'><strong>saltem</strong></span> <span class='ocrx_word' id='word_1_677' title='bbox 2098 1824 2149 1845; x_wconf 85' lang='lat' dir='ltr'><strong>sa-</strong></span> 
     </span>
     <span class='ocr_line' id='line_1_98' title="bbox 1178 1853 2147 1896; baseline 0.004 -13"><span class='ocrx_word' id='word_1_678' title='bbox 1178 1854 1276 1893; x_wconf 88' lang='lat' dir='ltr'><strong>nique</strong></span> <span class='ocrx_word' id='word_1_679' title='bbox 1295 1853 1414 1891; x_wconf 90' lang='lat' dir='ltr'><strong>iudicii,</strong></span> <span class='ocrx_word' id='word_1_680' title='bbox 1439 1855 1493 1894; x_wconf 90' lang='lat' dir='ltr'><strong>qui</strong></span> <span class='ocrx_word' id='word_1_681' title='bbox 1512 1864 1577 1885; x_wconf 91' lang='lat' dir='ltr'><strong>non</strong></span> <span class='ocrx_word' id='word_1_682' title='bbox 1596 1854 1713 1886; x_wconf 88' lang='lat' dir='ltr'><strong>liberos</strong></span> <span class='ocrx_word' id='word_1_683' title='bbox 1731 1865 1805 1885; x_wconf 91' lang='lat' dir='ltr'><strong>suos</strong></span> <span class='ocrx_word' id='word_1_684' title='bbox 1821 1857 1969 1896; x_wconf 85' lang='lat' dir='ltr'><strong>corrigat,</strong></span> <span class='ocrx_word' id='word_1_685' title='bbox 1994 1857 2147 1895; x_wconf 76' lang='lat' dir='ltr'><strong>quoniam</strong></span> 
     </span>
     <span class='ocr_line' id='line_1_99' title="bbox 1177 1895 2148 1938; baseline 0.004 -12"><span class='ocrx_word' id='word_1_686' title='bbox 1177 1897 1247 1926; x_wconf 90' lang='lat' dir='ltr'><strong>sine</strong></span> <span class='ocrx_word' id='word_1_687' title='bbox 1271 1895 1440 1936; x_wconf 86' lang='lat' dir='ltr'><strong>disciplina</strong></span> <span class='ocrx_word' id='word_1_688' title='bbox 1468 1897 1507 1927; x_wconf 88' lang='lat' dir='ltr'><strong>ad</strong></span> <span class='ocrx_word' id='word_1_689' title='bbox 1533 1898 1647 1928; x_wconf 92' lang='lat' dir='ltr'><strong>bonam</strong></span> <span class='ocrx_word' id='word_1_690' title='bbox 1678 1899 1804 1938; x_wconf 73' lang='lat' dir='ltr'><strong>frugem</strong></span> <span class='ocrx_word' id='word_1_691' title='bbox 1828 1898 1944 1928; x_wconf 89' lang='lat' dir='ltr'><strong>adduci</strong></span> <span class='ocrx_word' id='word_1_692' title='bbox 1968 1905 2148 1938; x_wconf 88' lang='lat' dir='ltr'><strong>nequeunt:</strong></span> 
     </span>
     <span class='ocr_line' id='line_1_100' title="bbox 1177 1939 2147 1981; baseline 0.003 -12"><span class='ocrx_word' id='word_1_693' title='bbox 1177 1943 1298 1979; x_wconf 82' lang='lat' dir='ltr'><strong>quanto</strong></span> <span class='ocrx_word' id='word_1_694' title='bbox 1321 1941 1428 1971; x_wconf 90' lang='lat' dir='ltr'><strong>minus</strong></span> <span class='ocrx_word' id='word_1_695' title='bbox 1448 1939 1508 1971; x_wconf 89' lang='grc'>1100</span> <span class='ocrx_word' id='word_1_696' title='bbox 1531 1946 1595 1970; x_wconf 86' lang='lat' dir='ltr'><strong>tam</strong></span> <span class='ocrx_word' id='word_1_697' title='bbox 1613 1943 1828 1971; x_wconf 89' lang='lat' dir='ltr'><strong>necessarium</strong></span> <span class='ocrx_word' id='word_1_698' title='bbox 1853 1941 2029 1972; x_wconf 89' lang='lat' dir='ltr'><strong>remedium</strong></span> <span class='ocrx_word' id='word_1_699' title='bbox 2048 1943 2147 1981; x_wconf 88' lang='lat' dir='ltr'><strong>Deus,</strong></span> 
     </span>
     <span class='ocr_line' id='line_1_101' title="bbox 1178 1983 2146 2024; baseline 0.004 -13"><span class='ocrx_word' id='word_1_700' title='bbox 1178 1983 1233 2021; x_wconf 90' lang='lat' dir='ltr'><strong>qni</strong></span> <span class='ocrx_word' id='word_1_701' title='bbox 1257 1983 1400 2022; x_wconf 90' lang='lat' dir='ltr'><strong>optimus</strong></span> <span class='ocrx_word' id='word_1_702' title='bbox 1431 1989 1463 2013; x_wconf 90' lang='lat' dir='ltr'><strong>et</strong></span> <span class='ocrx_word' id='word_1_703' title='bbox 1485 1984 1742 2023; x_wconf 87' lang='lat' dir='ltr'><strong>sapientissimus</strong></span> <span class='ocrx_word' id='word_1_704' title='bbox 1772 1989 1821 2014; x_wconf 90' lang='lat' dir='ltr'><strong>est</strong></span> <span class='ocrx_word' id='word_1_705' title='bbox 1846 1990 1947 2023; x_wconf 89' lang='lat' dir='ltr'><strong>pater,</strong></span> <span class='ocrx_word' id='word_1_706' title='bbox 1979 1984 2146 2024; x_wconf 81' lang='lat' dir='ltr'><strong>negliget?</strong></span> 
     </span>
     <span class='ocr_line' id='line_1_102' title="bbox 1177 2024 2146 2065; baseline 0.003 -10"><span class='ocrx_word' id='word_1_707' title='bbox 1177 2024 1214 2056; x_wconf 68' lang='lat' dir='ltr'><strong>si</strong></span> <span class='ocrx_word' id='word_1_708' title='bbox 1238 2027 1309 2065; x_wconf 92' lang='lat' dir='ltr'><strong>quis</strong></span> <span class='ocrx_word' id='word_1_709' title='bbox 1332 2025 1469 2063; x_wconf 89' lang='lat' dir='ltr'><strong>obiiciat,</strong></span> <span class='ocrx_word' id='word_1_710' title='bbox 1493 2036 1617 2057; x_wconf 89' lang='lat' dir='ltr'><strong>cessare</strong></span> <span class='ocrx_word' id='word_1_711' title='bbox 1633 2026 1718 2056; x_wconf 87' lang='lat' dir='ltr'><strong>inter</strong></span> <span class='ocrx_word' id='word_1_712' title='bbox 1742 2026 1888 2056; x_wconf 88' lang='lat' dir='ltr'><strong>homines</strong></span> <span class='ocrx_word' id='word_1_713' title='bbox 1904 2027 2062 2058; x_wconf 89' lang='lat' dir='ltr'><strong>eiusmodi</strong></span> <span class='ocrx_word' id='word_1_714' title='bbox 2078 2037 2146 2058; x_wconf 89' lang='lat' dir='ltr'><strong>cor-</strong></span> 
     </span>
     <span class='ocr_line' id='line_1_103' title="bbox 1177 2068 2146 2110; baseline 0.002 -12"><span class='ocrx_word' id='word_1_715' title='bbox 1177 2070 1355 2099; x_wconf 90' lang='lat' dir='ltr'><strong>rectionem</strong></span> <span class='ocrx_word' id='word_1_716' title='bbox 1379 2068 1574 2108; x_wconf 86' lang='lat' dir='ltr'><strong>simulatque</strong></span> <span class='ocrx_word' id='word_1_717' title='bbox 1602 2079 1643 2100; x_wconf 81' lang='lat' dir='ltr'><strong>ex</strong></span> <span class='ocrx_word' id='word_1_718' title='bbox 1675 2068 1889 2100; x_wconf 87' lang='lat' dir='ltr'><strong>adolescentia</strong></span> <span class='ocrx_word' id='word_1_719' title='bbox 1919 2071 2040 2110; x_wconf 85' lang='lat' dir='ltr'><strong>egressi</strong></span> <span class='ocrx_word' id='word_1_720' title='bbox 2071 2076 2146 2101; x_wconf 88' lang='lat' dir='ltr'><strong>sunt</strong></span> 
     </span>
     <span class='ocr_line' id='line_1_104' title="bbox 1177 2110 2146 2151; baseline 0.003 -11"><span class='ocrx_word' id='word_1_721' title='bbox 1177 2110 1286 2142; x_wconf 86' lang='lat' dir='ltr'><strong>liberi:</strong></span> <span class='ocrx_word' id='word_1_722' title='bbox 1318 2112 1505 2151; x_wconf 89' lang='lat' dir='ltr'><strong>respondeo,</strong></span> <span class='ocrx_word' id='word_1_723' title='bbox 1537 2122 1602 2149; x_wconf 88' lang='lat' dir='ltr'><strong>nos,</strong></span> <span class='ocrx_word' id='word_1_724' title='bbox 1633 2112 1787 2151; x_wconf 87' lang='lat' dir='ltr'><strong>quamdiu</strong></span> <span class='ocrx_word' id='word_1_725' title='bbox 1810 2113 1961 2148; x_wconf 74' lang='lat' dir='ltr'><strong>vivmus,</strong></span> <span class='ocrx_word' id='word_1_726' title='bbox 1994 2112 2056 2143; x_wconf 89' lang='lat' dir='ltr'><strong>Dei</strong></span> <span class='ocrx_word' id='word_1_727' title='bbox 2079 2123 2146 2143; x_wconf 84' lang='lat' dir='ltr'><strong>res—</strong></span> 
     </span>
     <span class='ocr_line' id='line_1_105' title="bbox 1178 2154 2145 2195; baseline 0.002 -11"><span class='ocrx_word' id='word_1_728' title='bbox 1178 2160 1270 2193; x_wconf 87' lang='lat' dir='ltr'><strong>pectu</strong></span> <span class='ocrx_word' id='word_1_729' title='bbox 1294 2164 1364 2185; x_wconf 91' lang='lat' dir='ltr'><strong>esse</strong></span> <span class='ocrx_word' id='word_1_730' title='bbox 1387 2156 1490 2195; x_wconf 89' lang='lat' dir='ltr'><strong>magis</strong></span> <span class='ocrx_word' id='word_1_731' title='bbox 1513 2164 1609 2194; x_wconf 88' lang='lat' dir='ltr'><strong>quam</strong></span> <span class='ocrx_word' id='word_1_732' title='bbox 1634 2162 1767 2193; x_wconf 85' lang='lat' dir='ltr'><strong>pueros:</strong></span> <span class='ocrx_word' id='word_1_733' title='bbox 1790 2161 1886 2194; x_wconf 88' lang='lat' dir='ltr'><strong>atque</strong></span> <span class='ocrx_word' id='word_1_734' title='bbox 1908 2154 1992 2186; x_wconf 89' lang='lat' dir='ltr'><strong>hanc</strong></span> <span class='ocrx_word' id='word_1_735' title='bbox 2015 2165 2145 2186; x_wconf 88' lang='lat' dir='ltr'><strong>causam</strong></span> 
     </span>
     <span class='ocr_line' id='line_1_106' title="bbox 1177 2197 2145 2237; baseline 0.001 -10"><span class='ocrx_word' id='word_1_736' title='bbox 1177 2206 1246 2227; x_wconf 88' lang='grc'>0000</span> <span class='ocrx_word' id='word_1_737' title='bbox 1269 2206 1327 2228; x_wconf 91' lang='lat' dir='ltr'><strong>cur</strong></span> <span class='ocrx_word' id='word_1_738' title='bbox 1351 2202 1442 2237; x_wconf 88' lang='lat' dir='ltr'><strong>tergo</strong></span> <span class='ocrx_word' id='word_1_739' title='bbox 1465 2204 1576 2228; x_wconf 86' lang='lat' dir='ltr'><strong>nostro</strong></span> <span class='ocrx_word' id='word_1_740' title='bbox 1607 2197 1741 2227; x_wconf 83' lang='lat' dir='ltr'><strong>ferulam</strong></span> <span class='ocrx_word' id='word_1_741' title='bbox 1764 2208 1891 2237; x_wconf 89' lang='lat' dir='ltr'><strong>semper</strong></span> <span class='ocrx_word' id='word_1_742' title='bbox 1913 2198 2046 2229; x_wconf 87' lang='lat' dir='ltr'><strong>haerere</strong></span> <span class='ocrx_word' id='word_1_743' title='bbox 2070 2208 2145 2229; x_wconf 90' lang='lat' dir='ltr'><strong>con-</strong></span> 
     </span>
     <span class='ocr_line' id='line_1_107' title="bbox 1177 2239 2143 2281; baseline 0.001 -11"><span class='ocrx_word' id='word_1_744' title='bbox 1177 2240 1297 2270; x_wconf 82' lang='lat' dir='ltr'><strong>veniat.</strong></span> <span class='ocrx_word' id='word_1_745' title='bbox 1336 2239 1446 2279; x_wconf 87' lang='lat' dir='ltr'><strong>Quare</strong></span> <span class='ocrx_word' id='word_1_746' title='bbox 1469 2241 1582 2271; x_wconf 84' lang='lat' dir='ltr'><strong>merito</strong></span> <span class='ocrx_word' id='word_1_747' title='bbox 1605 2241 1702 2270; x_wconf 81' lang='lat' dir='ltr'><strong>infert</strong></span> <span class='ocrx_word' id='word_1_748' title='bbox 1718 2240 1892 2280; x_wconf 80' lang='lat' dir='ltr'><strong>apostolus,</strong></span> <span class='ocrx_word' id='word_1_749' title='bbox 1916 2241 2063 2281; x_wconf 83' lang='lat' dir='ltr'><strong>quisquis</strong></span> <span class='ocrx_word' id='word_1_750' title='bbox 2086 2241 2143 2271; x_wconf 88' lang='lat' dir='ltr'><strong>im-</strong></span> 
     </span>
     <span class='ocr_line' id='line_1_108' title="bbox 1177 2283 2145 2322; baseline 0.002 -10"><span class='ocrx_word' id='word_1_751' title='bbox 1177 2284 1369 2313; x_wconf 88' lang='lat' dir='ltr'><strong>munitatem</strong></span> <span class='ocrx_word' id='word_1_752' title='bbox 1393 2294 1412 2314; x_wconf 89' lang='lat' dir='ltr'><strong>a</strong></span> <span class='ocrx_word' id='word_1_753' title='bbox 1434 2293 1528 2314; x_wconf 89' lang='lat' dir='ltr'><strong>cruce</strong></span> <span class='ocrx_word' id='word_1_754' title='bbox 1550 2284 1680 2322; x_wconf 86' lang='lat' dir='ltr'><strong>appetit,</strong></span> <span class='ocrx_word' id='word_1_755' title='bbox 1711 2293 1784 2313; x_wconf 91' lang='lat' dir='ltr'><strong>eum</strong></span> <span class='ocrx_word' id='word_1_756' title='bbox 1807 2293 1841 2314; x_wconf 91' lang='lat' dir='ltr'><strong>se</strong></span> <span class='ocrx_word' id='word_1_757' title='bbox 1865 2284 1965 2314; x_wconf 88' lang='lat' dir='ltr'><strong>veluti</strong></span> <span class='ocrx_word' id='word_1_758' title='bbox 1997 2283 2145 2314; x_wconf 88' lang='lat' dir='ltr'><strong>abdicare</strong></span> 
     </span>
     <span class='ocr_line' id='line_1_109' title="bbox 1176 2325 2143 2365; baseline 0.002 -10"><span class='ocrx_word' id='word_1_759' title='bbox 1176 2335 1193 2355; x_wconf 89' lang='lat' dir='ltr'><strong>e</strong></span> <span class='ocrx_word' id='word_1_760' title='bbox 1217 2335 1353 2357; x_wconf 90' lang='lat' dir='ltr'><strong>numero</strong></span> <span class='ocrx_word' id='word_1_761' title='bbox 1382 2327 1519 2357; x_wconf 91' lang='lat' dir='ltr'><strong>filiorum</strong></span> <span class='ocrx_word' id='word_1_762' title='bbox 1547 2326 1615 2356; x_wconf 83' lang='lat' dir='ltr'><strong>Dei.</strong></span> <span class='ocrx_word' id='word_1_763' title='bbox 1662 2325 1755 2356; x_wconf 92' lang='lat' dir='ltr'><strong>Unde</strong></span> <span class='ocrx_word' id='word_1_764' title='bbox 1778 2327 1934 2365; x_wconf 81' lang='lat' dir='ltr'><strong>sequitur,</strong></span> <span class='ocrx_word' id='word_1_765' title='bbox 1963 2336 2026 2357; x_wconf 92' lang='lat' dir='ltr'><strong>non</strong></span> <span class='ocrx_word' id='word_1_766' title='bbox 2050 2327 2143 2357; x_wconf 88' lang='lat' dir='ltr'><strong>aesti—</strong></span> 
     </span>
     <span class='ocr_line' id='line_1_110' title="bbox 1176 2368 2145 2409; baseline 0.002 -11"><span class='ocrx_word' id='word_1_767' title='bbox 1176 2368 1287 2399; x_wconf 79' lang='lat' dir='ltr'><strong>maria</strong></span> <span class='ocrx_word' id='word_1_768' title='bbox 1311 2369 1410 2407; x_wconf 90' lang='lat' dir='ltr'><strong>nobis,</strong></span> <span class='ocrx_word' id='word_1_769' title='bbox 1436 2376 1470 2400; x_wconf 92' lang='lat' dir='ltr'><strong>ut</strong></span> <span class='ocrx_word' id='word_1_770' title='bbox 1493 2369 1582 2399; x_wconf 90' lang='lat' dir='ltr'><strong>decet</strong></span> <span class='ocrx_word' id='word_1_771' title='bbox 1606 2368 1786 2407; x_wconf 84' lang='lat' dir='ltr'><strong>adoptionis</strong></span> <span class='ocrx_word' id='word_1_772' title='bbox 1805 2369 2006 2409; x_wconf 90' lang='lat' dir='ltr'><strong>beneficium,</strong></span> <span class='ocrx_word' id='word_1_773' title='bbox 2030 2375 2145 2400; x_wconf 84' lang='lat' dir='ltr'><strong>totam-</strong></span> 
     </span>
     <span class='ocr_line' id='line_1_111' title="bbox 1175 2411 2145 2453; baseline 0.001 -11"><span class='ocrx_word' id='word_1_774' title='bbox 1175 2421 1236 2450; x_wconf 87' lang='lat' dir='ltr'><strong>que</strong></span> <span class='ocrx_word' id='word_1_775' title='bbox 1254 2411 1314 2443; x_wconf 83' lang='lat' dir='ltr'><strong>Dei</strong></span> <span class='ocrx_word' id='word_1_776' title='bbox 1338 2414 1475 2453; x_wconf 88' lang='lat' dir='ltr'><strong>gratiam</strong></span> <span class='ocrx_word' id='word_1_777' title='bbox 1495 2411 1657 2451; x_wconf 89' lang='lat' dir='ltr'><strong>repudiari</strong></span> <span class='ocrx_word' id='word_1_778' title='bbox 1677 2421 1774 2450; x_wconf 88' lang='lat' dir='ltr'><strong>quum</strong></span> <span class='ocrx_word' id='word_1_779' title='bbox 1799 2422 1859 2442; x_wconf 92' lang='lat' dir='ltr'><strong>nos</strong></span> <span class='ocrx_word' id='word_1_780' title='bbox 1882 2413 1921 2442; x_wconf 90' lang='lat' dir='ltr'><strong>ab</strong></span> <span class='ocrx_word' id='word_1_781' title='bbox 1940 2413 2008 2442; x_wconf 91' lang='lat' dir='ltr'><strong>eius</strong></span> <span class='ocrx_word' id='word_1_782' title='bbox 2032 2412 2145 2443; x_wconf 86' lang='lat' dir='ltr'><strong>ferulis</strong></span> 
     </span>
     <span class='ocr_line' id='line_1_112' title="bbox 1174 2454 2144 2495; baseline 0.002 -11"><span class='ocrx_word' id='word_1_783' title='bbox 1174 2454 1355 2486; x_wconf 86' lang='lat' dir='ltr'><strong>subducere</strong></span> <span class='ocrx_word' id='word_1_784' title='bbox 1380 2455 1537 2486; x_wconf 85' lang='lat' dir='ltr'><strong>volumus.</strong></span> <span class='ocrx_word' id='word_1_785' title='bbox 1574 2454 1668 2492; x_wconf 85' lang='lat' dir='ltr'><strong>Quod</strong></span> <span class='ocrx_word' id='word_1_786' title='bbox 1692 2455 1812 2484; x_wconf 71' lang='lat' dir='ltr'><strong>faciunt</strong></span> <span class='ocrx_word' id='word_1_787' title='bbox 1835 2455 2017 2494; x_wconf 89' lang='lat' dir='ltr'><strong>quicunque</strong></span> <span class='ocrx_word' id='word_1_788' title='bbox 2040 2464 2144 2495; x_wconf 90' lang='lat' dir='ltr'><strong>aequo</strong></span> 
     </span>
     <span class='ocr_line' id='line_1_113' title="bbox 1175 2497 2144 2537; baseline 0.001 -10"><span class='ocrx_word' id='word_1_789' title='bbox 1175 2498 1282 2528; x_wconf 86' lang='lat' dir='ltr'><strong>animo</strong></span> <span class='ocrx_word' id='word_1_790' title='bbox 1306 2498 1496 2529; x_wconf 67' lang='lat' dir='ltr'><strong>afflictiones</strong></span> <span class='ocrx_word' id='word_1_791' title='bbox 1520 2507 1585 2527; x_wconf 89' lang='lat' dir='ltr'><strong>non</strong></span> <span class='ocrx_word' id='word_1_792' title='bbox 1610 2497 1757 2527; x_wconf 90' lang='lat' dir='ltr'><strong>tolerant.</strong></span> <span class='ocrx_word' id='word_1_793' title='bbox 1794 2497 1861 2528; x_wconf 86' lang='lat' dir='ltr'><strong>Cur</strong></span> <span class='ocrx_word' id='word_1_794' title='bbox 1884 2504 1992 2528; x_wconf 90' lang='lat' dir='ltr'><strong>autem</strong></span> <span class='ocrx_word' id='word_1_795' title='bbox 2016 2508 2144 2537; x_wconf 82' lang='lat' dir='ltr'><strong>spurios</strong></span> 
     </span>
     <span class='ocr_line' id='line_1_114' title="bbox 1174 2541 2141 2580; baseline 0.001 -10"><span class='ocrx_word' id='word_1_796' title='bbox 1174 2541 1282 2579; x_wconf 88' lang='lat' dir='ltr'><strong>potius</strong></span> <span class='ocrx_word' id='word_1_797' title='bbox 1313 2551 1408 2580; x_wconf 83' lang='lat' dir='ltr'><strong>quam</strong></span> <span class='ocrx_word' id='word_1_798' title='bbox 1438 2542 1559 2570; x_wconf 90' lang='lat' dir='ltr'><strong>alienos</strong></span> <span class='ocrx_word' id='word_1_799' title='bbox 1587 2545 1680 2570; x_wconf 83' lang='lat' dir='ltr'><strong>vocat</strong></span> <span class='ocrx_word' id='word_1_800' title='bbox 1713 2541 1768 2578; x_wconf 89' lang='lat' dir='ltr'><strong>qui</strong></span> <span class='ocrx_word' id='word_1_801' title='bbox 1794 2541 2026 2571; x_wconf 87' lang='lat' dir='ltr'><strong>correctionem</strong></span> <span class='ocrx_word' id='word_1_802' title='bbox 2057 2542 2141 2571; x_wconf 83' lang='lat' dir='ltr'><strong>refu-</strong></span> 
     </span>
     <span class='ocr_line' id='line_1_115' title="bbox 1174 2582 2142 2624; baseline 0.001 -11"><span class='ocrx_word' id='word_1_803' title='bbox 1174 2584 1291 2624; x_wconf 78' lang='lat' dir='ltr'><strong>giunt?</strong></span> <span class='ocrx_word' id='word_1_804' title='bbox 1314 2594 1440 2622; x_wconf 90' lang='lat' dir='ltr'><strong>nempe,</strong></span> <span class='ocrx_word' id='word_1_805' title='bbox 1471 2583 1545 2622; x_wconf 91' lang='lat' dir='ltr'><strong>quia</strong></span> <span class='ocrx_word' id='word_1_806' title='bbox 1567 2592 1621 2612; x_wconf 92' lang='lat' dir='ltr'><strong>eos</strong></span> <span class='ocrx_word' id='word_1_807' title='bbox 1644 2582 1817 2621; x_wconf 89' lang='lat' dir='ltr'><strong>alloquitur</strong></span> <span class='ocrx_word' id='word_1_808' title='bbox 1841 2584 1894 2622; x_wconf 92' lang='lat' dir='ltr'><strong>qui</strong></span> <span class='ocrx_word' id='word_1_809' title='bbox 1917 2584 1950 2614; x_wconf 91' lang='lat' dir='ltr'><strong>in</strong></span> <span class='ocrx_word' id='word_1_810' title='bbox 1975 2584 2142 2614; x_wconf 88' lang='lat' dir='ltr'><strong>ecclesiam</strong></span> 
     </span>
     <span class='ocr_line' id='line_1_116' title="bbox 1174 2624 2141 2667; baseline -0.001 -11"><span class='ocrx_word' id='word_1_811' title='bbox 1174 2627 1314 2666; x_wconf 90' lang='lat' dir='ltr'><strong>cooptati</strong></span> <span class='ocrx_word' id='word_1_812' title='bbox 1338 2632 1448 2656; x_wconf 85' lang='lat' dir='ltr'><strong>erant:</strong></span> <span class='ocrx_word' id='word_1_813' title='bbox 1479 2625 1615 2664; x_wconf 87' lang='lat' dir='ltr'><strong>ideoque</strong></span> <span class='ocrx_word' id='word_1_814' title='bbox 1638 2625 1693 2655; x_wconf 89' lang='lat' dir='ltr'><strong>filii</strong></span> <span class='ocrx_word' id='word_1_815' title='bbox 1717 2624 1790 2657; x_wconf 87' lang='lat' dir='ltr'><strong>Dei.</strong></span> <span class='ocrx_word' id='word_1_816' title='bbox 1836 2627 1946 2665; x_wconf 85' lang='lat' dir='ltr'><strong>Quare</strong></span> <span class='ocrx_word' id='word_1_817' title='bbox 1972 2627 2141 2667; x_wconf 78' lang='lat' dir='ltr'><strong>significat,</strong></span> 
     </span>
    </p>
   </div>
  </div>
 </body>
</html>
