2513 3126
294 212 357 243 475

296 310 396 341 monti
421 311 629 340 evanescunt.
665 306 740 338 Huc
763 316 841 347 ergo
866 315 926 337 nos
945 310 1074 338 revocat
1090 307 1264 347 apostolus,

297 358 333 384 ut
355 353 493 383 sciamus
517 360 580 381 non
601 349 740 389 pendero
757 348 840 380 diem
858 350 1102 381 resurrectionis
1118 360 1157 380 ex
1174 360 1265 390 prae—

296 395 378 426 senti
404 400 581 432 temporum
606 392 707 430 fluxu,
733 392 787 423 sed
812 392 851 423 ab
875 397 1007 423 aeterno
1031 392 1093 423 Dei
1116 392 1265 424 consilio:

296 447 332 469 ao
355 437 382 468 si
406 436 534 472 diceret,
564 434 635 465 ideo
669 434 815 466 homines
840 434 946 466 Deum
979 440 1185 475 praevertere
1212 446 1266 467 ou-

296 481 402 520 piunt,
434 477 509 518 quia
540 478 646 509 carnis
677 488 753 509 suae
785 487 883 509 sensu
915 482 1044 518 tempus
1071 478 1265 510 metiuntur:

296 528 411 553 nutura
441 525 549 552 nutem
581 520 620 551 ad
650 520 887 560 impatientiam
918 525 994 552 sunt
1023 521 1197 560 proclives,
1231 526 1267 553 ut

295 564 441 596 coloritus
470 573 595 604 quoque
618 563 682 594 illis
705 573 797 595 mora
826 564 883 594 sit:
920 573 976 595 vos
1000 573 1077 603 ergo
1102 568 1210 595 mente
1233 564 1265 596 in

294 607 400 638 coelos
430 606 649 645 conscendito,
682 606 729 637 ita
763 605 890 638 nullum
921 607 982 637 erit
1010 605 1099 638 vobis
1135 606 1266 647 longum

294 655 352 680 aut
376 649 472 681 breve
495 655 632 689 tempus.

380 735 409 766 9.
441 734 513 766 Non
543 734 648 765 tardat
675 734 832 766 Dominus
860 734 894 765 in
919 733 1144 773 promissione,
1177 734 1268 766 sicuti

293 777 420 817 qnidam
436 777 614 808 tarditatem
629 777 824 809 coeisiimant:
846 776 900 808 sed
923 777 1103 808 tolerantem
1124 787 1156 808 se
1172 787 1268 816 prae-

293 821 337 852 bet
367 830 439 860 crya
470 830 534 859 nos,
567 820 672 851 nolens
693 820 773 852 ullos
793 820 906 859 perire,
936 820 989 851 sed
1011 829 1114 851 omnes
1137 820 1178 851 ad
1196 830 1268 860 poe-

293 863 455 894 nitentiam
487 863 631 902 recizwro.
691 863 739 894 10.
779 862 868 894 Venit
901 865 1004 894 autem
1037 862 1103 894 dies
1136 861 1268 895 Domini

293 908 443 945 tanquam
469 906 526 945 fur
556 906 590 937 in
618 908 716 937 nocte:
750 906 784 937 in
813 915 875 945 qna
902 905 975 937 coeii
997 906 1031 937 in
1053 905 1177 937 modum
1196 916 1267 946 pro-

291 948 383 980 cellae
405 948 588 987 transibunl,
621 948 764 980 clementa
786 951 890 980 antem
912 949 1022 980 ardore
1043 948 1211 980 solventur.-
1243 952 1268 981 et

293 994 384 1029 terra,
408 1001 542 1031 quaeque
566 992 598 1022 in
621 1001 658 1023 ea
680 994 752 1023 snnt
774 1001 867 1031 opera
890 991 1047 1023 ardebunt.
1090 991 1138 1022 11.
1166 992 1269 1031 Quum

292 1033 364 1065 haec
394 1034 494 1074 iyitnr
521 1034 624 1066 omnia
651 1034 818 1072 solvantur,
853 1035 962 1073 quales
991 1036 1103 1073 oportet
1124 1044 1183 1066 non
1205 1045 1269 1067 esse

293 1077 327 1107 in
350 1078 468 1108 sanctis
490 1077 768 1109 conversationibus
791 1079 817 1109 et
833 1077 1015 1116 pietatibnS,
1056 1077 1106 1108 12.
1130 1077 1268 1118 Exspec-

292 1121 392 1151 tantes
415 1120 614 1160 properando
643 1120 807 1152 adventum
837 1120 900 1151 diei
923 1119 995 1158 Dei,
1020 1122 1151 1159 propter
1179 1130 1268 1159 quem

293 1162 367 1193 coeli
410 1162 579 1203 solventur,
624 1165 651 1194 et
694 1163 840 1194 elementa
879 1163 990 1194 ardore
1029 1163 1266 1195 consumentur?

294 1205 343 1236 13.
381 1205 487 1237 Novos
524 1208 626 1238 antem
665 1205 759 1238 coelos
799 1209 825 1237 et
865 1208 983 1237 terram
1023 1216 1132 1237 novam
1176 1206 1268 1238 inacta

287 1248 482 1287 promissum
533 1249 601 1280 eins
644 1251 867 1289 exspectamus,
919 1249 952 1280 in
996 1248 1108 1289 quibus
1150 1248 1268 1281 habitat

291 1291 423 1323 institia.

378 1376 407 1408 9.
434 1376 507 1408 Non
535 1377 639 1408 tardat
661 1377 829 1409 Dominus.
874 1377 949 1408 Alia
977 1377 1101 1408 ratione
1133 1377 1266 1408 nimiam

294 1429 330 1451 ac
365 1424 605 1459 praeposteram
646 1420 886 1451 festinationem
921 1421 1110 1460 compescit:
1152 1430 1267 1461 nempe

293 1463 378 1502 qnod
412 1461 574 1493 Dominus
614 1462 790 1494 adventum
831 1472 925 1494 suum
963 1462 1035 1494 ideo
1070 1463 1198 1494 differat
1231 1468 1267 1494 ut

293 1510 395 1536 totum
435 1505 613 1536 humanum
651 1515 754 1546 genus
791 1505 832 1537 ad
870 1506 1100 1546 poenitentiam
1139 1507 1266 1538 invitet.

294 1546 432 1588 Semper
456 1548 541 1579 enim
565 1548 658 1579 nobis
681 1548 781 1579 animi
805 1549 967 1589 pruriunt,
996 1553 1029 1580 et
1053 1549 1190 1580 subinde
1213 1549 1266 1580 ob-

294 1591 377 1630 repit
401 1590 565 1631 dubitatio,
589 1601 647 1623 cur
669 1601 734 1622 non
759 1591 854 1623 citius
878 1591 977 1623 venit.
1018 1592 1081 1624 Sed
1106 1592 1161 1623 ubi
1180 1591 1267 1623 audi-

293 1643 367 1664 mus
392 1632 570 1665 Dominum
597 1634 694 1665 saluti
725 1639 856 1665 nostrae
879 1634 1048 1666 consulere
1071 1635 1125 1667 ubi
1150 1634 1266 1672 differt,

293 1681 326 1708 et
356 1676 427 1707 ideo
458 1677 587 1708 differre
611 1677 687 1717 quia
716 1677 819 1708 nostri
851 1687 962 1708 curam
986 1677 1096 1709 habet:
1130 1687 1196 1709 non
1219 1681 1269 1709 est

293 1729 350 1750 cur
382 1719 421 1749 de
453 1719 606 1750 tarditate
635 1719 773 1760 amplius
803 1730 986 1760 queramur.
1032 1720 1158 1752 Tardus
1180 1720 1266 1752 enim

293 1762 322 1793 is
351 1761 469 1792 dicitur
500 1762 556 1802 qui
577 1763 777 1794 occasionem
800 1763 930 1804 pigritia
953 1763 1086 1795 effluere
1109 1763 1200 1795 sinit:
1234 1763 1267 1794 in

293 1804 364 1836 Deo
381 1804 463 1835 nihil
479 1805 594 1844 simile,
617 1806 673 1845 qui
690 1810 872 1846 temporum
891 1806 1050 1838 rationem
1071 1806 1111 1837 ad
1129 1806 1268 1837 salutem

294 1852 436 1878 nostram
466 1848 586 1888 optime
617 1853 821 1888 attemperat.
868 1849 976 1889 Atque
1004 1849 1135 1880 omnino
1159 1849 1197 1880 de
1221 1854 1267 1879 to-

296 1890 360 1921 tius
383 1890 495 1921 mundi
520 1891 690 1922 duratione
712 1891 798 1922 idem
822 1891 907 1931 quod
931 1891 969 1922 de
992 1892 1148 1932 cuiusque
1168 1891 1267 1922 homi-

295 1933 346 1963 nis
370 1933 437 1964 vita
460 1934 663 1965 sentiendum
683 1940 740 1966 est.
784 1934 873 1966 Deus
897 1935 983 1965 enim
1007 1939 1135 1975 tempus
1158 1935 1266 1974 singu-

296 1974 335 2006 lis
376 1976 595 2016 prorogando,
647 1977 785 2008 sustinet
829 1987 882 2008 eos
922 1977 1026 2017 quoad
1067 1977 1266 2018 resipiscant.

297 2017 457 2049 Similiter
487 2019 583 2050 finem
614 2020 726 2051 mundi
756 2020 828 2051 ideo
857 2030 922 2051 non
954 2021 1120 2058 accelerat,
1155 2025 1191 2051 ut
1214 2020 1267 2051 det
1293 2028 1294 2031 ’

927 2063 1018 2094 Haeo
1052 2063 1145 2095 valde
1179 2063 1294 2094 utilisv

294 2060 445 2092 omnibus
479 2062 687 2101 resipiscendi
721 2063 871 2103 spatium.

294 2102 471 2134 admonitio
487 2110 543 2142 est,
567 2108 602 2135 ut
618 2109 762 2145 tempore
783 2112 868 2137 recte
885 2107 933 2137 uti
952 2106 1124 2146 discamus,
1147 2106 1265 2137 iustam

293 2145 412 2185 alioqui
436 2146 583 2186 ignaviae
607 2158 742 2187 poenam
766 2148 882 2180 daturi.

382 2187 499 2220 Nolens
521 2189 600 2221 ullos
622 2191 736 2229 perire.
780 2192 886 2223 Mirus
910 2192 962 2223 hic
989 2202 1065 2233 erga
1088 2191 1264 2222 humanum

294 2240 398 2271 genus
421 2241 520 2272 amor,
552 2234 634 2272 quod
657 2243 769 2264 omnes
794 2234 864 2265 vult
887 2245 957 2266 esse
979 2235 1095 2276 salvos,
1126 2238 1158 2265 et
1180 2234 1265 2266 ultro

294 2278 468 2313 pereuntes
501 2275 535 2305 in
569 2275 706 2306 salutem
739 2276 890 2317 colligere
922 2283 1054 2318 paratus
1088 2282 1144 2309 est.
1202 2277 1266 2308 No-

294 2317 412 2347 tandus
449 2321 555 2349 autem
594 2317 647 2349 hic
678 2318 770 2355 ordo,
809 2319 894 2359 quod
929 2326 1060 2361 paratus
1093 2325 1142 2352 est
1176 2320 1265 2351 Deus

295 2368 407 2390 omnes
441 2359 482 2391 ad
516 2360 747 2400 poenitentiam
782 2362 938 2402 recipere,
973 2374 1014 2395 ne
1043 2364 1115 2404 quis
1144 2366 1266 2404 pereat.

294 2401 356 2433 His
387 2402 473 2433 enim
506 2403 616 2434 verbis
647 2403 841 2435 obtinendae
871 2405 984 2437 salutis
1011 2407 1125 2438 modus
1148 2405 1266 2437 indica-

294 2448 364 2475 tur:
393 2445 528 2485 proinde
551 2446 697 2486 quisquis
720 2451 867 2478 nostrum
891 2448 931 2479 ad
954 2449 1090 2481 salutem
1115 2448 1266 2489 adspirat,

295 2487 398 2519 discat
428 2488 488 2519 hac
518 2488 571 2520 via
601 2489 737 2529 ingredi.
784 2488 849 2521 Sed
880 2491 932 2522 hic
956 2492 1067 2531 quaeri
1090 2496 1204 2532 potest,
1239 2492 1266 2522 si

295 2530 456 2561 neminem
476 2530 567 2562 Deus
591 2533 695 2572 perire
719 2532 805 2570 velit,
829 2542 886 2564 cur
910 2538 976 2564 tam
999 2534 1090 2566 multi
1109 2533 1265 2574 pereunt?

295 2571 500 2613 Respondeo,
535 2585 599 2605 non
634 2574 672 2606 de
706 2584 824 2607 arcano
856 2576 919 2607 Dei
953 2577 1085 2608 consilio
1114 2577 1167 2608 hic
1197 2577 1265 2609 fieri

294 2616 490 2662 mentionem
514 2627 577 2657 quo
600 2617 752 2649 destinati
775 2623 851 2650 sunt
873 2619 1000 2659 reprobi
1023 2620 1057 2651 in
1080 2630 1175 2652 suum
1199 2620 1265 2652 exi-

295 2661 392 2689 tium:
416 2659 472 2690 sed
495 2664 620 2691 tantum
645 2660 683 2692 de
705 2661 873 2694 voluntate
896 2671 978 2702 quae
1001 2663 1091 2695 nobis
1114 2664 1147 2694 in
1171 2674 1265 2696 evan-

1112 210 1253 244 EPIS'P.
1278 210 1411 243 PETRI
1436 212 1467 243 11

2228 218 2291 249 476

1320 309 1404 348 gelio
1447 310 1567 349 patefit.
1624 309 1784 341 Omnibus
1825 310 1910 341 enim
1945 311 2126 351 promiscue
2160 322 2290 346 manum

1320 351 1387 383 illic
1417 351 1553 392 porrigit
1576 352 1675 391 Deus,
1709 352 1765 384 sed
1792 363 1846 384 eos
1870 357 1998 384 tantum
2021 353 2234 394 apprehendit
2256 362 2291 388 ut

1321 394 1360 425 ad
1384 404 1418 425 se
1453 393 1550 426 ducat
1583 405 1662 435 quos
1696 400 1771 426 ante
1801 394 1968 427 conditum
1999 397 2156 428 muudum
2185 397 2290 439 elegit.

1321 436 1492 468 Caeterum
1530 447 1627 477 quum
1670 438 1805 469 verbum
1844 443 1990 479 χωρῆσαι
2025 439 2110 479 apud
2148 439 2292 473 Graecos

1321 489 1416 519 saepe
1439 480 1535 510 etiam
1560 485 1711 512 neutrum
1734 483 1791 512 sit:
1816 481 1888 512 huic
1911 481 1978 513 loco
2002 491 2066 513 non
2089 483 2196 514 minus
2219 488 2292 524 apte

1321 522 1494 562 quadraret
1517 523 1600 562 quod
1620 524 1652 554 in
1677 525 1823 565 margine
1847 524 1980 566 posui¹),
2002 524 2086 565 quod
2103 524 2195 558 Deus
2213 526 2292 558 velit

1321 564 1361 596 ad
1385 565 1617 604 poeniteutiam
1640 566 1735 598 simul
1760 567 1871 598 venire
1894 576 2006 599 omnes
2028 567 2083 608 qui
2107 568 2195 608 prius
2215 569 2291 610 vagi

1322 612 1355 638 et
1378 607 1526 647 dissipati
1550 608 1686 640 fuerant.

1409 650 1457 681 10.
1490 649 1594 682 Veniet
1630 654 1733 683 autem
1769 652 1836 684 dies
1858 652 1997 684 Domini.
2043 652 2114 684 Hoc
2145 653 2290 685 additum

1322 697 1369 725 est
1401 698 1436 724 ut
1463 703 1591 732 semper
1620 694 1654 725 in
1683 694 1825 726 excubiis
1853 696 1917 727 sint
1946 695 2065 733 fidelos,
2100 705 2158 727 nec
2180 697 2291 728 crasti-

1321 746 1399 767 num
1428 736 1488 767 sibi
1519 736 1717 775 promittant.
1762 737 1898 769 Duobus
1927 739 2013 769 enim
2037 738 2133 778 longe
2156 737 2293 771 diversis

1322 779 1410 810 vitiis
1441 778 1624 810 laboramus
1654 780 1718 811 fere
1749 790 1870 821 omnes,
1905 781 2005 812 nimia
2029 781 2236 812 festinatione
2259 784 2292 813 et

1322 821 1461 862 ignavia.
1500 821 1726 861 Impatientiae
1742 823 1828 854 enim
1845 824 1990 863 rapimur
2006 824 2045 854 ad
2065 823 2149 854 diem
2168 823 2291 856 Christi

1322 875 1408 896 nunc
1431 864 1497 895 iam
1521 865 1787 904 exspectandum:
1811 866 1936 898 interea
1958 866 2065 906 ipsum
2089 876 2200 898 secure
2219 877 2292 907 pro-

1322 907 1373 939 cul
1404 907 1576 938 reiicimus.
1622 907 1732 947 Quare
1761 909 1855 941 sicuti
1886 909 2024 941 antehac
2047 909 2212 950 apostolus
2235 910 2292 941 im-

1322 952 1499 991 portunum
1541 950 1701 982 fervorem
1730 952 1886 983 correxit:
1920 953 1968 983 ita
1997 961 2084 983 nunc
2113 952 2293 983 somnolen-

1322 993 1400 1024 tiam
1433 992 1525 1024 nobis
1548 993 1681 1031 excutit,
1716 999 1751 1025 ut
1773 995 1922 1026 omnibus
1945 994 2035 1026 horis
2058 993 2098 1025 ad
2122 994 2292 1026 Christum

1322 1035 1578 1076 exspectandum
1602 1036 1703 1068 simus
1734 1037 1860 1075 intenti,
1892 1048 1933 1069 ne
1956 1037 2141 1068 diffluamus
2162 1042 2199 1068 ut
2221 1038 2293 1069 fieri

1322 1078 1411 1110 solet.
1457 1078 1552 1110 Unde
1582 1079 1668 1110 enim
1696 1079 1734 1110 fit
1763 1082 1800 1111 ut
1829 1090 1904 1112 caro
1934 1079 1995 1112 sibi
2018 1079 2194 1121 indulgeat,
2230 1080 2293 1112 nisi

1323 1121 1406 1162 quod
1440 1120 1478 1151 de
1502 1121 1682 1161 propinquo
1708 1121 1830 1154 Christi
1854 1123 1995 1155 adventu
2019 1122 2109 1153 nulla
2132 1122 2219 1154 subit
2242 1132 2292 1154 co-

1322 1163 1458 1204 gitatio?
1504 1163 1600 1203 Quod
1630 1169 1741 1204 postea
1771 1166 1917 1205 sequitur
1946 1166 1986 1196 de
2016 1165 2096 1197 coeli
2126 1170 2158 1196 et
2189 1170 2293 1197 terrae

1323 1207 1470 1238 incendio
1500 1217 1565 1238 non
1594 1207 1691 1248 longa
1721 1209 1921 1248 expositione
1948 1208 2081 1249 indiget,
2111 1208 2139 1239 si
2161 1207 2292 1248 quidem

1321 1250 1390 1281 eius
1421 1249 1591 1281 consilium
1624 1250 1852 1290 expendamus.
1897 1251 2009 1291 Neque
2032 1251 2118 1282 enim
2142 1250 2194 1282 hic
2216 1251 2293 1282 sub-

1321 1293 1421 1324 tiliter
1444 1292 1482 1323 de
1505 1293 1571 1333 igni
1595 1298 1626 1324 et
1655 1293 1804 1333 procella,
1838 1298 1870 1326 et
1899 1294 1971 1326 aliis
2005 1293 2099 1325 rebus
2129 1293 2293 1334 disputare

1321 1336 1442 1367 voluit:
1466 1336 1521 1366 sed
1539 1340 1668 1367 tantum
1684 1337 1760 1367 inde
1777 1336 1891 1368 elicere
1907 1336 2176 1377 exhortationem,
2196 1346 2292 1376 quam

1321 1388 1395 1410 mox
1430 1379 1556 1416 attexit,
1591 1389 1708 1419 nempe
1741 1384 1779 1410 ut
1812 1379 1973 1411 enitamur
2006 1390 2064 1411 nos
2098 1389 2223 1419 quoque
2252 1379 2292 1410 ad

1320 1422 1408 1453 vitae
1438 1422 1625 1453 novitatem.
1671 1421 1726 1454 Sic
1749 1422 1834 1453 enim
1858 1422 2078 1462 ratiocinatur,
2112 1422 2238 1452 eoelum
2261 1426 2293 1453 et

1320 1469 1440 1495 terram
1477 1464 1626 1496 incendio
1660 1469 1834 1506 purgatum
1869 1466 1926 1504 iri,
1965 1470 2002 1496 ut
2036 1475 2135 1505 regno
2169 1464 2292 1496 Christi

1321 1507 1552 1547 respondeant:
1597 1508 1840 1540 renovationem
1885 1508 1993 1548 itaque
2036 1508 2068 1538 in
2109 1507 2292 1539 hominibus

1293 1572 1295 1597 l
1320 1550 1415 1590 longe
1445 1561 1514 1582 esse
1543 1550 1648 1591 magis
1670 1551 1894 1583 necessariam.
1941 1550 2022 1582 Mali
2045 1560 2121 1589 ergo
2144 1554 2220 1580 sunt
2242 1550 2292 1581 in-

1321 1598 1479 1632 terpretes
1518 1594 1572 1634 qui
1612 1594 1646 1625 in
1682 1594 1806 1635 argutis
1843 1593 2115 1633 speculationibus
2154 1592 2292 1624 multum

1293 1642 1516 1671 ¹consumunt
1552 1646 1685 1677 operae:
1727 1647 1825 1676 quum
1864 1636 2026 1676 apostolus
2063 1637 2168 1666 totam
2209 1634 2293 1667 hano

1322 1679 1502 1711 doctrinam
1526 1679 1566 1710 ad
1589 1679 1658 1719 pias
1681 1679 1924 1711 exhortationes
1948 1678 2176 1710 accommodet.
2212 1677 2292 1710 Goe-

1321 1722 1399 1760 lum,
1434 1723 1547 1762 inquit,
1581 1729 1612 1754 et
1643 1727 1729 1753 terra
1759 1727 1869 1754 nostra
1897 1732 1993 1754 causa
2016 1721 2216 1752 transibunt:
2250 1731 2293 1752 an

1321 1775 1396 1805 ergo
1428 1775 1486 1796 nos
1516 1765 1550 1796 in
1582 1770 1668 1796 terra
1692 1765 1857 1796 demersos
1881 1775 1950 1796 esse
1972 1764 2132 1800 convenit,
2168 1774 2204 1795 ac
2227 1773 2293 1795 non

1321 1809 1426 1848 potius
1448 1813 1593 1839 sanctam
1617 1819 1653 1840 ac
1677 1809 1763 1849 piam
1788 1809 1889 1839 vitam
1913 1806 2082 1839 meditari?
2119 1806 2293 1846 Corruptio

1293 1875 1295 1887 ,
1320 1851 1398 1882 coeli
1422 1856 1454 1882 et
1477 1857 1582 1882 terrae
1605 1851 1679 1891 igne
1702 1851 1903 1892 purgabitur,
1934 1861 2034 1891 quum
2059 1854 2167 1880 tamen
2192 1859 2294 1889 purae

1320 1894 1384 1925 sint
1408 1893 1471 1924 Dei
1500 1899 1683 1925 creaturae:
1716 1894 1793 1933 quid
1824 1904 1900 1933 ergo
1931 1894 2024 1925 nobis
2051 1892 2214 1932 agendum
2238 1891 2293 1932 qui

1321 1942 1367 1967 tot
1398 1937 1651 1977 inquinamentis
1682 1947 1794 1968 sumus
1818 1936 1949 1967 referti?
1994 1936 2033 1967 In
2057 1945 2134 1966 voce
2160 1935 2292 1975 pieta-

1321 1983 1416 2017 tum,
1441 1979 1558 2019 plurali
1581 1989 1717 2011 numero
1740 1980 1859 2011 abusus
1882 1984 1930 2010 est
1948 1979 2018 2011 loco
2036 1977 2212 2018 singulari:
2231 1977 2292 2009 nisi

1320 2033 1376 2061 pro
1395 2022 1557 2053 exercitiis
1579 2023 1708 2062 pietatis
1730 2023 1876 2062 accipias.
1915 2022 1966 2053 De
1987 2021 2100 2052 mundi
2123 2020 2291 2052 elementis

1321 2065 1379 2096 hoc
1395 2075 1497 2096 unum
1517 2065 1631 2103 dicam,
1656 2065 1864 2105 absumptum
1888 2065 1937 2103 iri,
1962 2070 2089 2096 tantum
2114 2068 2150 2094 ut
2172 2073 2290 2094 novam

1320 2108 1507 2147 qualitatem
1537 2107 1685 2145 induant,
1721 2114 1874 2139 manente
1901 2107 2098 2139 substantia:
2132 2106 2228 2137 sicuti
2249 2115 2290 2136 ex

1319 2155 1431 2182 octavo
1461 2150 1502 2182 ad
1524 2150 1690 2181 Romanos
1713 2160 1783 2191 cap.
1806 2161 1836 2183 v.
1859 2150 1912 2189 21,
1942 2155 1974 2181 et
2003 2150 2075 2181 aliis
2097 2148 2176 2180 locis
2199 2147 2290 2179 facile

1317 2193 1424 2234 colligi
1447 2197 1561 2233 potest.

1405 2236 1453 2268 12.
1478 2236 1702 2276 Exspectantes
1730 2236 1939 2275 properando.
1984 2235 2037 2266 Ita
2065 2239 2192 2266 vertere
2222 2233 2288 2273 pla-

1319 2279 1396 2319 cuit,
1427 2281 1559 2310 tametsi
1582 2279 1645 2310 duo
1669 2284 1746 2309 sunt
1769 2278 1946 2318 partieipia.
1991 2277 2076 2309 Nam
2099 2287 2180 2317 quae
2204 2286 2288 2307 seor-

1319 2331 1389 2353 sum
1424 2323 1513 2362 prius
1545 2321 1732 2359 habuimus,
1774 2331 1861 2352 nunc
1894 2321 1928 2351 in
1963 2331 2059 2352 unam
2093 2319 2288 2351 sententiam

1319 2364 1451 2405 colligit,
1475 2364 1560 2404 quod
1584 2364 1776 2396 festinanter
1798 2363 1971 2395 debeamus
1994 2364 2167 2403 quiescere.
2197 2362 2289 2393 Haec

1319 2412 1427 2438 autem
1455 2407 1690 2448 repugnantiae
1719 2406 1841 2446 species
1867 2415 1934 2437 non
1957 2416 2073 2446 parum
2096 2405 2193 2436 habet
2215 2415 2288 2445 gra-

1319 2450 1396 2480 tiae:
1429 2455 1465 2481 ut
1495 2451 1529 2481 in
1557 2449 1738 2490 proverbio,
1772 2449 1888 2480 festina
1917 2449 2011 2480 lente.
2062 2448 2172 2487 Quum
2201 2448 2288 2488 dicit,

1320 2497 1553 2532 exspectantes,
1577 2493 1637 2524 hoc
1653 2492 1693 2523 ad
1712 2492 1780 2532 spei
1804 2492 2007 2523 tolerantiam
2031 2492 2180 2530 refertur,
2203 2491 2289 2522 festi·

1319 2536 1482 2567 nationem
1506 2536 1641 2576 opponit
1664 2535 1804 2575 torpori:
1828 2540 1990 2575 utrunque
2009 2535 2164 2574 apposite.
2202 2534 2286 2565 Nam

1319 2583 1355 2609 ut
1378 2579 1444 2619 spei
1468 2579 1597 2619 propria
1620 2582 1697 2610 sunt
1719 2577 1884 2609 silentium
1907 2583 1939 2610 et
1962 2578 2061 2618 quies,
2092 2577 2138 2608 ita
2160 2585 2287 2617 semper

1406 2673 1425 2705 ¹)
1445 2671 1533 2705 colligi
1551 2671 1593 2698 vel
1609 2671 1754 2705 aggregari.
