2513 3126
671 834 853 875 CAPUT
877 835 908 873 l.

390 922 416 952 1.
455 921 542 960 Quod
571 923 637 952 erat
665 919 704 952 ab
734 919 835 960 initio,
865 920 946 960 quod
975 920 1165 959 audivimus,
1196 919 1276 958 quod

302 965 440 997 vidimus
455 964 551 996 oculis
568 963 692 1002 nostris,
708 962 788 1003 quod
804 963 911 994 intuiti
925 973 1046 1003 sunaus,
1064 962 1146 1002 quod
1161 972 1276 994 manus

303 1010 425 1039 nostrae
447 1009 706 1039 contrectaverunt
734 1006 773 1037 de
794 1015 934 1037 sermone
963 1006 1060 1037 vitae.-
1105 1005 1135 1037 2.
1158 1007 1185 1036 et
1211 1005 1276 1036 vita

302 1050 505 1090 manifestata
527 1051 580 1090 est,
602 1051 628 1081 et
651 1049 799 1088 vidimus,
822 1051 849 1080 et
871 1050 1030 1088 testamur,
1060 1050 1087 1079 et
1109 1048 1276 1079 annuntia-

303 1102 373 1124 mus
402 1092 490 1125 vobis
519 1093 616 1124 vitam
643 1094 810 1130 aeternam,
840 1101 919 1131 quae
948 1093 1015 1123 erat
1037 1090 1122 1130 apud
1139 1092 1275 1130 patrem,

303 1138 330 1167 et
351 1135 551 1176 manifestata
573 1137 615 1167 est
636 1134 730 1167 nobis.

391 1220 491 1252 Initio
508 1220 658 1261 proponit
674 1220 850 1251 exhibitam
869 1219 960 1251 nobis
976 1218 1077 1250 fuisse
1094 1219 1127 1250 in
1144 1219 1276 1251 Christo

307 1264 423 1295 vitam:
448 1263 531 1303 quod
554 1268 590 1294 ut
608 1267 657 1294 est
680 1263 800 1294 bonum
817 1261 1077 1303 incomparabile,
1102 1263 1148 1293 ita
1163 1272 1276 1293 sensus

305 1317 418 1339 omnes
441 1311 568 1338 nostros
598 1306 681 1336 miro
711 1305 761 1337 sui
785 1304 944 1336 desiderio
974 1309 1007 1336 et
1029 1315 1137 1337 amore
1163 1314 1276 1345 rapere

307 1352 340 1380 et
363 1349 565 1381 inflammare
589 1348 691 1380 debet.
733 1348 849 1380 Paucis
872 1348 1000 1388 quidem
1024 1352 1058 1378 et
1080 1347 1277 1388 simplicibus

307 1391 417 1423 verbis
446 1391 508 1423 hoc
542 1391 662 1422 dietum
693 1396 751 1429 est,
786 1391 885 1422 vitam
915 1401 985 1422 esse
1017 1391 1276 1422 manifestatam:

307 1445 422 1466 verum
446 1435 473 1465 si
502 1438 691 1474 reputamus
714 1443 809 1474 quam
841 1434 959 1465 misera
988 1438 1021 1464 et
1050 1433 1214 1465 horrenda
1236 1433 1278 1465 sit

307 1478 421 1509 mortis
451 1476 608 1509 conditio:
641 1486 767 1507 rursum
800 1475 876 1516 quid
902 1477 962 1507 Dei
992 1486 1129 1516 regnum
1159 1481 1192 1507 et
1218 1477 1277 1507 im-

307 1519 455 1552 mortalis
478 1520 546 1551 eius
569 1519 672 1560 gloria
694 1519 838 1550 valeant:
863 1518 987 1558 aliquid
1003 1519 1055 1551 hic
1071 1520 1278 1560 magnificen-

309 1562 375 1593 tius
409 1562 598 1600 sentiemus,
632 1572 728 1602 quam
758 1561 833 1593 ullis
864 1562 972 1593 verbis
1003 1562 1140 1601 exprimi
1172 1566 1279 1602 queat.

309 1605 399 1646 Ergo
429 1605 490 1637 hoc
513 1604 680 1636 eonsilium
711 1610 760 1636 est
787 1604 931 1645 apostoli,
962 1604 1127 1645 proposito
1157 1604 1279 1645 ingenti

310 1648 403 1685 bono,
427 1648 490 1679 imo
513 1657 639 1679 summa
662 1651 693 1678 et
716 1647 813 1679 unica
835 1647 1044 1684 beatitudine,
1069 1658 1166 1688 quam
1189 1646 1280 1679 nobis

310 1691 345 1721 in
369 1690 436 1721 filio
459 1701 518 1722 suo
540 1689 630 1721 Deus
661 1690 809 1728 eontulit,
845 1690 972 1722 animos
1002 1696 1129 1722 nostros
1152 1700 1280 1722 sursum

311 1732 475 1764 attollere:
500 1732 554 1764 sed
578 1732 653 1772 quia
674 1733 721 1764 rei
740 1733 930 1774 magnitudo
946 1733 1130 1774 postulabat
1145 1738 1181 1764 ut
1195 1737 1281 1764 certa

312 1780 395 1807 esset
418 1785 454 1807 ac
481 1775 687 1815 comprobata
718 1777 847 1811 veritas,
878 1776 938 1808 hac
960 1777 994 1807 in
1025 1781 1115 1816 parte
1144 1775 1281 1807 multum

311 1818 442 1850 insistit.
487 1818 571 1850 Nam
595 1819 657 1849 ista
679 1819 796 1857 omnia,
820 1818 923 1859 quod
947 1818 1143 1858 vidimus,
1175 1817 1283 1859 quod

312 1860 565 1898 audivimus,
589 1861 695 1901 quod
719 1872 858 1893 sumus
880 1862 1051 1902 intuiti,
1074 1866 1134 1894 etc.
1157 1862 1196 1892 ad
1212 1871 1284 1892 san-

313 1902 460 1936 ciendam
483 1903 644 1944 evangelii
676 1903 772 1935 fidem
797 1904 916 1936 valent.
960 1904 1028 1936 Nec
1058 1915 1133 1936 vero
1156 1909 1283 1936 tantum

314 1946 519 1978 asseverandi
557 1946 701 1978 studium
741 1947 861 1978 frustra
902 1946 1042 1979 adhibet.
1099 1947 1210 1986 Quum
1250 1947 1285 1977 in

314 1988 482 2029 evangelio
505 1988 592 2020 salus
623 1993 735 2021 nostra
757 1990 921 2029 consistat,
951 1999 1003 2021 res
1033 1989 1205 2030 plusquam
1228 1999 1285 2020 ne·

314 2031 454 2062 cessaria
477 2036 525 2063 est
548 2032 615 2063 eius
637 2032 810 2063 certitudo:
834 2043 893 2064 nos
912 2043 990 2065 vero
1009 2043 1104 2072 quam
1121 2033 1222 2064 simus
1245 2031 1285 2062 ad

315 2072 512 2105 credendum
535 2073 691 2114 difficiles,
716 2076 846 2116 propria
865 2075 1066 2115 experientia
1088 2076 1161 2116 plus
1184 2075 1285 2106 nimio

317 2116 453 2156 quisque
487 2121 632 2147 nostrum
666 2118 821 2157 agnoseit.
877 2118 1018 2150 Credere
1052 2117 1186 2158 appello,
1220 2127 1286 2148 non

316 2158 433 2190 leviter
468 2159 609 2199 opinari,
647 2166 705 2190 aut
741 2160 947 2192 assentiendo
985 2166 1113 2192 tantum
1151 2160 1287 2200 probare

316 2201 404 2241 quod
427 2200 561 2232 dicitur:
585 2202 641 2232 sed
664 2202 757 2234 firma
780 2203 974 2244 indubiaque
991 2204 1197 2244 persuasione
1221 2212 1286 2233 am-

317 2244 423 2284 plecti,
446 2249 482 2274 ut
504 2243 679 2275 audeamus
695 2250 848 2285 tanquam
867 2252 1048 2287 compertae
1067 2246 1197 2278 veritati
1212 2245 1287 2277 sub·

318 2286 467 2318 scribere.
513 2286 585 2317 Hac
608 2287 731 2318 ratione
754 2294 821 2318 tam
843 2289 948 2320 multa
970 2289 1003 2320 in
1027 2288 1190 2330 evangelii
1212 2298 1286 2319 con-

318 2329 537 2360 firmationem
562 2329 613 2360 hic
636 2329 798 2369 apostolus
821 2332 974 2371 congerit.

406 2372 434 2403 1.
473 2372 559 2411 Quod
588 2374 655 2403 erat
676 2372 714 2404 ab
737 2372 836 2404 initio.
880 2374 1042 2412 Quoniam
1075 2374 1212 2414 abrupta
1239 2377 1288 2404 est

320 2420 352 2446 et
381 2414 515 2446 confusa
545 2415 658 2454 oratio,
691 2421 726 2446 ut
756 2426 868 2447 sensus
898 2417 1053 2448 reddatur
1084 2417 1209 2456 clarior,
1243 2417 1288 2447 ita

320 2457 420 2489 verba
450 2457 612 2489 resolvere
641 2462 781 2497 oportet,
815 2458 882 2489 Nos
913 2460 1046 2490 verbum
1077 2460 1172 2498 vitae,
1205 2458 1289 2499 quod

321 2504 390 2531 erat
412 2499 451 2530 ab
470 2500 574 2539 initio,
598 2506 630 2531 et
653 2500 742 2532 nobis
760 2511 834 2532 vere
850 2501 953 2532 modis
970 2502 1119 2534 omnibus
1135 2506 1288 2534 testatum

321 2543 389 2579 fuit,
420 2542 508 2574 vobis
531 2543 774 2580 annuntiamus,
805 2547 841 2574 ut
870 2543 936 2574 vita
959 2544 993 2574 in
1023 2555 1059 2575 eo
1083 2545 1290 2576 manifestata

322 2585 430 2616 fuerit.
479 2585 541 2617 Vel
574 2586 601 2617 si
635 2586 729 2617 aliter
762 2586 885 2617 mavis:
919 2586 1084 2626 Quidquid
1119 2588 1157 2619 de
1191 2586 1289 2619 verbo

323 2627 409 2659 vitae
436 2629 669 2660 annuntiamus
700 2628 802 2667 vobis,
835 2628 875 2660 ab
904 2629 995 2659 initio
1025 2635 1103 2668 erat,
1136 2634 1168 2661 et
1198 2628 1289 2660 nobis

323 2669 430 2710 palam
460 2675 624 2703 ostensum
653 2671 729 2703 fuit:
764 2672 840 2712 quia
869 2671 935 2703 vita
959 2672 993 2702 in
1016 2682 1052 2703 eo
1083 2672 1290 2704 manifestata

1329 795 1386 823 est.
1427 792 1602 824 Caeterum
1619 792 1776 833 particula
1796 792 1882 829 haec,
1908 793 2011 833 quod
2036 799 2126 825 erat
2149 793 2196 825 ab
2218 794 2300 825 ini·

1329 834 1403 873 tio,
1432 835 1472 866 ad
1496 835 1618 867 Christi
1649 835 1852 866 divinitatem
1883 836 1993 875 procul
2024 835 2119 867 dubio
2150 836 2299 869 refertur.

1330 876 1440 917 Neque
1470 878 1556 908 enim
1580 879 1620 909 ab
1643 878 1735 909 initio
1764 882 1834 909 erat
1858 877 1948 909 Deus
1971 879 2005 909 in
2028 889 2125 910 carne
2147 879 2301 911 manifes-

1329 924 1431 952 tatus:
1454 920 1509 952 sed
1533 921 1560 951 is
1589 922 1643 960 qui
1667 931 1794 961 semper
1819 921 1883 952 vita
1907 921 1976 959 fuit,
2005 925 2039 953 et
2061 926 2213 953 aeternus
2236 921 2300 953 Dei

1328 973 1440 1001 sermo,
1479 963 1513 994 in
1551 963 1753 1004 plenitudine
1790 966 1970 1004 temporum
2005 964 2102 995 homo
2139 966 2300 1005 apparuit.

1329 1005 1475 1037 Rursum
1505 1016 1588 1046 quae
1617 1011 1796 1046 sequuntur
1825 1006 1865 1037 de
1899 1006 2019 1038 intuitu
2050 1012 2082 1038 et
2115 1007 2300 1047 palpatione

1329 1058 1500 1085 manuum,
1534 1048 1640 1088 magis
1673 1048 1712 1080 ad
1747 1048 1924 1080 humanam
1958 1054 2108 1081 naturam
2141 1052 2300 1090 spectant.

1329 1090 1453 1122 Verum
1477 1091 1553 1132 quia
1583 1091 1665 1123 duae
1695 1096 1831 1122 naturae
1861 1101 2033 1132 personam
2057 1102 2156 1123 unam
2179 1094 2299 1124 consti-

1330 1138 1436 1170 tuunt,
1464 1138 1496 1165 et
1518 1144 1601 1165 unus
1624 1138 1673 1166 est
1695 1134 1855 1172 Christus,
1886 1135 1941 1174 qui
1964 1145 1983 1166 a
2006 1139 2098 1175 patre
2121 1134 2240 1175 prodiit
2262 1140 2301 1167 ut

1330 1186 1460 1208 earnem
1484 1182 1626 1207 nostram
1649 1176 1808 1215 indueret,
1835 1179 1949 1208 merito
1973 1177 2138 1217 apostolus
2160 1177 2300 1209 eundem

1330 1224 1362 1250 et
1384 1229 1512 1260 semper
1535 1219 1633 1251 fuisse
1663 1219 1869 1256 invisibilem,
1900 1224 1933 1251 et
1955 1225 2067 1259 postea
2091 1220 2196 1251 visum
2220 1230 2301 1257 esse,

1330 1263 1548 1293 communiter
1571 1262 1745 1302 praedicat.
1794 1262 1859 1302 Quo
1888 1262 2042 1302 refellitur
2057 1263 2206 1303 putidum
2230 1262 2302 1295 Ser-

1330 1305 1389 1336 veti
1409 1305 1565 1341 cavillum,
1587 1315 1684 1337 unam
1706 1315 1770 1336 esse
1793 1305 1918 1337 deitatis
1933 1308 2081 1337 naturam
2097 1308 2123 1337 et
2137 1306 2303 1338 essentiam

1330 1357 1400 1379 cum
1420 1357 1527 1379 carne:
1548 1347 1683 1387 adeoque
1699 1348 1824 1379 verbum
1839 1348 1873 1379 in
1890 1357 2014 1380 caruem
2032 1349 2302 1389 transformatum,

1331 1390 1407 1430 quia
1428 1390 1481 1422 ille
1502 1400 1601 1422 sermo
1625 1391 1768 1430 vivificus
1797 1391 1831 1422 in
1852 1401 1946 1422 carne
1968 1391 2058 1422 visus
2085 1391 2190 1431 fuerit.
2235 1392 2303 1423 Me-

1332 1433 1523 1465 minerimus
1556 1444 1632 1474 ergo
1667 1433 1750 1465 hanc
1784 1433 1884 1465 asseri
1918 1434 2080 1474 evangelii
2112 1434 2302 1471 doctrinam,

1333 1476 1417 1516 quod
1440 1476 1467 1507 is
1490 1476 1543 1516 qui
1571 1476 1604 1507 in
1628 1487 1723 1508 carne
1755 1486 1830 1507 vere
1853 1486 1887 1507 se
1917 1476 2021 1507 filium
2047 1477 2107 1507 Dei
2136 1486 2208 1507 esse
2231 1486 2302 1516 pro-

1333 1518 1434 1557 bavit,
1464 1528 1501 1550 ao
1524 1529 1580 1558 pro
1603 1519 1669 1550 filio
1693 1518 1755 1550 Dei
1780 1519 1842 1549 fuit
1864 1518 2005 1558 agnitus,
2038 1529 2165 1558 semper
2188 1519 2303 1550 invisi-

1333 1561 1407 1592 bilis
1431 1562 1525 1592 fuerit
1549 1560 1611 1592 Dei
1635 1572 1749 1592 sermo.
1790 1560 1904 1601 Neque
1927 1561 2014 1592 enim
2038 1560 2151 1593 mundi
2174 1561 2304 1592 initium

1333 1603 1386 1636 hic
1410 1604 1576 1644 designat:
1599 1604 1655 1635 sed
1679 1604 1777 1635 altius
1799 1604 1996 1635 conscendit.

1423 1646 1512 1686 Quod
1539 1647 1728 1686 audivimus,
1758 1646 1839 1686 quod
1868 1646 2016 1678 vidimus.
2061 1646 2134 1678 Non
2164 1646 2305 1678 rumoris

1335 1690 1394 1721 fuit
1417 1689 1469 1720 hic
1492 1689 1631 1726 auditus,
1665 1689 1718 1721 cui
1741 1699 1857 1729 parum
1881 1688 1954 1720 fidei
1982 1688 2095 1720 haberi
2117 1688 2214 1721 solet:
2245 1689 2303 1720 sed

1335 1732 1489 1772 intelligit
1522 1732 1697 1769 Iohannes,
1732 1742 1766 1763 se
1799 1731 1838 1762 de
1861 1732 1910 1771 iis,
1945 1741 2027 1771 quae
2061 1732 2179 1771 docuit,
2213 1733 2304 1772 prius

1336 1775 1432 1806 fuisse
1455 1786 1474 1806 a
1496 1776 1652 1816 magistro
1675 1775 1772 1815 probe
1794 1774 1952 1811 edoctum,
1977 1777 2012 1805 ut
2027 1774 2110 1806 nihil
2126 1780 2248 1807 temere
2269 1775 2304 1806 in

1336 1817 1479 1849 medium
1503 1818 1683 1857 protulerit.
1729 1817 1772 1848 Et
1795 1822 1881 1849 certe
1911 1827 2006 1848 nemo
2028 1817 2091 1849 erit
2113 1817 2147 1849 in
2170 1817 2306 1849 ecclesia

1337 1861 1472 1892 idoneus
1496 1860 1616 1898 doctor,
1649 1860 1705 1900 qui
1727 1871 1793 1892 non
1822 1859 1883 1891 filii
1904 1860 1968 1891 Dei
1992 1865 2067 1891 ante
2089 1860 2188 1892 fuerit
2210 1860 2305 1893 disei-

1338 1903 1444 1944 pulus,
1467 1913 1504 1934 ac
1527 1903 1589 1934 rite
1611 1903 1782 1934 institutus
1801 1903 1835 1934 in
1858 1903 1927 1934 eius
1945 1902 2073 1934 schola:
2096 1903 2224 1943 quando
2239 1904 2308 1935 sola

1338 1947 1407 1978 eius
1430 1947 1586 1977 autoritas
1609 1946 1718 1977 valere
1748 1946 1851 1977 debet.
1898 1945 1994 1984 Quod
2017 1945 2095 1977 dicit
2116 1956 2151 1977 se
2172 1946 2309 1977 oculis

1341 1989 1518 2026 vidisse,
1542 1999 1607 2020 non
1630 1994 1679 2020 est
1702 1988 1915 2028 pleonasmus,
1942 1988 1997 2019 sed
2021 1989 2122 2020 maior
2144 1989 2309 2028 expressio

1340 2031 1601 2071 amplificationis
1630 2041 1736 2063 causa.
1782 2031 1853 2062 Imo
1876 2041 1940 2061 non
1970 2036 2142 2063 contentus
2170 2031 2310 2071 simplici

1340 2075 1503 2114 adspectu,
1534 2074 1623 2105 addit
1646 2073 1924 2113 contemplati
1953 2084 2109 2111 sumus,
2140 2078 2172 2106 et
2195 2084 2310 2105 manus

1340 2123 1470 2149 nostrae
1493 2117 1677 2157 palparunt.
1722 2116 1847 2155 Quibus
1875 2116 1982 2148 verbis
2006 2121 2145 2148 testatur
2171 2116 2253 2147 nihil
2275 2127 2310 2148 se

1341 2160 1485 2192 docuisse
1508 2160 1592 2200 quod
1615 2170 1680 2191 non
1703 2159 1804 2190 solide
1829 2163 2031 2199 perspectum
2054 2158 2212 2191 habuerit.
2250 2159 2310 2190 Vi-

1341 2203 1434 2234 detur
1464 2207 1573 2234 tamen
1604 2202 1644 2234 ad
1674 2206 1875 2242 praesentem
1906 2211 2035 2233 causam
2059 2212 2174 2241 parum
2201 2201 2311 2233 valere

1341 2256 1493 2277 sensuum
1523 2245 1718 2286 approbatio.
1771 2244 1884 2284 Neque
1917 2244 2003 2275 enim
2038 2244 2089 2275 vel
2122 2244 2224 2275 oculis
2257 2244 2311 2275 vel

1342 2288 1492 2320 manibus
1521 2287 1752 2328 comprehendi
1780 2287 1884 2327 potuit
1914 2287 2018 2318 virtus
2048 2286 2182 2318 Christi.
2227 2287 2310 2318 Res-

1342 2332 1473 2371 pondeo,
1504 2331 1557 2362 hic
1579 2331 1664 2362 idem
1688 2330 1750 2362 dici
1773 2329 1857 2370 quod
1880 2330 1983 2369 primo
2006 2329 2166 2370 evangelii
2188 2330 2310 2370 capite:

1342 2374 1492 2405 Vidimus
1515 2373 1651 2414 gloriam
1683 2373 1761 2409 eius,
1791 2373 1928 2413 gloriam
1959 2372 2128 2411 unigenito
2152 2371 2215 2404 Dei
2244 2372 2310 2404 filio

1342 2416 1484 2457 dignam.
1529 2417 1642 2456 Neque
1675 2416 1763 2447 enim
1797 2416 1835 2447 ab
1865 2420 2000 2446 externa
2032 2425 2174 2455 corporis
2205 2415 2312 2456 figura

1343 2460 1472 2500 agnitus
1496 2459 1557 2490 fuit
1579 2459 1641 2490 Dei
1664 2459 1766 2490 filius:
1790 2458 1845 2489 sed
1869 2468 1908 2489 ex
1932 2468 1968 2488 eo
1992 2457 2077 2498 quod
2100 2458 2240 2489 illustria
2262 2457 2311 2488 di-

1343 2503 1439 2533 vinae
1462 2512 1538 2533 suae
1561 2502 1722 2542 potentiae
1738 2501 1930 2533 documenta
1952 2500 2069 2531 edidit:
2093 2501 2139 2531 ita
2154 2505 2191 2531 ut
2208 2501 2243 2531 in
2263 2511 2311 2540 eo,

1343 2551 1498 2585 tanquam
1522 2545 1597 2576 viva
1620 2550 1652 2574 et
1674 2554 1827 2584 expressa
1849 2544 2001 2584 imagine,
2025 2543 2188 2574 refulserit
2210 2543 2311 2583 patris

1344 2588 1504 2619 maiestas.
1545 2588 1656 2626 Quum
1680 2587 1778 2618 verba.
1801 2586 1865 2617 sint
1887 2586 2022 2625 pluralis
2046 2586 2183 2623 numeri,
2206 2590 2238 2616 et
2260 2595 2311 2616 re·

1344 2630 1494 2670 apostolis
1524 2629 1673 2661 omnibus
1706 2639 1865 2669 peraeque
1895 2629 2075 2666 conveniat,
2105 2628 2242 2659 libenter
2272 2628 2311 2658 de

1344 2673 1407 2704 illis
1430 2673 1638 2713 interpretor:
1664 2672 1853 2713 praesertim
1877 2671 1952 2712 quia
1975 2671 2014 2702 de
2031 2671 2204 2703 testimonii
2220 2674 2310 2702 auto-
