2513 3126
294 216 334 246 33
1044 212 1184 243 191’15'1‘.
1209 213 1271 243 AD
1295 212 1546 244 HEBRAEOS
2252 216 2293 248 84

294 313 390 345 Unde
407 313 562 353 sequitur,
586 314 679 342 extra
696 309 763 340 cius
786 319 920 349 regnum
945 309 1076 339 nonnisi
1101 314 1266 349 peccatum
1292 311 1295 347 1
1320 310 1443 341 Christi
1477 315 1582 350 typus,
1612 310 1841 343 consideratur.

296 357 327 388 in
364 356 545 387 hominihus
580 362 724 393 regnare.
778 352 893 391 Itaque
920 351 1095 383 Zacharias
1127 351 1169 392 (2,
1205 352 1267 393 10),

297 410 393 439 quum
429 409 500 428 euin
537 396 626 426 velut
659 395 784 426 solenni
811 395 870 425 Dei
901 394 1004 425 edicto
1037 395 1070 425 in
1102 395 1194 434 regni
1218 395 1267 426 sui

297 442 528 482 possessionem
547 438 658 476 mittit,
677 438 736 469 hoe
753 438 859 478 elogio
875 438 978 477 ipsum
994 442 1100 468 ornat:
1119 437 1269 477 Laetare,

296 485 361 516 tilia
386 484 474 519 Sion,
510 491 582 513 ecce
615 492 671 512 rex
708 486 784 512 tuuc
820 481 909 511 venit
936 480 994 511 tibi
1018 481 1135 511 iustus:
1170 480 1268 521 signi-

297 529 395 558 ficans
430 525 588 555 iustitium
625 535 705 564 quac
737 523 854 563 alioqui
890 522 981 554 nobis
1015 522 1115 562 deest,
1149 522 1268 554 adferri

297 567 420 600 Christi
450 567 604 598 adventu.
650 566 801 598 Secundo
825 565 1000 597 similitudo
1025 576 1121 605 quam
1145 571 1270 606 aposto-

296 611 397 643 stolus
428 616 527 650 notat,
559 615 608 641 cst
638 610 670 640 in
696 619 796 649 regno
820 609 943 649 pacis.
990 608 1081 640 Haec
1105 619 1184 640 vero
1207 619 1268 648 pax

298 654 424 685 fructus
447 659 495 684 est
520 653 607 684 illius
631 652 774 683 iustitiae
797 652 888 683 cuius
912 651 1070 683 meminit.
1109 651 1198 682 Hinc
1219 662 1268 683 se-

296 697 416 737 quitur,
451 705 709 737 quaquaversum
741 700 831 735 patet
862 704 998 735 reguum
1030 694 1170 731 Christi,
1204 694 1270 726 illic

297 739 412 771 dobere
443 750 513 770 esse
543 748 668 779 pacem:
701 744 736 768 ut
760 737 898 769 habetur
922 736 1044 768 Iesaiae
1075 737 1215 769 secundo
1238 742 1270 768 et

296 793 384 815 nono
417 783 531 822 capite,
567 792 602 812 ac
636 779 795 811 similibus
827 779 914 811 locis.
968 779 1140 811 Caeterum
1171 791 1268 820 quum

296 836 359 866 pax
385 825 543 856 Hebraeis
566 824 662 854 ctiam
688 833 876 863 prosperum
915 833 951 854 ac
991 823 1113 854 felicem
1149 828 1268 854 statum

297 869 465 909 significet,
498 870 606 907 posset
635 866 695 897 hoc
726 866 795 898 loco
825 867 871 898 sic
898 866 1010 906 accipi.
1055 865 1140 897 Mihi
1163 871 1269 897 tamen

298 912 402 951 magis
425 910 527 950 placet
560 915 595 940 ut
619 909 822 950 intelligatur
847 919 908 948 pax
933 909 1070 939 interior
1093 919 1173 948 quae
1196 919 1269 940 con-

297 954 448 985 scientias
479 951 669 992 tranquillas
700 962 805 983 coram
832 952 902 983 Deo
934 957 965 983 et
997 960 1125 982 securas
1156 951 1270 983 reddit.

296 997 405 1028 Huius
422 1001 529 1026 autem
557 995 629 1026 boni
647 995 846 1035 praestantia
862 994 941 1026 satis
964 1004 1021 1034 pro
1039 995 1154 1026 merito
1176 995 1271 1026 aesti-

297 1039 377 1070 mari
410 1039 531 1078 nequit,
563 1038 625 1069 nisi
648 1038 829 1069 exadverso
852 1037 1035 1069 consideres
1059 1047 1155 1077 quam
1178 1038 1272 1069 mise-

297 1091 370 1113 rum
387 1081 428 1112 sit
451 1081 581 1123 assidua
605 1081 828 1121 inquietudine
852 1081 1012 1120 torqueri:
1035 1080 1118 1120 quod
1143 1091 1271 1112 necesse

296 1130 343 1155 est
378 1123 471 1155 nobis
506 1124 657 1155 omnibus
691 1123 845 1161 accidere,
880 1123 979 1155 donec
1014 1133 1070 1163 per
1103 1123 1271 1155 Christum

296 1166 493 1199 reconciliati
518 1166 588 1198 Deo
611 1167 823 1198 conscientias
846 1166 1024 1197 habenmus
1047 1171 1185 1206 pacatas.

383 1209 413 1241 3.
446 1209 521 1241 Sine
544 1212 648 1249 patre.
702 1209 753 1240 Ita
783 1208 868 1240 malo
900 1219 996 1249 quam
1027 1209 1131 1248 ignoti
1160 1208 1271 1250 patris.

297 1253 495 1293 Expressius
527 1253 612 1283 enim
644 1252 795 1293 quiddam
829 1252 933 1283 voluit
963 1252 1067 1283 dicere
1099 1252 1272 1292 apostolus,

298 1306 394 1336 quam
418 1306 522 1335 genus
545 1295 764 1327 Melchisedec
788 1294 960 1326 obscurum
986 1296 1085 1326 fuisse
1107 1295 1158 1326 vel
1182 1295 1273 1335 igno-

300 1343 379 1370 tum.
417 1338 484 1370 Nec
500 1348 552 1369 me
576 1344 683 1369 movet
708 1337 852 1377 obiectio,
876 1338 960 1378 quod
985 1338 1029 1368 ita
1053 1347 1118 1369 non
1141 1347 1272 1377 respou-

299 1381 391 1412 deret
421 1382 543 1422 figurae
574 1382 703 1419 veritas,
734 1382 809 1421 quia
832 1386 956 1421 patrem
981 1381 1014 1411 in
1039 1380 1134 1412 coelis
1157 1381 1275 1412 habeat

301 1424 462 1461 Christus,
497 1428 633 1455 matrem
669 1434 745 1456 vero
774 1424 808 1454 in
840 1424 945 1455 terris.
996 1423 1080 1454 Nam
1111 1423 1274 1464 apostolus

301 1477 365 1499 uno
397 1467 494 1498 verbo
524 1472 666 1498 mentem
698 1477 787 1498 suam
818 1476 895 1498 mox
919 1466 1070 1506 explicat,
1101 1467 1154 1498 ubi
1176 1465 1274 1503 addit,

301 1510 393 1542 sine
417 1520 576 1550 genere.
620 1510 747 1541 Eximit
773 1520 850 1550 ergo
879 1510 984 1550 ipsum
1017 1509 1232 1541 Melchisedec
1257 1519 1275 1540 a

301 1553 465 1584 communi
495 1553 649 1584 nascendi
679 1553 757 1594 lege.
812 1552 885 1592 Quo
915 1553 1078 1593 significat
1110 1557 1275 1583 aeternum

303 1595 414 1636 fuisse,
437 1601 472 1626 ut
488 1606 601 1627 recens
621 1596 688 1627 eius
713 1596 802 1636 origo
825 1596 860 1626 in
884 1595 1070 1627 hominibus
1093 1595 1276 1636 quaerenda

302 1649 365 1670 non
396 1639 446 1670 sit.
493 1638 627 1671 Certum
659 1639 788 1679 quidem
818 1643 876 1675 est,
911 1649 929 1670 a
958 1638 1147 1679 parentibus
1175 1638 1275 1669 fuisse

303 1682 521 1722 progenitum.
559 1681 624 1713 Sed
641 1681 694 1713 hic
709 1682 749 1713 de
765 1692 801 1713 eo
818 1686 971 1722 tanquam
996 1682 1122 1722 privato
1145 1681 1276 1712 homine

302 1724 467 1765 apostolus
500 1735 564 1756 non
600 1725 758 1764 disputat:
794 1725 873 1765 quin
908 1725 1015 1764 potius
1049 1724 1139 1755 illum
1169 1723 1277 1754 induit

305 1777 442 1807 persona
466 1767 601 1799 Christi.
647 1768 762 1808 Itaque
785 1767 865 1799 nihil
890 1767 977 1799 aliud
1008 1767 1068 1799 sibi
1098 1768 1131 1798 in
1160 1777 1197 1798 eo
1227 1768 1275 1797 in-

304 1810 390 1841 tueri
420 1811 580 1850 permittit
609 1821 705 1850 quam
737 1810 820 1850 quod
851 1811 1010 1850 scriptura
1044 1810 1145 1842 docet.
1191 1809 1275 1841 Nam

303 1853 336 1883 in
361 1853 519 1893 omnibus,
544 1863 625 1894 quae
649 1854 688 1885 ad
705 1853 874 1885 Christum
895 1854 1065 1893 pertinent,
1089 1852 1275 1889 tractandis,

304 1905 340 1926 ea
364 1895 547 1927 adhibenda
570 1901 620 1928 est
642 1896 764 1937 religio,
795 1901 832 1927 ut
862 1896 941 1927 nihil
965 1897 1128 1936 sapiamus
1151 1895 1213 1926 nisi
1235 1905 1275 1926 ex

303 1937 403 1969 verbo
426 1938 571 1970 Domini.
616 1939 712 1970 Nunc
739 1949 838 1979 quum
857 1940 990 1980 spiritus
1014 1945 1144 1970 sanctus
1167 1948 1274 1979 regem

305 1981 354 2012 sui
388 1982 543 2021 temporis
577 1982 891 2022 praestantissimum
931 1982 1097 2020 inducens,
1131 1981 1169 2012 de
1202 1987 1275 2012 ortu

305 2024 373 2054 eius
413 2029 531 2061 taceat,
574 2035 634 2056 nec
668 2030 779 2065 postea
812 2025 1009 2056 mentionem
1044 2024 1144 2056 ullam
1179 2024 1275 2055 faciat

302 2066 434 2097 mortis:
462 2078 571 2099 nonne
593 2068 653 2099 hoc
676 2067 810 2108 perinde
834 2068 920 2099 valet
942 2077 979 2098 ac
1002 2068 1028 2099 si
1051 2066 1275 2099 commendata

303 2115 388 2141 esset
409 2110 477 2141 eius
500 2110 700 2142 aeternitas?
744 2110 840 2150 Quod
871 2115 980 2142 autem
1003 2111 1037 2141 in
1061 2109 1277 2141 Melchisedec

305 2152 365 2183 fuit
395 2153 641 2191 adumbratum,
675 2164 752 2185 vere
782 2154 815 2185 in
845 2153 978 2185 Christo
1008 2153 1188 2185 exhibitum
1217 2159 1275 2183 est.

305 2195 395 2236 Ergo
431 2195 492 2227 hac
525 2196 746 2228 mediocritate
779 2200 949 2228 contentos
982 2206 1052 2228 esse
1087 2207 1143 2227 nos
1177 2195 1275 2232 decet,

307 2237 390 2279 quod
421 2238 496 2269 dum
528 2240 689 2279 scriptura
712 2239 930 2272 Melchisedec
959 2239 1055 2271 talem
1086 2239 1177 2270 nobis
1208 2248 1277 2277 pro-

307 2281 407 2322 ponit,
440 2282 530 2321 quasi
561 2283 615 2322 qui
645 2293 811 2322 nunquam
840 2282 893 2313 vel
916 2287 1012 2313 natus
1035 2283 1085 2321 sit,
1120 2281 1169 2313 vel
1191 2291 1276 2311 mor-

307 2328 397 2355 tuus:
431 2325 524 2356 velut
548 2325 580 2356 iu
605 2326 730 2365 pictura
754 2325 964 2363 demonstrat,
994 2325 1122 2356 nullum
1145 2324 1277 2356 Christo

308 2377 378 2398 esse
415 2377 474 2398 nec
508 2368 702 2408 principium
737 2378 797 2399 nec
829 2369 938 2399 finem.
994 2368 1166 2400 Caeterum
1201 2366 1278 2397 hinc

309 2418 435 2450 quoque
463 2409 618 2442 discimus
648 2416 770 2450 quanta
792 2412 977 2451 requiratur
999 2412 1034 2442 in
1058 2409 1278 2451 spiritualibus

310 2451 371 2483 Dei
401 2454 562 2494 mysteriis
590 2454 773 2485 reverentia
803 2459 835 2485 et
865 2454 1031 2485 sobrietas.
1076 2453 1159 2485 Nam
1193 2452 1278 2492 quod

310 2504 468 2534 nusquam
508 2497 664 2536 scriptum
702 2497 831 2537 legitur,
872 2507 936 2527 non
977 2502 1104 2528 tantum
1142 2496 1279 2526 libenter

311 2537 438 2576 ignorat
468 2540 641 2578 apostolus,
675 2539 730 2571 sed
761 2549 780 2570 a
809 2538 901 2571 nobis
931 2539 1027 2570 etiam
1058 2538 1174 2570 nesciri
1197 2537 1278 2569 vult.

310 2578 356 2609 Et
389 2589 464 2610 sane
499 2581 536 2611 de
563 2581 683 2613 Chriso
712 2582 795 2613 nihil
823 2592 862 2613 ex
893 2592 990 2613 seusu
1021 2588 1130 2613 nostro
1158 2586 1278 2612 temere

309 2621 456 2662 proferre
487 2623 535 2653 fas
568 2628 625 2656 est.
680 2625 782 2665 Atqui
816 2624 1031 2656 Melchisedec
1064 2635 1127 2656 non
1159 2624 1212 2655 hic
1245 2623 1280 2653 in

311 2665 439 2705 privata
466 2669 512 2701 (ut
535 2666 638 2707 aiunt)
665 2668 830 2706 qualitate,
858 2667 914 2698 sed
937 2675 1097 2708 quatenus
1119 2676 1210 2698 sacer
1232 2671 1280 2697 est

1888 311 1955 344 Nec
1985 322 2060 344 vero
2086 311 2217 345 fortuito
2242 315 2292 347 vel

1321 364 1378 394 pcr
1413 352 1654 392 incogitantiam
1690 353 1721 384 id
1753 354 1855 386 videri
1885 355 2041 386 omissum
2072 355 2175 396 debet,
2209 357 2292 397 quod

1322 396 1409 427 nullu
1427 395 1473 426 illi
1492 395 1642 435 cognatio
1659 396 1823 436 tribuitur,
1841 397 1949 429 nullus
1969 398 2106 429 habetur
2130 398 2168 430 de
2188 402 2293 431 morte

1322 449 1440 470 sermo:
1474 448 1586 469 vorum
1618 438 1648 469 id
1680 440 1786 479 potius
1813 440 1960 472 consulto
1991 440 2066 472 fecit
2095 441 2228 481 spiritus
2259 447 2294 474 ut

1322 492 1379 512 nos
1410 491 1507 520 supra
1538 481 1705 521 vulgarem
1743 482 1910 514 hominum
1946 483 2091 514 ordinem
2123 484 2294 516 attolleret.

1322 524 1399 555 ldeo
1431 534 1494 553 non
1519 523 1647 555 videtur
1677 526 1850 565 probabilis
1880 537 1990 557 eorum
2019 527 2213 563 coniectura,
2240 528 2293 568 qui

1323 566 1539 598 Melchisedec
1563 567 1696 598 tradunt
1720 569 1815 600 fuisse
1839 568 1916 601 Sem
1941 569 2044 600 filium
2069 569 2174 601 Noah.
2211 570 2295 602 Nam

1321 610 1347 640 si
1383 609 1420 640 ad
1457 609 1620 641 hominem
1655 617 1778 643 certum
1813 622 1850 643 ac
1882 619 1992 643 notum
2026 619 2157 643 ventum
2189 613 2295 651 fuerit,

1322 663 1400 727 gqln'
1425 651 1524 699 stabit
1565 652 1645 685 haec
1679 655 1775 685 tertia
1808 655 1983 686 similitudo
2014 655 2231 688 Melchisedec
2264 661 2297 687 et

1375 700 1454 725 risti.

1376 780 1381 785 θ
1406 736 1624 770 Assimilatus.
1670 739 1795 779 Nempe
1825 739 1910 780 quod
1942 740 2065 772 ferebat
2088 740 2295 781 significandi

1323 786 1417 811 ratio:
1448 790 1576 820 semper
1606 782 1691 812 enim
1721 782 1870 822 analogia
1901 783 1987 814 inter
2017 794 2082 815 rem
2106 790 2138 814 et
2162 784 2294 823 signum

1324 823 1463 855 tenenda
1487 829 1544 854 est.
1590 823 1673 854 Nam
1698 824 1826 856 ridiculi
1848 831 1925 856 sunt
1948 826 2001 866 qui
2030 836 2047 857 e
2075 826 2164 858 coelo
2188 826 2297 867 delap-

1323 877 1393 897 sum
1424 866 1725 904 comminiscuntur,
1761 873 1797 897 ut
1821 877 1854 898 re
1878 869 1947 908 ipsa
1969 869 2159 901 assimilent.
2206 868 2296 902 Satis

1324 915 1372 940 est
1395 908 1478 949 quod
1508 908 1705 940 lineamenta
1722 909 1846 941 Christi
1863 910 1894 940 in
1919 921 1957 942 eo
1980 913 2215 952 conspicimus:
2238 913 2297 944 sic-

1324 953 1371 983 uti
1403 951 1470 982 vivi
1500 950 1641 983 hominis
1670 952 1794 992 effigies
1816 953 1850 983 in
1874 953 1983 985 tabula
2005 955 2093 986 cerni
2118 959 2234 996 potest,
2265 961 2296 986 et

1325 1001 1432 1026 tamen
1457 995 1569 1035 procul
1592 994 1690 1026 distat
1715 995 1811 1026 homo
1838 1005 1856 1025 a
1878 1005 1937 1026 sua
1960 997 2094 1036 pictura.
2140 998 2298 1029 Refutare

1324 1047 1434 1069 eorum
1453 1037 1566 1068 deliria
1585 1038 1640 1077 qui
1665 1037 1716 1068 vel
1734 1036 1901 1069 Christum
1926 1045 2002 1071 tunc
2026 1041 2086 1070 iam
2111 1042 2298 1080 apparuisse

1325 1081 1495 1118 somniant,
1527 1080 1577 1111 vel
1601 1081 1753 1121 spiritum
1778 1087 1935 1119 sanctum,
1969 1081 2018 1112 vel
2042 1083 2201 1123 angelum.
2232 1093 2297 1114 non

1326 1124 1454 1155 videtur
1476 1133 1593 1163 operae
1616 1125 1758 1163 pretium
1782 1134 1861 1155 esse.
1907 1123 1983 1155 Nisi
2003 1124 2084 1164 forte
2111 1126 2182 1165 quis
2203 1125 2299 1157 sobrii

1325 1166 1461 1197 hominis
1503 1176 1568 1197 esse
1608 1166 1776 1206 existimet,
1818 1176 1886 1198 cum
1920 1166 2052 1199 Postello
2084 1171 2111 1199 et
2143 1167 2299 1200 similibus

1320 1209 1508 1249 phreneticis
1535 1209 1706 1249 disputare.
1754 1209 1862 1249 Neque
1890 1211 1973 1241 enim
1995 1211 2113 1242 minore
2134 1210 2300 1250 supercilio

1325 1262 1356 1283 se
1378 1251 1484 1283 nebulo
1507 1251 1559 1283 ille
1583 1251 1781 1284 Melchisedec
1802 1262 1867 1284 esse
1891 1253 2014 1292 asserit,
2041 1263 2134 1293 quam
2157 1254 2232 1285 olim
2253 1263 2300 1285 ve—

1325 1295 1397 1326 sani
1440 1294 1491 1326 illi
1537 1295 1672 1334 spiritus
1712 1294 1856 1336 (quorum
1894 1296 2034 1328 meminit
2073 1296 2298 1338 Hieronymus)

1329 1338 1488 1370 Christum
1510 1347 1574 1369 esse
1593 1338 1757 1379 fingebant.

1411 1424 1441 1454 4.
1468 1423 1664 1455 Considerate
1685 1426 1788 1455 autem
1808 1426 1944 1464 quantus
1965 1424 2008 1456 sit
2029 1424 2088 1462 hic,
2118 1425 2170 1456 cui
2198 1427 2225 1456 et
2251 1425 2301 1456 cle-

1326 1467 1423 1499 cimas
1445 1466 1527 1498 dedit
1548 1467 1586 1498 de
1608 1467 1719 1506 spoliis
1735 1466 1898 1498 Abraham
1915 1467 2109 1507 patriarcha.
2148 1467 2178 1499 5.
2198 1467 2303 1508 Atque

1328 1511 1353 1541 ii
1375 1510 1498 1549 quidem
1519 1510 1573 1549 qui
1595 1509 1799 1541 sacerdotium
1821 1510 1986 1550 accipiunt,
2016 1510 2073 1550 qui
2094 1510 2210 1542 scilicet
2230 1512 2302 1542 sumt

1328 1563 1365 1583 ex
1389 1552 1469 1592 filiis
1493 1552 1579 1592 Levi,
1606 1555 1806 1593 praeceptum
1835 1552 1946 1584 habent
1972 1564 1992 1584 a
2016 1552 2134 1593 populo
2167 1553 2303 1585 decimas

1328 1595 1471 1627 sumendi
1499 1596 1588 1627 iuxta
1618 1596 1720 1636 leqem,
1754 1595 1807 1627 hoc
1835 1598 1887 1633 est,
1916 1606 1937 1627 a
1964 1595 2120 1635 fratribus
2141 1596 2212 1627 suis
2233 1596 2302 1628 licet

1328 1639 1459 1679 eqressis
1489 1649 1528 1669 ex
1554 1638 1668 1670 lumbis
1689 1638 1845 1670 Abrahae.
1891 1639 1921 1670 6.
1947 1638 2046 1670 Cuius
2076 1641 2177 1670 autem
2203 1648 2303 1679 qenus

1329 1692 1387 1713 non
1402 1684 1574 1713 recensetur
1590 1692 1629 1713 esc
1646 1682 1736 1722 ipsis,
1759 1681 1895 1713 decimas
1916 1682 2052 1722 sumpsit
2072 1681 2111 1713 ab
2127 1681 2302 1713 Abraham.

1328 1727 1353 1755 et
1385 1724 1524 1756 habentes
1550 1725 1777 1765 promissiones
1809 1724 1974 1756 benedixit.
2032 1724 2061 1756 7.
2098 1723 2201 1756 Porro
2234 1724 2302 1756 sine

1328 1768 1532 1799 controversia
1569 1767 1650 1808 quod
1686 1768 1792 1799 minus
1827 1770 1872 1798 est
1904 1778 1925 1798 a
1952 1767 2073 1806 potiore
2104 1767 2301 1798 benedicitur.

1328 1810 1356 1841 8.
1380 1810 1482 1850 Atque
1503 1810 1553 1842 hic
1575 1810 1700 1850 quidem
1720 1810 1858 1842 homines
1879 1810 1933 1850 qui
1954 1811 2140 1850 moriuntur,
2167 1810 2302 1841 decimas

1327 1854 1499 1893 accipiunt.-
1533 1853 1599 1884 illic
1632 1856 1733 1884 autem
1769 1854 1796 1885 is
1827 1853 1865 1885 de
1898 1863 1957 1893 quo
1985 1855 2128 1884 testatum
2154 1855 2199 1884 est
2221 1851 2303 1892 quod

1327 1898 1424 1927 vivat:
1459 1896 1489 1927 9.
1512 1898 1539 1928 et
1561 1899 1595 1927 ut
1615 1896 1661 1928 ita
1683 1895 1800 1937 loquar,
1822 1896 1857 1927 in
1880 1895 2046 1927 Abraham
2067 1896 2237 1927 decimatus
2258 1896 2303 1927 est

1327 1939 1392 1978 ipse
1426 1939 1511 1975 Levi,
1544 1940 1599 1979 qui
1628 1939 1764 1971 decimas
1789 1939 1863 1970 solet
1889 1939 2037 1979 accipere.
2083 1938 2132 1970 10.
2157 1938 2244 1970 Nam
2273 1937 2302 1969 is

1328 1981 1428 2013 adhuc
1450 1982 1484 2013 iu
1507 1981 1620 2013 lumbis
1634 1982 1743 2022 patris
1765 1985 1833 2014 erat
1854 1992 1950 2022 quum
1972 1984 2140 2013 occurreret
2155 1980 2302 2013 Abrahae

1328 2024 1537 2056 Melchisedec.

1412 2110 1441 2141 4.
1468 2109 1663 2142 Considerate
1692 2113 1803 2142 autem.
1848 2109 1972 2149 Quarta
2004 2110 2125 2142 notatio
2156 2109 2190 2139 in
2218 2118 2300 2139 com-

1329 2154 1495 2193 paratione
1518 2153 1644 2185 Christi
1667 2158 1700 2184 et
1724 2152 1950 2192 Melchisedec,
1980 2153 2064 2193 quod
2087 2151 2134 2183 illi
2158 2151 2299 2182 decimas

1329 2196 1482 2227 obtulerit
1502 2196 1681 2228 Abraham.
1718 2196 1820 2228 Porro
1844 2207 1942 2236 quum
1966 2195 2111 2236 pluribus
2134 2193 2172 2225 de
2195 2194 2300 2226 causis

1329 2238 1496 2271 institutae
1518 2239 1640 2270 tuerint
1664 2239 1816 2278 decimae,
1847 2239 1900 2271 hic
1923 2249 1993 2269 eam
2017 2238 2176 2268 duntaxat
2200 2237 2300 2277 respi-

1330 2282 1371 2312 cit
1387 2282 1550 2322 apostolus
1573 2292 1655 2322 quae
1677 2282 1839 2322 praesenti
1861 2291 1978 2313 causae
2000 2281 2110 2311 servit.
2149 2279 2222 2311 Una
2245 2279 2301 2310 illa

1330 2334 1425 2356 causa
1449 2326 1508 2356 fuit
1531 2335 1588 2356 cur
1611 2325 1753 2356 decimae
1776 2324 1979 2356 solverentur
2001 2322 2137 2359 Levitis,
2169 2323 2244 2363 quia
2268 2327 2301 2353 et

1330 2367 1391 2406 ipsi
1415 2368 1474 2398 filii
1496 2368 1649 2399 Abrahae
1671 2373 1772 2404 erant,
1796 2367 1888 2399 cuius
1911 2366 2026 2396 semini
2051 2365 2208 2405 promissa
2230 2369 2300 2396 erat

1331 2416 1426 2441 terra.
1474 2411 1561 2451 Ergo
1594 2411 1665 2441 iure
1698 2409 1924 2447 haereditario,
1957 2414 2063 2439 terrae
2095 2409 2202 2448 portio
2235 2407 2300 2438 illis

1331 2453 1538 2484 attribuenda
1569 2459 1648 2484 erat.
1699 2452 1860 2491 Quoniam
1893 2451 2095 2491 possessione
2119 2452 2301 2490 privantur,

1331 2496 1367 2525 fit
1388 2498 1420 2526 in
1445 2496 1575 2528 decimis
1598 2496 1824 2536 compensatio.
1869 2494 1984 2525 Altera
2006 2494 2103 2525 etiam
2128 2493 2208 2524 haec
2230 2496 2301 2524 erat

1331 2548 1434 2577 causa,
1461 2539 1543 2579 quod
1568 2548 1666 2578 quum
1690 2539 1723 2568 in
1748 2537 1809 2568 Dei
1831 2536 1921 2568 cultu
1944 2541 1977 2567 et
1999 2536 2126 2576 publico
2148 2536 2301 2567 ecclesiae

1332 2582 1510 2613 ministerio
1526 2589 1767 2621 occuparentur,
1791 2589 1929 2620 aequum
1946 2580 2006 2610 fuit
2028 2580 2114 2620 ipsos
2137 2577 2300 2611 communi

1332 2625 1442 2663 populi
1464 2631 1594 2664 sumptu
1618 2624 1669 2655 ali.
1707 2623 1857 2654 Decimas
1881 2633 1958 2662 ergo
1981 2622 2046 2653 illis
2067 2622 2182 2662 reliqui
2197 2621 2299 2653 Israe'-

1307 2687 1309 2691 ι
1333 2666 1407 2698 litae
1423 2667 1590 2706 debebant,
1608 2671 1760 2706 tanquam
1778 2666 1862 2697 iusta
1878 2665 2023 2696 muneris
2038 2664 2207 2705 stipendia.
2232 2661 2298 2694 Sed
