2513 3126
121 190 182 222 401

123 283 322 324 quorundam
339 282 570 315 observantiae.
609 279 743 320 Regia
766 278 832 310 lex
853 278 940 320 (meo
957 277 1089 319 iudicio)

125 327 243 358 dicitur
265 330 300 358 ut
323 325 376 357 via
398 325 500 366 regia:
530 324 625 364 plana
646 321 778 361 scilicet,
809 326 896 353 recta
918 325 950 353 et
971 331 1088 361 aequa-

124 368 214 400 bilis:
238 378 320 409 quae
343 367 481 399 sinuosis
505 364 703 398 diverticulis
720 363 769 395 vel
788 363 976 404 ambagibus
993 364 1088 395 tacite

126 411 307 452 opponitur.
354 410 502 443 Secundo
523 408 602 446 loco,
625 416 724 447 quum
748 416 801 437 eos
825 406 901 438 dicit
928 406 1087 438 redar-

126 454 204 495 gui
228 464 246 485 a
269 453 370 494 lege
393 453 446 492 qui
469 459 621 492 personas
643 449 814 490 accipiunt,
836 449 889 480 lex
908 449 940 480 in
961 448 1089 490 proprio

125 496 364 537 significatione
399 494 532 534 capitur.
589 491 672 523 Nam
709 501 808 532 quum
843 491 904 523 Dei
938 492 1089 523 mandata

127 540 295 571 iubeamur
332 537 498 568 universos
537 534 690 566 mortales
726 534 895 574 amplecti:
936 534 1089 575 quisquis,

127 581 240 622 paucis
258 579 406 619 exceptis,
428 577 507 609 alios
526 586 637 608 omnes
652 576 764 614 reiicit,
787 581 820 608 et
834 577 963 608 interim
980 576 1088 608 melio-

127 623 218 655 ribus
247 621 385 664 praefert
412 619 553 651 maxime
576 619 738 660 indignos,
769 629 867 659 quum
891 619 954 651 Dei
977 620 1088 651 vincu-

127 666 194 698 lum
221 665 396 703 abrumpat,
425 672 491 693 non
513 661 619 693 minus
642 672 737 702 quam
761 662 906 693 ordinem
930 662 1088 693 invertat:

125 708 240 740 merito
262 704 422 738 vocandus
444 708 494 736 est
516 704 596 745 legis
619 708 848 745 transgressor.

212 749 259 781 10.
296 747 446 788 Quisquis
475 747 557 778 enim
585 749 678 779 totam
705 747 807 788 legem.
861 747 932 779 Hoc
962 751 1087 778 tantum

125 793 185 824 sibi
208 791 287 831 vult,
316 790 423 821 Deum
454 789 539 821 nolle
568 800 641 821 cum
671 791 860 830 exceptione
883 789 954 826 coli,
983 799 1088 829 neque

123 836 169 867 ita
190 833 302 875 partiri
325 832 501 870 nobiscum,
530 837 565 863 ut
588 832 680 864 nobis
702 832 805 869 liceat,
829 832 856 864 si
879 832 956 873 quid
978 832 1087 864 minus

124 875 308 914 adlubescit,
338 885 378 906 ex
408 875 476 907 eius
499 875 571 915 lege
594 884 747 907 resecare.
794 875 886 906 Dura
909 875 1011 915 primo
1034 875 1089 905 ad-

123 922 233 960 spectu
273 917 352 950 haec
387 918 549 949 sententia
587 917 714 949 videtur
750 917 960 958 quibusdam:
999 917 1089 958 quasi

124 961 303 995 Stoicorum
322 960 493 1001 paradoxo,
517 964 649 1001 peccata
663 961 772 992 omnia
788 960 933 1001 aequalia
949 960 1087 998 facienti,

120 1003 349 1036 subscriberet:
373 1012 409 1034 ac
432 1013 591 1044 peraeque
614 1003 812 1043 puniendum
831 1014 902 1035 esse
920 1007 1085 1040 assereret,

119 1046 175 1088 qui
204 1055 271 1077 una
301 1049 427 1077 tantum
451 1046 486 1077 in
509 1056 544 1077 re
567 1045 712 1086 deliquit,
740 1055 777 1077 ac
800 1046 826 1077 si
849 1049 917 1077 tota
939 1046 1008 1077 vita
1031 1055 1085 1077 ne-

119 1098 217 1130 quam
244 1093 277 1120 et
298 1088 473 1120 sceleratus
495 1088 617 1119 fuisset.
663 1087 729 1120 Sed
752 1088 835 1120 nihil
858 1088 922 1120 tale
945 1088 1087 1128 apostolo

119 1132 154 1163 in
185 1134 328 1163 mentem
358 1131 502 1168 venisse,
537 1141 578 1162 ex
607 1134 761 1162 contextu
791 1131 902 1171 liquet.
951 1131 1088 1171 Semper

119 1175 208 1206 enim
231 1184 289 1206 cur
307 1173 450 1214 quidque
467 1173 599 1211 dicatur,
623 1173 803 1205 notandum
819 1179 878 1205 est.
916 1174 1087 1205 Proximos

119 1219 218 1258 negat
252 1216 357 1257 diligi,
390 1226 487 1256 quum
517 1227 593 1257 pars
622 1221 750 1248 tantum
782 1216 892 1256 aliqua
921 1216 1087 1248 ambitiose

119 1259 262 1301 eligitur,
292 1259 362 1291 aliis
390 1258 554 1300 neglectis.
599 1259 670 1291 Hoc
700 1258 824 1299 probat,
854 1259 930 1298 quia
955 1268 1022 1290 non
1045 1259 1088 1290 sit

119 1313 198 1344 erga
220 1302 327 1334 Deum
349 1301 542 1339 obedientia,
570 1302 624 1334 ubi
647 1312 711 1333 non
735 1306 784 1332 est
806 1301 974 1342 aequabile
995 1301 1085 1333 obse-

118 1344 239 1385 quendi
279 1344 422 1376 studium
464 1344 549 1385 quod
589 1345 650 1376 Dei
689 1344 842 1376 mandato
884 1344 1085 1385 respondeat.

119 1388 209 1429 Ergo
241 1387 335 1419 sicuti
357 1387 496 1428 simplex
519 1398 556 1419 ac
578 1388 706 1428 integra
729 1391 777 1419 est
800 1387 862 1418 Dei
885 1387 1013 1428 regula:
1043 1387 1087 1418 ita

119 1440 178 1462 nos
201 1430 420 1471 integritatem
443 1430 559 1462 afferre
582 1430 745 1467 convenit,
771 1440 813 1460 ne
835 1430 906 1470 quis
929 1434 1086 1468 nostrum,

118 1483 200 1513 quae
229 1473 399 1514 coniungit
420 1472 485 1511 ille,
517 1483 686 1513 perperam
710 1476 848 1513 separet.
892 1472 989 1504 Adsit
1010 1483 1086 1514 ergo

119 1515 339 1556 aequabilitas,
362 1515 390 1547 si
413 1515 550 1547 velimus
575 1516 634 1546 rite
657 1515 786 1547 obedire
809 1515 890 1547 Deo.
936 1515 1086 1556 Exempli

118 1558 232 1599 gratia,
255 1557 293 1589 Si
316 1557 388 1598 quis
410 1558 509 1589 iudex
532 1558 641 1590 decem
664 1558 750 1589 furta
768 1558 893 1598 puniat,
915 1568 1017 1589 unum
1036 1569 1085 1589 re-

117 1601 246 1641 linquat
268 1600 481 1641 impunitum:
505 1601 582 1631 hinc
604 1600 712 1641 prodit
734 1599 898 1641 obliquam
917 1601 1017 1632 animi
1036 1601 1085 1632 sui

117 1644 323 1684 pravitatem,
350 1642 434 1684 quod
457 1643 639 1674 hominibus
662 1643 767 1684 magis
789 1653 888 1683 quam
911 1643 1086 1675 sceleribus

118 1686 266 1718 infensus
298 1686 402 1717 fuerit.
453 1686 539 1717 Nam
569 1686 653 1726 quod
683 1686 717 1717 in
747 1685 849 1717 altero
880 1686 1022 1724 damnat,
1052 1687 1085 1718 in

118 1728 220 1760 altero
253 1728 402 1760 absolvit.
452 1729 612 1760 Tenemus
645 1738 733 1760 nunc
763 1728 871 1760 Iacobi
900 1729 1085 1761 consilium:

118 1781 250 1811 nempe,
287 1771 317 1803 si
353 1781 393 1802 ex
430 1771 500 1812 lege
533 1770 597 1802 Dei
634 1770 847 1802 rescindimus
880 1772 963 1812 quod
996 1771 1087 1804 nobis

117 1814 225 1845 minus
247 1814 308 1845 erit
331 1815 550 1846 commodum:
574 1813 700 1845 etiamsi
722 1815 756 1845 in
775 1814 847 1845 aliis
863 1815 1011 1854 partibus
1026 1824 1085 1846 nos

118 1855 330 1897 praebeamus
367 1857 591 1897 obsequentes,
631 1866 690 1888 nos
723 1857 793 1887 fieri
826 1857 971 1888 omnium
1005 1868 1086 1896 reos,

117 1899 194 1939 quia
222 1901 323 1931 totam
354 1899 457 1940 legem
481 1899 641 1930 violamus
663 1899 695 1930 in
719 1909 785 1931 uno
807 1900 921 1939 capite.
967 1900 1086 1939 Quam-

117 1951 216 1982 quam
245 1947 353 1973 autem
382 1941 443 1973 hoc
472 1942 592 1974 dictum
626 1941 665 1972 ad
689 1943 867 1982 praesentis
890 1952 1005 1974 causae
1028 1943 1087 1975 cir-

118 1984 347 2016 cumstantiam
376 1984 606 2017 accommodat:
636 1989 802 2025 sumptum
831 1990 880 2017 est
909 1989 1017 2017 tamen
1045 1996 1086 2017 ex

117 2027 265 2068 generali
305 2027 478 2068 principio,
519 2027 606 2068 quod
644 2026 735 2059 Deus
771 2027 916 2069 regulam
954 2028 1085 2060 vivendi

117 2069 211 2101 nobis
234 2070 489 2110 praescripserit,
517 2080 611 2110 quam
634 2080 653 2101 a
676 2070 769 2101 nobis
791 2070 925 2102 lacerari
948 2071 996 2102 fas
1020 2081 1084 2103 non

117 2118 177 2144 est.
215 2112 328 2153 Neque
351 2113 436 2144 enim
460 2113 499 2144 de
521 2113 631 2153 aliqua
654 2113 734 2153 legis
757 2119 848 2152 parte
871 2113 932 2145 hoc
954 2114 1085 2146 dicitur:

117 2155 207 2187 Haec
237 2161 286 2186 est
309 2156 378 2186 via:
409 2155 573 2187 ambulate
596 2156 629 2186 in
653 2165 706 2187 ea:
737 2165 795 2187 nec
817 2155 997 2188 mercedem
1021 2156 1084 2194 lex,

117 2198 179 2229 nisi
208 2198 384 2229 universali
408 2198 608 2230 obedientiae
631 2198 800 2238 promittit.
845 2197 952 2230 Stulte
974 2200 1084 2240 itaque

117 2239 318 2279 Scholastici,
347 2240 402 2281 qui
433 2241 602 2280 partialem
625 2241 675 2281 (ut
698 2240 826 2281 vocant)
848 2242 1004 2273 iustitiam
1027 2253 1085 2282 pro

116 2283 282 2314 meritoria
304 2288 467 2323 reputant.
504 2284 607 2324 Atqui
629 2289 695 2315 tam
721 2284 772 2315 hic
795 2283 885 2315 locus
907 2294 1002 2325 quam
1028 2285 1083 2316 alii

117 2326 306 2366 complures,
335 2326 421 2357 clare
444 2325 667 2358 demonstrant
689 2326 812 2357 nullam
837 2336 906 2358 esse
928 2327 1083 2359 iustitiam

117 2368 177 2399 nisi
200 2369 234 2400 in
256 2369 397 2409 perfecta
419 2369 500 2409 legis
521 2368 756 2401 observatione.

204 2411 252 2442 11.
284 2411 370 2443 Nam
398 2412 454 2451 qui
483 2412 572 2443 dixit.
626 2412 778 2443 Probatio
808 2411 983 2452 superioris
1010 2422 1082 2444 senÎ‡

118 2453 254 2484 tentiae:
293 2454 368 2493 quia
404 2454 656 2486 considerandus
693 2455 734 2486 sit
767 2454 873 2495 potius
917 2454 1085 2495 legislator

121 2505 218 2535 quam
241 2495 370 2537 singula
392 2507 535 2528 seorsum
552 2503 730 2537 praecepta.
768 2497 899 2529 Iustitia.
915 2496 977 2528 Dei
993 2498 1084 2538 quasi

121 2537 324 2569 individuum
347 2549 462 2579 corpus
489 2539 559 2580 lege
592 2541 784 2571 continetur.
830 2539 986 2580 Quisquis
1008 2551 1086 2581 ergo

120 2584 220 2620 caput
235 2590 336 2612 unum
352 2581 433 2621 legis
449 2582 696 2623 transgreditur,
720 2582 782 2614 Dei
800 2583 967 2620 iustitiam,
987 2593 1086 2623 quan-

121 2629 190 2654 tum
214 2623 249 2654 in
269 2633 303 2654 se
324 2628 382 2660 eet,
410 2623 589 2655 labefactat.
634 2625 759 2656 Deinde
782 2630 818 2656 ut
841 2626 873 2656 in
897 2635 961 2656 una
984 2630 1084 2665 parte,

221 2681 331 2708 Uolsini
347 2689 438 2715 opera.
468 2682 524 2709 Vol.
542 2682 604 2710 LV.

1013 184 1162 216 CAPUT
1186 184 1226 216 II.

2048 187 2112 220 402

1142 278 1187 309 ita
1221 279 1252 310 in
1283 278 1419 320 singulis
1446 278 1659 311 obedientiam
1692 282 1836 311 nostram
1866 280 2008 320 experiri
2038 280 2111 312 vult

1143 321 1244 353 Deus.
1281 321 1391 361 Quare
1415 325 1636 362 transgressor
1659 326 1708 353 est
1731 322 1811 363 legis
1829 322 1976 363 quisquis
1992 322 2028 354 in
2043 323 2109 354 ullo

1142 364 1295 395 mandato
1326 363 1475 395 offendit:
1506 364 1685 396 secundum
1709 364 1806 397 illud:
1837 365 2031 397 Maledictus
2053 366 2109 406 qui

1141 416 1204 437 non
1242 406 1422 446 impleverit
1458 407 1566 438 omnia
1598 406 1711 448 (Dent.
1746 407 1798 447 27,
1830 407 1895 449 26).
1951 407 2110 440 Videmus

1141 458 1245 488 porro,
1268 454 1303 480 ut
1326 454 1545 490 transgressor
1568 449 1657 490 legis,
1688 453 1721 481 et
1748 451 1892 481 omnium
1917 460 1999 487 reus,
2022 450 2109 482 idem

1142 491 1258 523 Iacobo
1281 491 1474 532 significent.

1230 576 1278 607 12.
1312 576 1364 608 Sic
1392 576 1572 616 loquimini,
1606 579 1632 608 el
1661 576 1707 608 sic
1733 576 1840 616 facile,
1869 580 1903 608 ut
1928 588 1987 618 per
2014 578 2110 619 leyem

1141 617 1291 651 libertatis
1321 619 1494 650 iudicandi.
1540 619 1590 651 13.
1614 619 1774 651 Iudicium
1796 619 1877 651 enim
1899 620 1966 652 sine
1987 621 2108 653 miseri-

1140 661 1247 693 cordia
1263 662 1293 693 ei
1307 662 1362 701 qui
1383 671 1446 693 non
1461 663 1654 701 praestiterit
1670 662 1931 695 misericordiam.-
1952 665 1979 694 ÏƒÎµ
1994 664 2107 704 ylaria-

1140 706 1193 735 á½·Î±Î½
1213 704 1431 737 misericordia
1452 705 1603 737 adversus
1623 705 1786 737 iudicium.

1231 788 1280 820 12.
1313 788 1367 820 Sic
1396 789 1568 829 loquimini.
1613 789 1698 828 Quia
1726 790 1862 822 nimium
1883 791 1943 823 sibi
1968 790 2108 823 blandie-

1142 831 1271 870 bantur,
1300 835 1430 862 revocat
1460 841 1514 863 eos
1545 831 1586 863 ad
1616 832 1797 873 legitimum
1827 833 1979 866 tribunal.
2025 833 2109 865 Nam

1141 874 1213 905 ideo
1241 885 1275 906 se
1306 873 1480 905 absolvunt
1510 874 1657 906 homines
1687 885 1745 906 sua
1773 876 1939 916 opinione,
1969 876 2043 917 quia
2073 887 2108 908 se

1142 916 1272 948 divinae
1302 917 1383 957 legis
1410 916 1528 948 iudicio
1558 917 1762 948 subtrahunt.
1809 919 1969 950 Admonet
1999 919 2108 960 igitur,

1141 959 1217 991 illuc
1238 958 1323 991 facta
1345 959 1454 990 omnia
1476 964 1508 990 et
1531 958 1617 990 dicta
1639 960 1799 1000 exigenda
1821 971 1900 999 esse,
1922 961 1999 1002 quia
2017 961 2108 993 Deus

1141 1012 1182 1033 ex
1213 1001 1282 1042 lege
1310 1011 1370 1033 sua
1393 1001 1593 1033 iudicaturus
1615 1002 1658 1033 sit
1680 1003 1846 1034 mundum.
1892 1003 1977 1043 Quia
1999 1008 2107 1036 tamen

1140 1044 1347 1077 immodicum
1377 1049 1534 1076 terrorem
1564 1045 1708 1076 incutere
1738 1050 1862 1085 poterat
1887 1047 1960 1078 talis
1983 1046 2108 1078 denun-

1141 1088 1248 1128 tiatio,
1281 1087 1414 1128 corrigit
1443 1087 1495 1119 vel
1529 1087 1657 1128 mitigat
1691 1087 1841 1119 duritiem
1875 1098 1975 1129 quum
2008 1088 2108 1126 addit,

1141 1130 1287 1171 legem
1316 1130 1579 1162 libertatis.
1632 1129 1793 1162 Audimus
1816 1132 1899 1162 enim
1924 1132 1999 1172 quid
2023 1131 2109 1163 dicat

1141 1173 1261 1204 Paulus
1285 1172 1408 1214 (Galat.
1431 1172 1461 1212 3,
1490 1172 1561 1214 10):
1591 1171 1786 1213 Quicunque
1808 1174 1931 1206 scilicet
1953 1174 2013 1206 sub
2036 1174 2108 1215 lege

1141 1219 1229 1256 sunt,
1258 1215 1476 1248 maledictioni
1507 1225 1576 1247 esse
1604 1216 1770 1247 obnoxios.
1816 1216 1926 1255 Quare
1954 1217 2107 1249 iudicium

1141 1258 1223 1299 legis
1253 1269 1309 1299 per
1338 1268 1372 1289 se
1402 1264 1510 1289 reatus
1540 1258 1602 1289 erit
1631 1259 1745 1290 mortis
1773 1266 1931 1291 aeternae.
1982 1259 2108 1291 Verum

1140 1302 1271 1332 nomine
1301 1301 1578 1341 libertatis,
1608 1310 1627 1331 a
1655 1301 1736 1342 legis
1764 1301 1868 1342 rigore
1898 1311 1957 1334 nos
1980 1301 2108 1333 liberari

1140 1344 1312 1384 significat.
1358 1344 1421 1375 Hic
1451 1354 1564 1376 sensus
1594 1353 1657 1375 non
1686 1344 1770 1375 male
1792 1343 1938 1384 quadrat.
1983 1344 2107 1384 Quam-

1140 1396 1238 1427 quam
1265 1387 1291 1418 si
1315 1387 1387 1427 quis
1408 1387 1541 1427 propius
1563 1386 1725 1426 expendat
1747 1387 1832 1426 quod
1855 1397 1931 1418 mox
1953 1387 2106 1427 sequitur,

1140 1428 1270 1460 videtur
1285 1428 1421 1461 Iacobus
1444 1429 1531 1461 aliud
1554 1429 1705 1469 quiddam
1725 1429 1826 1461 velle:
1849 1439 1886 1461 ac
1908 1430 1936 1461 si
1955 1430 2108 1461 dixisset:

1139 1471 1211 1504 Nisi
1241 1471 1322 1513 legis
1354 1473 1494 1513 rigorem
1516 1472 1625 1503 subire
1650 1472 1755 1511 vultis,
1785 1482 1827 1503 ne
1850 1473 1921 1504 sitis
1941 1473 1976 1503 in
1999 1473 2106 1512 proxiÎ‡

1139 1525 1209 1547 mos
1239 1515 1336 1546 nimis
1367 1514 1472 1555 rigidi.
1516 1514 1589 1546 Lex
1621 1515 1707 1546 enim
1730 1514 1891 1546 libertatis
1913 1515 2104 1546 tantundem

1139 1558 1227 1589 valet
1249 1563 1343 1598 atque
1368 1558 1428 1588 Dei
1456 1557 1636 1597 clementia,
1667 1568 1748 1598 quae
1777 1567 1835 1589 nos
1863 1568 1881 1589 a
1904 1557 1985 1598 legis
2008 1557 2106 1589 male-

1139 1600 1279 1632 dictione
1319 1600 1444 1632 liberat.
1502 1602 1609 1640 Atque
1649 1601 1694 1631 ita
1733 1610 1796 1631 uno
1833 1604 1989 1632 contextu
2026 1600 2105 1632 haec

1137 1643 1277 1684 legenda
1310 1648 1406 1674 erunt
1438 1652 1512 1674 cum
1543 1642 1765 1683 sequentibus,
1801 1643 1857 1674 ubi
1886 1643 1926 1674 de
1956 1643 2105 1675 iuvandis

1138 1685 1332 1727 pauperibus
1355 1685 1499 1717 disseret.

1225 1728 1275 1760 13.
1305 1728 1466 1760 Iudicium
1497 1728 1588 1760 enim.
1644 1727 1824 1768 Applicatio
1858 1733 1907 1760 est
1939 1729 2105 1769 proximae

1137 1772 1316 1803 sententiae
1346 1771 1385 1802 ad
1417 1781 1569 1811 praesens
1591 1771 1793 1802 institutum:
1824 1772 1850 1802 si
1874 1771 1969 1803 modo
1991 1782 2105 1803 secun-

1140 1813 1223 1852 dam,
1247 1824 1344 1854 quam
1369 1814 1473 1853 attuli,
1496 1814 1731 1852 expositionem
1754 1814 1847 1854 sequi
1869 1814 1956 1846 libet.
2002 1814 2105 1846 Docet

1137 1857 1234 1893 enim,
1265 1856 1416 1898 quoniam
1444 1856 1513 1888 sola
1534 1856 1597 1887 Dei
1628 1856 1847 1888 misericordia
1869 1861 2004 1894 stamus,
2033 1867 2104 1888 eam

1138 1898 1254 1932 debere
1279 1909 1338 1931 nos
1360 1902 1525 1939 praestare
1555 1899 1611 1936 eis,
1635 1909 1714 1939 quos
1736 1898 1899 1931 Dominus
1921 1900 1991 1940 ipse
2013 1899 2105 1931 nobis

1137 1942 1350 1974 commendat.
1395 1942 1485 1973 Haec
1507 1951 1583 1973 vero
1615 1941 1790 1982 singularis
1818 1947 1868 1973 est
1895 1942 2105 1974 humanitatis

1137 1989 1169 2016 et
1203 1985 1432 2017 beneficentiae
1466 1984 1715 2021 commendatio,
1754 1984 1838 2025 quod
1872 1985 1979 2016 Deum
2013 1985 2104 2016 nobis

1138 2028 1206 2058 fore
1229 2027 1467 2060 misericordem
1490 2027 1661 2068 pollicetur
1684 2028 1709 2057 si
1733 2027 1887 2059 fratribus
1910 2027 1991 2058 tales
2010 2028 2103 2059 fueri-

1137 2081 1220 2102 mus.
1276 2071 1347 2102 Non
1383 2069 1467 2110 quod
1501 2069 1564 2101 Dei
1597 2070 1850 2101 misericordiam
1883 2075 2105 2110 promereatur

1138 2113 1218 2145 haec
1240 2119 1350 2145 nostra
1372 2113 1604 2153 qualiscunque
1623 2122 1685 2153 qua
1704 2113 1927 2153 prosequimur
1943 2112 2103 2144 homines:

1137 2155 1192 2188 sed
1224 2166 1304 2197 quos
1328 2156 1417 2187 Deus
1448 2155 1622 2195 adoptavit,
1652 2160 1687 2186 ut
1717 2155 1783 2186 illis
1804 2156 1847 2187 sit
1869 2155 2043 2196 indulgens
2067 2165 2103 2186 ac

1137 2198 1240 2231 facilis
1277 2203 1383 2239 pater,
1421 2208 1474 2229 eos
1507 2197 1579 2229 vult
1615 2198 1789 2238 imaginem
1826 2208 1916 2230 suam
1950 2199 1983 2228 in
2017 2204 2103 2229 terra

1136 2246 1264 2283 gestare
1279 2252 1315 2273 ac
1332 2241 1466 2272 referre:
1488 2241 1581 2272 iuxta
1595 2240 1676 2272 illud
1692 2241 1830 2272 Christi:
1849 2241 1963 2272 Estote
1979 2240 2102 2271 miseri-

1135 2284 1256 2322 cordes,
1286 2285 1369 2315 sicut
1394 2288 1486 2324 pater
1508 2288 1613 2315 vester
1635 2283 1791 2323 coelestis,
1813 2288 1871 2315 etc.
1917 2282 2102 2314 Notandum

1135 2338 1175 2358 ex
1207 2327 1351 2364 adverso,
1383 2325 1467 2366 quod
1496 2326 1579 2357 nihil
1607 2326 1718 2357 durius
1748 2331 1804 2357 aut
1833 2326 1937 2366 magis
1967 2326 2101 2357 horren-

1135 2369 1213 2401 dum
1238 2370 1298 2401 Dei
1322 2368 1438 2401 iudicio
1460 2373 1565 2409 potest
1588 2368 1791 2400 denuntiare.
1836 2368 1931 2400 Unde
1954 2368 2101 2409 sequitur

1135 2413 1305 2453 plusquam
1340 2412 1473 2443 miseros
1505 2421 1575 2443 esse
1608 2421 1644 2443 ac
1674 2410 1816 2451 perditos
1845 2411 2030 2451 quicunque
2060 2410 2100 2441 ad

1136 2457 1250 2487 veniae
1273 2455 1399 2495 asylum
1423 2465 1487 2485 non
1510 2454 1711 2494 confugiunt.

1222 2497 1265 2528 Et
1297 2497 1462 2538 â¸qloriatur.
1519 2498 1567 2528 Ac
1603 2497 1630 2527 si
1667 2496 1805 2527 diceret:
1842 2495 1920 2527 Sola
1956 2499 2005 2527 est
2039 2495 2101 2527 Dei

1137 2540 1353 2572 misericordia
1385 2549 1469 2579 quae
1496 2549 1555 2570 nos
1584 2549 1604 2570 a
1633 2538 1741 2570 iudicii
1772 2538 1944 2570 formidine
1974 2538 2100 2570 liberat.

1137 2584 1169 2615 G
1183 2584 1192 2614 l
1205 2593 1223 2614 0
1236 2583 1304 2614 ria
1316 2584 1352 2613 ri
1375 2582 1461 2613 enim
1479 2582 1610 2622 accepit,
1633 2591 1692 2621 pro
1707 2581 1872 2612 victricem
1890 2586 1945 2612 aut
1960 2582 2101 2621 superio-

1137 2636 1204 2658 rem
1235 2635 1312 2656 esse.
1359 2624 1517 2656 Iudicium
1544 2625 1630 2655 enim
1657 2624 1874 2655 damnationis
1901 2624 1959 2655 toti
1981 2623 2103 2655 mundo

1851 2682 1884 2708 26
