2513 3126
115 189 175 221 361

117 286 209 323 vidit,
240 296 300 318 nec
330 286 417 318 auris
447 285 582 325 audivit,
612 294 670 315 nec
692 293 807 314 sensus
831 283 981 323 percepit,
1005 294 1087 323 quae

118 328 327 370 diligentibus
364 329 468 359 Deum
503 326 641 367 reposita
675 325 717 356 sit
750 335 887 357 merces:
920 325 974 357 sed
999 326 1088 357 solus

117 373 252 412 spiritus
285 371 323 402 ad
347 380 502 403 arcanum
529 368 607 400 illud
632 368 789 408 pervenit.
839 367 965 400 Deinde
987 379 1086 408 quum

118 415 212 446 datus
235 414 277 445 sit
300 414 391 445 nobis
415 413 565 445 Christus
588 411 621 441 in
644 411 942 449 sanctificationem,
965 416 998 442 et
1021 412 1087 451 spi·

118 458 216 488 ritum
249 455 505 497 regenerationis
535 463 643 485 secum
675 453 771 484 simul
795 453 927 485 afferat:
950 453 1087 494 denique

117 509 217 540 quum
252 510 311 530 nos
344 500 465 530 inserat
498 497 531 527 in
566 506 682 536 corpus
715 506 826 527 suum:
857 496 936 528 haec
959 506 1086 537 quoque

117 542 219 574 altera
242 542 322 573 ratio
345 545 403 576 est,
426 548 482 570 cur
505 538 601 570 fidem
626 538 745 570 habere
768 549 864 570 nemo
881 540 989 580 possit,
1007 539 1085 580 quin

117 586 159 617 sit
182 595 221 616 ex
243 583 313 615 Deo
335 582 474 623 genitus.

202 626 320 667 Diligit
339 635 408 656 eum
430 624 485 664 qui
505 624 630 665 yenitus
651 626 703 655 est.
750 624 953 664 Augustinus
977 629 1008 656 et
1030 624 1085 655 alii

118 670 248 711 quidam
277 674 423 700 veterum
453 667 493 698 ad
516 666 684 698 Christum
716 666 776 697 hoc
807 672 994 699 traxerunt:
1029 667 1084 699 sed

117 713 208 744 falso.
259 711 342 742 Nam
376 708 435 740 sub
469 719 604 740 numero
637 709 794 750 singulari
830 719 942 741 omnes
975 710 1086 742 fideles

117 753 280 796 apostolus
314 752 478 793 designat:
517 757 550 783 et
583 757 755 783 contextus
789 759 901 793 aperte
934 753 1086 792 ostendit,

117 808 183 830 non
212 796 299 828 aliud
331 805 400 826 esse
423 795 470 826 illi
499 794 678 832 consilium,
712 795 772 826 nisi
807 800 842 826 ut
871 801 1021 827 mutuum
1051 796 1085 827 in

116 841 231 872 fratres
253 848 392 869 amorem
417 848 456 868 ex
481 837 553 874 fide,
583 842 737 877 tanquam
761 847 801 868 ex
825 838 924 876 fonte,
951 838 1084 870 derivet.

116 883 176 914 Est
209 886 315 912 autem
345 886 574 921 argumentum
609 890 649 911 ex
680 881 843 911 communi
871 887 1006 912 naturae
1034 891 1084 912 or-

116 925 189 956 dine
213 928 396 964 sumptum:
419 923 473 954 sed
498 922 582 963 quod
601 922 635 953 in
661 922 846 954 hominibus
869 924 1021 961 cernitur,
1045 923 1085 954 ad

113 966 220 998 Deum
250 967 416 998 transfert.
461 965 649 997 Notandum
684 970 791 996 autem
825 971 873 998 est
903 966 1084 1008 apostolum

113 1019 178 1042 non
202 1008 273 1040 ideo
296 1008 335 1040 de
358 1008 434 1040 solis
462 1008 611 1039 fidelibus
634 1018 816 1039 sermonem
849 1008 967 1041 habere
994 1019 1085 1050 prae-

113 1052 219 1084 teritis
242 1052 418 1089 extraneis,
448 1051 530 1091 quod
554 1051 601 1082 illi
625 1051 685 1082 soli
709 1051 838 1082 amandi
862 1052 937 1091 sint,
968 1052 1084 1083 horum

113 1100 221 1127 autem
253 1094 342 1126 nulla
366 1094 513 1125 habenda
542 1094 584 1125 sit
615 1104 692 1125 cura
722 1094 775 1125 vel
806 1095 908 1126 ratio:
941 1094 997 1126 sed
1026 1105 1085 1126 nos

113 1138 174 1170 hoc
197 1138 286 1169 velut
305 1137 463 1178 tyrocinio
486 1135 526 1168 ad
548 1146 660 1167 omnes
676 1137 746 1168 sine
769 1138 958 1178 exceptione
974 1147 1084 1168 aman-

114 1181 170 1212 dos
194 1180 347 1217 instituit,
370 1190 468 1220 quum
492 1179 622 1210 initium
646 1179 750 1210 facere
773 1190 792 1211 a
816 1181 876 1220 piis
899 1181 998 1212 iubet.

197 1223 227 1255 2.
252 1222 293 1254 In
315 1222 368 1254 hoc
390 1222 606 1263 cognoscimus.
652 1222 714 1253 His
737 1222 846 1254 verbis
870 1223 1012 1255 breviter
1034 1233 1084 1254 os-

113 1266 219 1297 tendit
245 1276 404 1306 quaenam
439 1275 515 1296 vera
545 1266 586 1296 sit
616 1265 744 1304 caritas,
778 1276 897 1306 nempe
928 1276 1011 1306 quae
1044 1266 1084 1296 ad

112 1309 220 1341 Deum
257 1308 408 1340 refertur.
467 1307 636 1339 Hactenus
676 1307 784 1339 docuit
818 1319 977 1349 nusquam
1015 1318 1086 1340 esse

112 1362 224 1384 verum
245 1351 306 1383 Dei
322 1361 475 1387 amorem,
499 1351 561 1382 nisi
580 1361 680 1391 quum
705 1351 845 1390 proximi
862 1353 958 1382 etiam
976 1361 1084 1383 aman-

112 1399 176 1433 tur,
211 1394 287 1434 quia
317 1393 370 1425 hic
400 1399 578 1434 perpetuus
608 1394 650 1425 sit
680 1394 830 1425 effectus:
861 1405 948 1426 nunc
975 1400 1083 1425 autem

111 1437 214 1475 docet,
249 1441 336 1468 recte
360 1440 391 1468 et
414 1437 526 1468 ordine
550 1437 651 1468 amari
676 1436 835 1476 homines,
869 1447 969 1478 quum
994 1437 1084 1468 Deus

111 1480 236 1522 priores
258 1479 391 1511 obtinet.
427 1480 536 1519 Atque
554 1479 634 1511 haec
658 1479 804 1510 definitio
820 1480 1001 1511 necessaria
1017 1484 1083 1511 est:

112 1533 188 1554 nam
212 1532 307 1562 saepe
330 1523 366 1553 fit
388 1526 425 1553 ut
449 1522 597 1553 homines
620 1532 765 1553 amemus
788 1528 880 1554 extra
902 1523 1025 1554 Deum:
1049 1527 1084 1554 ut

110 1566 265 1607 profanae
298 1569 331 1596 et
359 1564 505 1596 carnales
539 1564 699 1597 amicitiae
728 1575 792 1596 non
823 1565 886 1597 alio
914 1576 1011 1606 quam
1043 1565 1083 1597 ad

110 1609 274 1649 privatum
300 1607 513 1646 commodum,
540 1607 591 1639 vel
615 1607 655 1638 ad
679 1607 759 1639 alios
780 1608 934 1640 evanidos
957 1618 1083 1648 respec—

110 1654 164 1683 tus
197 1650 343 1682 tendunt.
389 1649 479 1691 Ergo
513 1651 607 1682 sicuti
642 1651 731 1691 prius
761 1651 911 1683 effectum
940 1651 1083 1692 urgebat,

110 1694 158 1725 ita
181 1702 269 1725 nunc
292 1703 423 1725 eausam
447 1698 559 1734 urget:
583 1693 654 1725 vult
676 1693 761 1725 enim
785 1694 831 1725 sic
855 1699 1000 1725 mutuam
1025 1694 1084 1726 coli

111 1737 197 1768 inter
225 1746 284 1767 nos
317 1736 496 1774 caritatem,
530 1740 566 1767 ut
588 1735 678 1768 Deus
712 1737 923 1776 praeferatur.
968 1737 1084 1768 Amori

111 1779 173 1811 Dei
197 1779 363 1819 coniungit
393 1778 474 1819 legis
497 1779 765 1817 observationem,
795 1785 827 1810 et
851 1780 984 1811 merito:
1007 1790 1083 1811 nam

111 1831 211 1862 quum
235 1820 343 1852 Deum
367 1831 511 1853 amemus
538 1827 574 1853 ut
601 1827 724 1862 patrem
749 1827 781 1853 et
805 1822 983 1860 dominum,
1015 1823 1084 1854 fieri

111 1874 177 1896 non
201 1869 309 1904 potest
327 1865 406 1904 quin
424 1865 595 1896 coniuncta
610 1865 654 1896 sit
670 1865 855 1896 reverentia
873 1875 946 1897 cum
963 1875 1083 1898 amore.

111 1906 240 1938 Deinde
263 1917 326 1938 non
350 1910 456 1947 potest
479 1917 498 1938 a
516 1918 550 1939 se
573 1909 641 1948 ipso
658 1907 749 1938 Deus
771 1907 888 1939 avelli:
912 1918 1009 1948 quum
1025 1909 1083 1939 ita-

112 1960 175 1990 que
197 1950 267 1981 fons
289 1950 331 1981 sit
354 1951 459 1982 omnis
482 1950 625 1981 iustitiae
648 1955 679 1981 et
703 1951 916 1990 rectitudinis,
939 1951 992 1991 qui
1009 1961 1083 1982 eum

112 1997 208 2030 amat,
228 2002 358 2024 necesse
379 1999 428 2024 est
451 1998 486 2024 ut
508 1993 699 2034 compositos
718 1993 836 2025 habeat
858 2004 933 2025 suos
949 1994 1084 2026 affectus

110 2035 144 2066 in
167 2035 383 2066 obedientiam
411 2036 561 2068 iustitiae.
608 2035 678 2067 Non
703 2042 753 2068 est
774 2037 874 2077 igitur
897 2037 999 2068 otiosa
1034 2047 1083 2068 res

110 2088 202 2109 amor
229 2077 303 2109 Dei.
349 2078 471 2110 Verum
504 2089 545 2109 ex
575 2078 635 2110 hoc
666 2079 735 2110 loco
764 2079 862 2111 simul
892 2079 1083 2120 colligimus,

111 2131 269 2161 quaenam
304 2131 384 2152 vera
411 2122 454 2152 sit
484 2121 565 2162 legis
594 2122 791 2155 observatio:
826 2132 902 2153 nam
936 2123 963 2154 si
995 2128 1083 2154 metu

111 2167 238 2195 tantum
268 2164 369 2195 coacti
402 2163 473 2195 Deo
501 2165 708 2205 obsequimur
746 2165 779 2196 in
814 2165 985 2197 servandis
1015 2166 1084 2197 eius

111 2206 281 2243 mandatis,
312 2206 406 2248 longe
430 2207 587 2238 distamus
610 2218 628 2238 a
651 2218 728 2239 vera
757 2207 948 2240 obedientia.
994 2208 1083 2249 Ergo

111 2248 170 2281 hoc
194 2251 334 2290 primum
359 2256 415 2287 est,
443 2255 481 2281 ut
503 2251 601 2282 corda
623 2261 657 2281 se
682 2251 751 2282 Deo
774 2251 926 2282 addicant
948 2251 982 2282 in
1006 2251 1082 2282 libe-

112 2292 210 2322 ralem
242 2293 471 2324 reverentiam:
507 2293 623 2324 deinde
653 2294 721 2324 vita
751 2293 791 2325 ad
822 2293 903 2334 legis
935 2294 1082 2334 regulam

112 2334 278 2367 formetur.
313 2335 385 2367 Hoc
407 2335 468 2367 sibi
492 2336 564 2367 vult
581 2336 698 2373 Moses,
722 2346 824 2377 quum
847 2337 881 2367 in
901 2336 1084 2376 colligenda

111 2376 191 2417 legis
214 2387 340 2409 summa
363 2378 450 2418 dicit,
480 2378 591 2417 Israel,
622 2379 698 2419 quid
713 2380 805 2419 *petit
834 2379 891 2410 abs
915 2385 947 2410 te
970 2380 1083 2411 Domi-

112 2429 173 2450 nus
189 2419 279 2451 Deus
302 2426 385 2459 tuus,
409 2422 472 2453 nisi
494 2428 529 2453 ut
552 2422 656 2462 ipsum
682 2422 807 2463 diligas,
832 2427 864 2453 et
886 2422 916 2453 ei
931 2421 1083 2454 obedias?

111 2461 223 2502 (Deut.
242 2463 291 2499 10,
317 2463 377 2504 12).

198 2504 227 2535 3.
253 2504 420 2545 Praecepta
438 2506 505 2537 eius
526 2507 641 2547 yravia
655 2517 716 2539 non
731 2510 814 2539 sunt.
849 2507 920 2539 Hoc
936 2507 1082 2539 additum

113 2551 161 2578 est
188 2557 228 2578 ne
255 2547 429 2579 difficultas
456 2548 506 2588 (ut
535 2551 604 2580 fieri
635 2549 728 2592 solet)
759 2550 903 2581 studium
934 2557 1081 2582 nostrum

112 2589 243 2630 frangat
266 2590 316 2620 vel
340 2591 475 2621 minuat.
516 2591 599 2622 Nam
624 2593 677 2632 qui
701 2593 798 2624 alacri
822 2594 929 2624 animo
952 2604 1083 2633 magno·

113 2642 173 2672 que
204 2635 330 2665 fervore
353 2633 438 2672 piam
470 2639 679 2674 sanctamque
708 2636 808 2667 vitam
836 2636 1081 2677 aggrediuntur,

1008 187 1158 220 CAPUT
1181 190 1220 222 V.

2049 193 2111 223 362

1142 289 1251 323 postea
1275 286 1359 317 vires
1382 296 1456 316 suas
1481 287 1618 326 impares
1642 288 1777 326 experti,
1808 287 2008 327 pigrescunt:
2034 297 2110 327 ergo

1141 326 1314 366 Iohannes,
1344 332 1380 358 ut
1407 331 1542 359 conatus
1573 332 1698 360 nostros
1727 330 1846 367 incitet,
1876 329 2030 361 mandata
2055 330 2110 362 Dei

1141 370 1254 409 gravia
1277 381 1347 402 esse
1371 376 1477 410 negat.
1519 370 1641 402 Verum
1665 371 1757 402 obiici
1780 378 1891 403 contra
1916 377 2028 412 potest,
2052 383 2111 405 nos

1141 412 1235 452 longe
1269 413 1355 443 aliud
1390 414 1544 453 experiti:
1579 419 1612 445 et
1646 414 1806 453 scriptura
1840 416 1935 446 etiam
1972 419 2112 446 testatur

1141 455 1252 494 iugum
1287 455 1367 496 legis
1398 466 1467 487 esse
1497 457 1698 497 importabile
1728 455 1813 497 (Act.
1833 457 1880 495 15,
1906 457 1968 498 10).
2016 458 2111 489 Ratio

1141 507 1266 536 quoque
1290 498 1460 529 manifesta
1489 504 1554 530 est:
1582 509 1657 530 nam
1688 509 1785 539 quum
1810 500 1911 531 nostri
1939 501 2110 541 abnegatio

1140 540 1182 571 sit
1205 541 1298 579 quasi
1322 541 1500 572 servandae
1523 542 1604 582 legis
1627 542 1838 582 praeludium,
1870 553 1910 574 an
1936 543 2028 574 facile
2053 543 2109 575 ho-

1140 582 1219 613 mini
1250 593 1319 613 esse
1349 582 1500 622 dicemus,
1531 594 1564 615 se
1590 585 1694 624 ipsum
1726 586 1867 624 negare?
1912 585 1982 616 11110
2010 595 2108 626 quum

1140 624 1192 655 lex
1233 625 1410 665 spiritualis
1450 626 1493 657 sit
1533 627 1816 666 (quemadmodum
1855 627 1977 659 Paulus
2018 630 2112 660 docet

1141 668 1248 705 [Rom.
1267 667 1294 706 7,
1320 667 1397 709 14]),
1427 679 1484 699 nos
1507 675 1613 700 autem
1638 669 1721 700 nihil
1751 680 1847 710 quam
1878 679 1960 707 caro,
1994 671 2110 711 ingens

1140 712 1225 741 inter
1248 720 1306 742 nos
1330 714 1363 741 et
1379 711 1440 741 Dei
1464 711 1567 752 legem
1592 712 1761 743 dissidium
1784 723 1854 744 esse
1870 718 2008 753 oportet.
2030 714 2110 745 Res-

1140 752 1272 793 pondeo,
1296 753 1521 784 difficultatem
1550 754 1634 786 hanc
1662 756 1795 787 minime
1823 765 1892 788 esse
1922 766 1963 787 ex
1994 762 2111 787 natura

1140 795 1231 836 legis,
1255 795 1310 826 sed
1334 806 1375 827 ex
1399 797 1505 827 carnis
1528 800 1657 828 nostrae
1681 798 1768 829 vitio.
1803 797 1898 838 Quod
1914 799 2011 830 etiam
2028 799 2111 830 Pau-

1140 838 1190 869 lus
1212 838 1332 869 diserte
1355 838 1523 878 exprimit:
1551 841 1626 879 quia
1648 845 1817 880 postquam
1842 840 1933 880 dixit,
1963 842 2110 881 impossi-

1140 880 1204 912 bile
1233 880 1332 912 fuisse
1356 881 1419 921 legi
1449 882 1593 913 conferre
1621 883 1713 913 nobis
1736 884 1912 915 iustitiam:
1941 894 2018 915 mox
2041 884 2110 916 cul-

1140 933 1213 963 pam
1247 924 1281 954 in
1315 933 1446 955 carnem
1480 924 1592 956 reiicit.
1662 925 1753 957 Haec
1789 927 1906 958 solutio
1946 926 2041 958 Pauli
2078 930 2112 958 et

1140 965 1278 998 Davidis
1300 967 1486 1005 sententias,
1515 977 1597 1007 quae
1619 967 1651 998 iu
1680 968 1819 1008 speciem
1848 969 2002 1001 videntur
2027 969 2110 1001 mul-

1140 1014 1208 1040 tum
1234 1019 1389 1049 pugnare,
1415 1009 1536 1049 optime
1559 1010 1716 1042 conciliat.
1763 1011 1885 1043 Paulus
1907 1012 2012 1053 legem
2036 1012 2111 1044 facit

1139 1052 1252 1084 mortis
1275 1052 1456 1083 ministram
1480 1051 1522 1093 (2.
1542 1052 1652 1084 Corin.
1671 1053 1701 1092 3,
1726 1054 1769 1094 7),
1799 1054 1882 1085 nihil
1909 1065 2005 1095 quam
2028 1055 2111 1086 iram

1140 1094 1202 1125 Dei
1235 1095 1361 1134 operari
1398 1095 1603 1135 pronuntiat:
1637 1096 1745 1127 datam
1778 1106 1848 1128 esse
1878 1102 1914 1128 ut
1944 1102 2111 1138 peccatum

1139 1142 1290 1177 augeret:
1329 1138 1441 1169 vivere
1478 1142 1515 1169 ut
1552 1149 1610 1169 nos
1647 1139 1779 1171 occidat.
1841 1140 1949 1171 David
1987 1144 2111 1181 contra,

1138 1189 1270 1211 suavem
1288 1190 1365 1220 prae
1389 1179 1494 1218 melle,
1524 1183 1556 1212 et
1579 1191 1656 1221 prae
1679 1191 1758 1213 auro
1782 1182 2026 1214 desiderabilem
2049 1183 2111 1214 sibi

1139 1233 1208 1254 esse
1232 1223 1396 1263 praedicat
1411 1222 1513 1264 (Psal.
1532 1223 1582 1263 19,
1606 1224 1668 1265 11).
1703 1224 1796 1255 Inter
1818 1225 1881 1257 alia
1903 1226 1972 1257 eius
1995 1225 2110 1267 elogia,

1139 1265 1219 1297 haec
1252 1266 1359 1306 ponit,
1393 1265 1487 1305 Quod
1521 1266 1681 1298 exhilaret
1714 1268 1824 1306 corda,
1857 1268 1895 1299 ad
1932 1268 2109 1299 Dominum

1138 1313 1322 1349 convertat,
1364 1313 1395 1339 et
1434 1309 1585 1341 vivificet.
1643 1309 1707 1341 Sed
1742 1310 1865 1342 Paulus
1899 1311 2001 1352 legem
2035 1321 2109 1342 cum

1139 1351 1256 1382 vitiosa
1292 1351 1433 1383 hominis
1462 1356 1580 1383 natura
1610 1353 1748 1384 confert:
1789 1353 1866 1384 inde
1897 1353 2025 1385 hostilis
2055 1353 2110 1385 ille

1138 1394 1317 1426 conflictus.
1362 1393 1469 1425 David
1493 1398 1610 1434 autem,
1636 1396 1775 1436 qualiter
1797 1396 1902 1428 affecti
1925 1397 1999 1434 sint,
2030 1406 2109 1436 quos

1137 1435 1229 1468 Deus
1263 1437 1382 1477 spiritu
1412 1447 1470 1469 suo
1500 1439 1659 1479 regenuit,
1693 1438 1793 1470 docet.
1846 1439 1935 1471 Hinc
1964 1440 2109 1470 suavitas

1137 1479 1194 1510 illa
1222 1484 1254 1511 et
1283 1480 1462 1519 oblectatio,
1494 1481 1585 1512 cuius
1609 1481 1735 1512 nullum
1759 1486 1889 1522 gustum
1912 1491 1986 1513 caro
2008 1482 2110 1522 perci-

1138 1522 1195 1563 pit.
1229 1522 1298 1555 Nec
1321 1533 1399 1554 vero
1415 1522 1579 1554 Iohannes
1602 1524 1844 1556 distinctionem
1867 1524 1952 1556 hanc
1984 1525 2108 1556 omisit:

1137 1576 1178 1596 ne
1201 1566 1274 1606 quis
1296 1566 1381 1597 enim
1403 1566 1600 1607 generaliter
1623 1566 1683 1598 11οο
1702 1568 1870 1608 acciperet,
1894 1572 2110 1608 praecepta

1137 1608 1215 1640 Dei
1247 1619 1321 1640 non
1353 1619 1438 1640 esse
1468 1609 1631 1649 gravia,
1664 1610 1833 1651 restringit
1859 1610 1899 1642 ad
1922 1610 2006 1641 filios
2029 1610 2109 1641 Dei:

1137 1661 1201 1692 quo
1223 1651 1397 1692 significat,
1420 1652 1490 1682 fieri
1513 1651 1573 1683 hoc
1596 1652 1729 1693 spiritus
1752 1653 1880 1691 virtute,
1904 1658 1941 1684 ut
1964 1652 2034 1684 Deo
2056 1653 2110 1684 ob-

1136 1694 1226 1734 sequi
1257 1705 1322 1726 non
1345 1695 1388 1726 sit
1412 1694 1502 1726 nobis
1524 1705 1625 1736 grave
1649 1706 1708 1727 nec
1731 1695 1911 1727 molestum.
1957 1695 2111 1727 Nondum

1136 1742 1246 1768 tamen
1263 1737 1394 1769 videtur
1417 1747 1548 1777 prorsus
1571 1737 1677 1769 soluta
1700 1739 1857 1778 quaestio.
1892 1738 1974 1770 Nam
1999 1738 2111 1770 fideles

1136 1785 1302 1820 utcunque
1331 1780 1445 1820 spiritu
1470 1780 1531 1811 Dei
1561 1783 1726 1821 regantur,
1762 1782 1880 1812 durum
1904 1786 2013 1813 tamen
2036 1792 2110 1813 cum

1136 1833 1233 1854 carne
1249 1833 1307 1855 sua
1323 1829 1484 1855 certamen
1500 1823 1677 1855 sustinent:
1702 1829 1735 1855 et
1750 1825 1960 1864 quantumvis
1982 1824 2109 1863 sudent,

1137 1867 1193 1898 vix
1224 1871 1332 1897 tamen
1363 1865 1496 1897 dimidia
1526 1876 1567 1897 ex
1596 1870 1687 1907 parte
1717 1867 1756 1897 ad
1787 1867 1928 1899 officium
1961 1877 1995 1898 se
2023 1877 2109 1899 com-

1136 1914 1271 1949 parant:
1295 1909 1358 1940 imo
1374 1908 1466 1948 quasi
1482 1909 1568 1940 inter
1586 1919 1713 1941 sacrum
1737 1909 1787 1951 (ut
1810 1910 1914 1948 aiunt)
1937 1914 1970 1941 et
1993 1920 2109 1941 saxum

1136 1952 1312 1990 constituti,
1346 1952 1412 1982 fere
1445 1951 1505 1982 sub
1538 1962 1636 1983 onere
1670 1952 1834 1984 deficiunt.
1891 1951 2044 1984 Videmus
2073 1956 2110 1983 ut

1137 1994 1259 2026 Paulus
1288 2005 1322 2026 se
1352 1994 1518 2034 captivum
1541 1995 1645 2026 teneri
1668 2000 1786 2035 gemat,
1816 2000 1848 2026 et
1870 1995 2031 2027 infelicem
2055 2005 2108 2026 ex-

1136 2037 1265 2078 clamet,
1295 2037 1368 2078 quia
1398 2047 1464 2068 non
1494 2041 1601 2078 potest
1631 2037 1732 2069 libere
1756 2037 1826 2069 Deo
1849 2038 1981 2070 servire.
2026 2037 2108 2069 Res·

1137 2081 1277 2121 pondeo,
1317 2080 1441 2111 facilem
1477 2081 1587 2112 vocari
1625 2080 1745 2122 legem,
1783 2086 1944 2121 quatenus
1977 2080 2107 2112 coelesti

1137 2123 1259 2154 virtute
1289 2122 1435 2163 praediti,
1466 2133 1657 2163 superamus
1687 2124 1794 2156 carnis
1821 2124 2107 2164 concupiscentias.

1137 2165 1221 2197 Nam
1263 2172 1424 2205 utcunque
1465 2165 1647 2197 recalcitret
1686 2177 1775 2198 caro:
1816 2167 1963 2198 sentiunt
1999 2170 2107 2197 tamen

1136 2208 1261 2240 fideles:
1296 2207 1384 2239 nulla
1418 2218 1452 2239 se
1485 2208 1549 2240 alia
1581 2219 1616 2240 re
1650 2213 1717 2240 tam
1748 2209 1912 2250 oblectari,
1947 2218 2042 2249 quam
2072 2214 2108 2239 ut

1136 2251 1244 2283 Deum
1276 2254 1463 2291 sequantur.
1508 2251 1684 2284 Praeterea
1706 2253 1885 2284 notandum
1909 2256 1966 2292 est,
1990 2250 2108 2281 Iohan-

1136 2304 1211 2325 nem
1246 2304 1309 2325 non
1340 2294 1427 2333 loqui
1457 2293 1496 2325 de
1528 2294 1616 2326 nuda.
1645 2294 1726 2335 lege,
1762 2305 1843 2335 quae
1873 2294 1955 2325 nihil
1979 2296 2108 2333 praeter

1136 2337 1289 2368 mandata
1313 2337 1471 2368 continet:
1505 2337 1562 2368 sed
1591 2342 1761 2377 paternam
1784 2337 1847 2368 Dei
1870 2336 2106 2377 indulgentiam

1136 2381 1340 2420 coniungere,
1373 2389 1436 2419 qua
1458 2379 1627 2420 mitigatur
1649 2380 1730 2421 legis
1752 2380 1849 2420 rigor.
1895 2379 1983 2419 Ergo
2006 2388 2106 2418 quum

1136 2422 1228 2454 nobis
1250 2423 1427 2454 clementer
1448 2422 1572 2463 ignosci
1595 2433 1613 2454 a
1638 2423 1777 2454 Domino
1800 2422 1928 2462 scimus,
1959 2422 1985 2453 si
2008 2431 2107 2462 opera

1136 2471 1246 2497 nostra
1269 2465 1331 2505 legi
1355 2474 1419 2495 non
1443 2465 1653 2503 satisfaciant,
1683 2465 1714 2495 id
1738 2465 1834 2505 longe
1858 2474 1916 2495 nos
1939 2464 2044 2495 reddit
2066 2464 2107 2495 ad

1136 2508 1322 2548 obsequium
1354 2508 1582 2548 promptiores:
1618 2507 1889 2547 quemadmodum
1918 2506 1953 2538 in
1977 2506 2108 2538 Psalmo

1138 2551 1207 2590 130,
1230 2552 1259 2591 4,
1284 2550 1435 2581 habetur:
1465 2550 1560 2590 Apud
1584 2554 1616 2581 te
1640 2555 1687 2582 est
1710 2550 1909 2590 propitiatio,
1933 2554 1969 2581 ut
1991 2550 2106 2581 timea-

1136 2595 1189 2625 ris.
1220 2593 1308 2624 Hinc
1324 2602 1401 2633 ergo
1418 2592 1554 2624 facilitas
1573 2592 1653 2633 legis
1675 2592 1863 2630 servandae,
1888 2592 1973 2633 quod
1997 2592 2107 2623 fideles

1136 2637 1230 2668 venia
1260 2635 1430 2673 sublevati,
1466 2634 1565 2667 sicubi
1598 2636 1760 2675 deficiunt,
1792 2636 1917 2667 animos
1949 2646 2012 2666 non
2037 2634 2107 2666 des-
