2513 3126
164 199 207 230 65
1050 199 1200 232 CAPUT
1225 199 1266 231 V.
2126 203 2168 234 66

166 298 239 328 dam
258 296 320 328 Dei
337 296 527 334 doctrinam,
545 296 667 329 accedit
683 296 722 327 ad
742 296 802 328 hoc
822 296 946 333 vitium,
963 296 1139 327 affectuum

166 351 294 381 quoque
317 346 501 371 nostrorum
526 341 680 380 pravitas.
722 340 804 370 Nam
827 339 866 370 ad
891 340 1068 370 vanitatem
1085 348 1139 377 po-

166 384 231 414 tius
255 382 424 413 adiicimus
447 382 573 413 animos
596 393 693 422 quam
717 382 757 413 ad
785 383 952 413 veritatem
978 381 1048 412 Dei.
1096 380 1140 411 Et

168 437 225 457 nos
251 425 299 456 vel
323 426 535 461 contumacia,
559 425 611 457 vel
637 425 730 456 huius
755 425 866 456 mundi
885 424 979 461 curis,
1003 423 1053 455 vel
1070 433 1138 454 car-

167 469 219 500 nis
253 467 483 508 cupiditatibus
520 467 656 499 subinde
693 468 896 507 impedimur.
956 466 1011 497 De
1048 475 1138 505 quo,

168 522 233 542 non
264 513 360 542 refert
392 510 568 547 Christum,
599 510 654 542 sed
684 509 914 542 Melchisedec:
946 518 1138 549 quamquam

168 565 233 585 non
268 553 367 584 refert
401 559 437 584 ut
472 554 633 584 hominem
670 554 852 594 privatum,
890 551 945 583 sed
983 554 1140 590 quatenus

168 596 291 628 Christi
327 602 424 637 typus
459 596 533 634 fuit,
567 601 599 627 et
633 594 867 635 quodammodo
900 594 1039 625 sustinet
1072 594 1139 624 eius

166 649 346 680 personam.

256 725 305 756 12.
331 724 416 755 Nam
437 733 532 762 quum
553 722 686 753 debeatis
708 731 773 752 esse
794 721 932 752 doctores
941 730 1002 760 pro
1019 720 1140 751 ratione

166 767 320 807 temporis,
343 775 472 797 rursum
494 774 572 804 opus
593 764 718 802 habetis,
742 765 776 794 ut
797 764 869 802 quis
890 773 943 795 vos
965 763 1068 795 doceat
1085 762 1138 793 ele-

166 813 269 842 menta
300 808 384 839 initii
411 817 585 839 sermonum
610 805 691 839 Dei:
719 808 746 837 et
773 806 850 845 facti
872 806 945 837 estis
974 806 1001 837 ii
1028 805 1140 844 quibus

166 853 242 885 lacte
262 861 339 890 opus
360 850 409 889 sit,
433 851 460 881 et
482 859 541 880 non
563 849 662 880 solido
683 848 756 880 cibo.
803 848 852 880 13.
889 848 975 880 Nam
996 849 1141 888 quisquis

164 895 253 926 lactis
283 895 327 924 est
351 892 520 932 particeps,
551 892 716 931 imperitus
745 894 789 923 est
810 892 962 923 sermonis
987 891 1141 923 iustitiae.-

164 936 273 975 infans
302 938 346 966 est
374 935 464 966 enim.
519 934 567 965 14.
604 933 814 973 Perfectorum
843 944 913 966 vero
945 937 988 966 est
1020 934 1141 966 solidas

163 979 256 1016 cibus,
288 978 345 1017 qui
361 980 491 1017 propter
521 977 749 1009 assuetudinem
777 987 887 1009 sensus
916 977 1026 1009 habent
1056 987 1140 1008 exer-

162 1022 270 1054 citatos
292 1021 335 1052 ad
356 1020 567 1052 discretionem
589 1019 659 1051 boni
681 1022 710 1051 et
730 1020 816 1052 mali.

252 1106 302 1137 12.
330 1105 430 1145 Quum
453 1106 595 1138 debeatis.
630 1105 823 1147 Obiurgatio
841 1106 920 1137 haec
939 1116 1002 1137 non
1024 1115 1140 1145 parvos

165 1149 293 1181 aculeos
315 1150 468 1186 continet,
500 1149 618 1188 quibus
648 1149 687 1180 ab
715 1149 847 1190 ignavia
874 1160 932 1180 sua
962 1149 1142 1180 excitentur

165 1193 288 1224 Iudaei.
322 1192 508 1223 Absurdum
528 1202 599 1223 esse
622 1191 699 1223 dicit
715 1197 748 1223 et
763 1192 961 1232 pudendum,
985 1195 1023 1222 ut
1038 1191 1144 1222 adhuc

166 1234 369 1267 elementarii
385 1234 461 1271 sint,
485 1245 585 1274 quum
609 1235 757 1266 doctores
778 1245 846 1266 esse
865 1234 1029 1266 deberent.
1067 1234 1143 1274 Vos,

166 1279 281 1318 inquit,
311 1277 381 1309 aliis
404 1278 578 1318 magistros
602 1288 671 1308 esse
695 1278 862 1309 decuerat:
893 1277 982 1318 atqui
1013 1288 1054 1309 ne
1077 1276 1141 1308 dis-

166 1320 263 1361 cipuli
298 1320 428 1360 quidem
467 1321 544 1352 estis
579 1320 753 1352 mediocris
792 1320 957 1352 doctrinae
994 1330 1141 1360 capaces:

166 1363 311 1396 nondum
347 1364 432 1394 enim
472 1363 570 1403 probe
602 1364 722 1395 tenetis
760 1364 865 1403 prima
898 1363 1142 1395 Christianismi

164 1406 359 1438 rudimenta.
406 1405 479 1445 Quo
506 1411 614 1437 tamen
639 1406 711 1447 plus
734 1406 871 1438 incutiat
894 1406 1036 1447 pudoris,
1065 1406 1144 1437 dicit

165 1449 378 1481 elementa
406 1448 542 1487 initii,
574 1449 708 1489 perinde
731 1459 767 1481 ac
790 1450 816 1480 si
841 1450 911 1490 quis
933 1449 1141 1490 alphabetum

167 1492 298 1524 diceret.
343 1491 545 1523 Discendum
575 1492 703 1532 quidem
735 1497 784 1524 est
814 1497 884 1524 tota
907 1493 988 1524 vita:
1019 1493 1094 1533 quia
1116 1493 1144 1524 is

167 1545 245 1566 vere
269 1534 398 1566 demum
422 1536 516 1575 sapit,
540 1536 595 1576 qui
613 1535 760 1576 agnoscit
779 1538 937 1575 quantum
961 1546 980 1567 a
1003 1536 1144 1575 perfecta

166 1577 385 1618 intelligentia
416 1578 522 1609 distet.
570 1577 634 1610 Sed
665 1578 711 1609 ita
734 1578 967 1618 proficiendum
998 1580 1048 1609 est
1078 1578 1143 1610 dis·

166 1620 279 1660 cendo,
303 1631 342 1651 ne
361 1631 488 1660 semper
504 1621 537 1652 in
554 1621 720 1661 principiis
736 1621 937 1653 haereamus.
971 1621 1040 1653 Nec
1055 1630 1142 1653 com—

166 1663 361 1694 mittendum
393 1669 440 1694 est
466 1668 500 1694 ut
530 1664 564 1695 in
589 1663 678 1695 nobis
711 1664 885 1704 impleatur
914 1664 995 1695 illud
1019 1664 1143 1696 Iesaiae

164 1705 230 1748 (28,
249 1706 311 1746 10),
335 1705 407 1737 Erit
423 1707 514 1737 vobis
530 1712 739 1747 praeceptum
757 1708 795 1738 ad
814 1712 1031 1748 praeceptum,
1051 1717 1143 1748 prae-

168 1756 297 1789 ceptum
333 1749 373 1781 ad
409 1755 624 1790 praeceptum,
658 1755 717 1781 etc.
774 1749 862 1789 Quin
898 1751 1004 1790 potius
1038 1750 1145 1781 danda

166 1802 278 1832 opera,
314 1795 350 1823 ut
385 1802 573 1832 progressus
607 1793 709 1824 nostri
745 1794 880 1833 tempori
915 1793 1143 1833 respondeant.

167 1834 265 1866 Certe
289 1845 353 1865 non
378 1837 454 1866 anni
479 1835 581 1874 modo,
604 1836 660 1867 sed
685 1836 753 1867 dies
777 1836 898 1876 singuli
921 1836 960 1867 ad
983 1836 1144 1868 calculum

167 1878 303 1910 vocandi
328 1882 430 1916 erant,
458 1884 495 1909 ut
517 1889 550 1910 se
573 1879 709 1918 quisque
733 1878 773 1909 ad
797 1879 972 1919 profectum
997 1884 1144 1920 urgeret:

166 1921 223 1952 sed
248 1922 340 1960 pauci
372 1926 449 1952 sunt
479 1922 532 1961 qui
561 1922 728 1961 praeteriti
760 1923 914 1962 temporis
945 1922 1103 1953 rationem
1127 1933 1145 1953 a

167 1974 202 1995 se
225 1970 406 2003 reposcant,
430 1964 482 1995 vel
506 1974 539 1995 se
562 1965 596 1995 in
620 1971 785 2004 posterum
807 1964 992 1996 sollicitent.
1030 1965 1145 2005 Itaque

165 2006 270 2037 iustas
294 2006 443 2047 ignaviae
467 2013 597 2038 nostrae
622 2018 740 2048 poenas
756 2007 880 2046 damus,
903 2007 986 2047 quod
1004 2008 1146 2039 maxima

167 2059 245 2090 pars
269 2050 301 2080 in
327 2050 505 2089 puerilibus
528 2051 700 2082 elementis
724 2051 880 2082 subsistit.
919 2051 1144 2082 Admonemur

166 2098 344 2132 praeterea,
368 2093 621 2133 uniuscuiusque
645 2094 784 2124 officium
808 2104 888 2131 esse,
913 2104 975 2133 quo
999 2093 1071 2134 plus
1094 2094 1143 2124 in-

168 2134 368 2175 telligentiae
397 2142 615 2175 consequutus
650 2142 707 2175 est,
741 2136 871 2167 studere
901 2136 1057 2168 fratribus
1087 2137 1145 2167 im-

167 2179 291 2217 partiri,
316 2183 353 2209 ut
377 2188 472 2209 nemo
495 2179 554 2210 sibi
578 2179 731 2219 privatim
755 2179 869 2219 sapiat,
893 2179 948 2210 sed
972 2179 1094 2220 singuli
1109 2179 1143 2210 in

167 2226 314 2251 mutuam
339 2221 603 2253 aedificationem.

257 2263 376 2303 Quibus
397 2264 474 2295 lacte
495 2274 572 2305 opus
593 2265 644 2297 sit.
679 2264 803 2296 Eadem
827 2264 1016 2305 metaphora
1039 2265 1144 2297 utitur

169 2305 292 2338 Paulus
316 2307 430 2346 prioris
453 2306 494 2338 ad
518 2307 705 2339 Corinthios
727 2308 832 2348 capite
854 2309 885 2347 3,
903 2308 929 2345 1,
954 2318 1055 2348 quum
1078 2308 1143 2340 illis

169 2347 252 2379 idem
277 2359 404 2389 quoque
427 2351 541 2381 vitium
565 2351 750 2391 exprobrat,
772 2351 824 2383 vel
847 2351 963 2382 saltem
980 2362 1043 2382 non
1060 2352 1142 2382 mul—

170 2391 239 2421 tum
263 2391 428 2424 dissimile.
474 2393 563 2425 Dicit
593 2394 679 2425 enim
704 2394 778 2433 quia
808 2393 955 2426 carnales
982 2395 1058 2434 sint,
1089 2405 1142 2425 eos

170 2441 235 2463 non
259 2433 343 2465 ferre
366 2435 502 2467 solidum
526 2435 643 2468 cibum.
679 2437 747 2469 Lac
770 2447 847 2477 ergo
871 2440 920 2467 est
937 2436 1143 2469 elementaris

170 2474 317 2507 doctrina
339 2477 506 2510 initiandis
529 2479 674 2511 rudibus.
720 2479 793 2511 Alio
822 2490 919 2511 sensu
943 2480 1061 2511 Petrus
1090 2490 1141 2511 ac·

170 2517 258 2557 cipit,
281 2529 378 2559 quum
395 2520 485 2551 iubet
502 2532 561 2553 nos
583 2523 807 2563 concupiscere
823 2523 872 2554 lac
888 2522 1009 2562 absque
1030 2522 1142 2554 fraude

170 2559 216 2601 (1
232 2560 300 2592 Pet.
313 2561 345 2598 2,
367 2561 410 2602 2).
444 2563 728 2602 Quemadmodum
745 2566 844 2597 etiam
861 2565 980 2606 duplex
997 2568 1048 2596 est
1064 2576 1141 2606 pue-

170 2610 257 2641 ritia,
291 2614 406 2643 nempe
439 2606 581 2637 malitiae
614 2613 645 2639 et
678 2619 803 2640 sensus.
856 2607 911 2640 Sic
945 2609 1032 2639 enim
1065 2607 1140 2640 alibi

171 2645 294 2677 Paulus
317 2645 360 2687 (1.
376 2644 449 2679 Cor.
465 2649 516 2688 14,
535 2649 604 2690 20)z
628 2650 677 2682 Ne
700 2651 770 2682 sitis
793 2652 941 2682 sensibus
960 2651 1061 2691 pueri,
1084 2650 1141 2682 sed

276 2705 384 2732 Calvimi
400 2713 493 2739 opera.
519 2706 577 2733 Vol.
595 2707 658 2735 LV.

1194 296 1325 328 malitia.
1362 297 1449 338 Ergo
1473 297 1525 338 qui
1550 297 1628 329 adeo
1652 299 1754 330 teneri
1778 303 1854 330 sunt
1877 302 1914 329 ut
1929 298 2076 329 altiorem
2093 298 2166 330 doc-

1195 340 1312 370 trinam
1331 350 1393 371 non
1411 340 1576 380 recipiant,
1594 346 1751 372 vocantur
1764 351 1821 382 per
1837 341 2049 382 ignominiam
2063 342 2164 382 pueri.

1194 381 1256 412 Hic
1280 383 1365 413 enim
1390 393 1486 414 verus
1509 388 1559 414 est
1582 383 1745 415 doctrinae
1770 395 1855 421 usus,
1881 394 1938 416 nos
1956 388 2106 423 coaptare
2131 389 2166 415 ut

1193 424 1414 456 adolescamus
1435 426 1468 456 in
1493 426 1599 457 virum
1623 426 1814 467 perfectum,
1836 427 1869 457 in
1892 437 2078 458 mensuram
2102 426 2167 467 ple-

1194 476 1253 497 nae
1276 468 1407 499 aetatis:
1436 479 1494 499 nec
1517 469 1619 500 simus
1642 469 1731 509 pueri
1756 469 1812 509 qui
1836 470 2029 501 fluctuemus
2052 471 2084 500 et
2107 470 2165 501 cir-

1193 509 1412 541 cumferamur
1445 512 1559 550 quovis
1594 516 1689 543 vento
1724 511 1896 550 doctrinae,
1934 512 1972 543 ad
2007 512 2166 552 Ephesios

1193 550 1222 589 4,
1248 551 1296 582 14.
1350 553 1587 593 Ignoscendum
1622 554 1751 594 quidem
1782 559 1833 586 est
1865 555 1904 585 iis
1936 555 1992 594 qui
2020 555 2164 586 nondum

1194 593 1361 625 Christum
1393 601 1566 634 gustarunt
1595 597 1621 628 si
1655 597 1761 629 adhuc
1795 596 1931 629 solido
1965 597 2054 629 cibo
2089 603 2167 629 sunt

1194 636 1342 676 impares.
1389 638 1513 670 Verum
1542 640 1596 679 qui
1626 650 1683 680 per
1711 644 1841 680 tempus
1871 650 2016 671 crescere
2047 640 2166 678 debuit,

1194 678 1221 709 si
1245 689 1324 718 puer
1346 690 1472 719 semper
1496 688 1633 719 maneat,
1667 683 1762 714 venia
1784 682 1937 724 indignus
1965 687 2022 713 est.
2068 682 2166 714 Vide—

1194 731 1266 751 mus
1296 722 1383 753 enim
1414 723 1550 755 Iesaiam
1585 725 1730 765 reprobis
1763 725 1847 757 hanc
1881 729 1991 756 notam
2026 725 2166 763 inurere,

1194 763 1279 803 quod
1303 765 1412 802 pueris
1435 766 1499 796 sint
1521 767 1642 799 similes
1665 779 1776 800 recens
1795 778 1814 799 a
1829 778 1970 799 mamma
1986 767 2167 807 abstractis,

1193 816 1262 846 cap.
1286 806 1336 843 28,
1368 807 1397 837 9.
1444 807 1600 840 Doctrina
1633 811 1762 850 quidem
1797 811 1922 843 Christi
1956 813 2022 841 tam
2057 811 2168 850 pueris

1193 848 1244 880 lac
1266 849 1503 888 subministrat,
1528 861 1622 890 quam
1647 853 1766 884 adultis
1789 855 1920 885 firmum
1944 853 2063 884 cibum.
2100 852 2167 885 Sed

1195 891 1464 931 quemadmodum
1497 893 1578 924 lacte
1609 896 1741 927 nutricis
1769 896 1865 927 alitur
1888 896 2006 933 infans,
2038 905 2102 926 non
2132 901 2168 927 ut

1194 944 1322 975 semper
1345 946 1363 966 a
1391 946 1532 966 mamma
1556 937 1703 976 pendeat,
1732 939 1787 970 sed
1812 944 1846 970 ut
1877 939 2032 979 paulatim
2056 939 2170 970 forme-

1195 983 1248 1008 tur
1271 977 1311 1008 ad
1340 977 1551 1009 robustiorem
1580 979 1717 1011 victum:
1749 981 1795 1013 sic
1826 982 1922 1012 etiam
1950 982 2044 1012 initio
2073 981 2122 1013 lac
2152 993 2168 1012 e

1195 1020 1355 1060 scriptura
1377 1020 1560 1061 sugendum
1583 1027 1640 1059 est,
1669 1027 1700 1053 et
1723 1024 1791 1054 eius
1813 1034 1897 1064 pane
1925 1024 2039 1056 deinde
2062 1033 2169 1056 vesca-

1196 1073 1279 1094 mur.
1324 1063 1499 1095 Caeterum
1522 1065 1567 1095 ita
1589 1065 1675 1096 inter
1698 1065 1746 1097 lac
1769 1072 1800 1097 et
1823 1067 1953 1098 firmum
1977 1067 2083 1098 cibum
2107 1066 2169 1098 dis-

1195 1107 1308 1146 cernit,
1338 1109 1374 1137 ut
1398 1117 1510 1138 sanam
1535 1107 1715 1139 doctrinam
1739 1113 1874 1148 utroque
1897 1110 2027 1141 nomine
2050 1109 2169 1140 intelli-

1196 1153 1261 1189 gat.
1308 1148 1374 1180 Sed
1408 1150 1502 1180 aliter
1533 1150 1729 1182 inchoantur
1760 1151 1864 1189 rudes,
1896 1152 1990 1183 aliter
2021 1153 2074 1192 qui
2106 1153 2170 1183 iam

1197 1191 1281 1223 docti
1305 1196 1379 1223 sunt
1403 1193 1646 1224 confirmantur.

1284 1235 1333 1266 13.
1370 1235 1431 1275 Qui
1452 1235 1543 1267 lactis
1569 1238 1614 1267 est
1633 1237 1800 1276 particeps.
1847 1237 1911 1268 Eos
1941 1237 2093 1277 intelligit
2117 1238 2172 1278 qui

1196 1277 1236 1309 ob
1258 1278 1507 1309 teneritudinem
1528 1278 1664 1310 solidam
1682 1279 1787 1310 adhuc
1803 1279 1982 1311 doctrinam
1995 1285 2170 1319 respuunt:

1197 1331 1273 1351 nam
1296 1321 1416 1361 alioqui
1446 1332 1465 1352 a
1488 1321 1570 1353 lacte
1598 1332 1661 1353 non
1693 1322 1845 1353 abhorret
1874 1322 1927 1362 qui
1956 1322 2085 1354 adultus
2113 1328 2171 1354 est.

1197 1363 1263 1394 Sed
1294 1364 1466 1403 pueritiam
1496 1374 1611 1396 sensus
1641 1364 1693 1397 hic
1724 1364 1944 1405 reprehendit,
1978 1375 2040 1405 qua
2070 1366 2108 1396 fit
2137 1372 2172 1397 ut

1197 1410 1330 1446 cogatur
1361 1407 1452 1439 Deus
1478 1412 1634 1448 perpetuo
1663 1407 1829 1439 nobiscum
1860 1408 2031 1439 balbutire.
2077 1408 2173 1439 Tales

1197 1459 1274 1490 ergo
1309 1460 1425 1490 pueros
1459 1455 1557 1491 negat
1590 1460 1659 1482 esse
1688 1450 1820 1482 idoneos
1854 1451 1894 1481 ad
1929 1451 2171 1491 percipiendum

1197 1491 1392 1524 iustitiae
1423 1502 1672 1525 sermonem:
1708 1493 1858 1525 iustitiae
1889 1494 2019 1525 nomine
2049 1495 2169 1533 perfec-

1197 1535 1317 1566 tionem
1355 1536 1551 1577 intelligens,
1590 1536 1629 1567 de
1667 1546 1730 1576 qua
1767 1536 1864 1577 paulo
1903 1541 1975 1576 post
2013 1537 2170 1577 loquetur.

1198 1578 1309 1618 Neque
1333 1579 1429 1617 enim,
1459 1590 1530 1610 meo
1553 1578 1679 1618 iudicio,
1708 1579 1871 1620 apostolus
1900 1579 1955 1611 hic
1982 1579 2172 1620 disputatio-

1197 1631 1270 1653 nem
1306 1625 1396 1653 notat
1430 1622 1588 1662 quomodo
1618 1622 1830 1654 iustificemur
1859 1632 1968 1654 coram
1992 1621 2082 1654 Deo:
2115 1622 2171 1654 sed

1196 1664 1373 1704 simplicius
1396 1664 1514 1704 accipit
1544 1665 1605 1696 hoc
1629 1674 1746 1696 nomen
1770 1675 1829 1705 pro
1853 1665 2041 1706 integritate
2064 1666 2170 1707 cogni-

1196 1707 1303 1745 tionis,
1333 1717 1413 1747 quae
1436 1717 1496 1739 nos
1526 1707 1565 1738 ad
1589 1708 1818 1747 perfectionem
1842 1708 1940 1739 ducit.
1985 1708 2081 1747 Quod
2103 1709 2172 1739 offi-

1195 1751 1280 1781 cium
1304 1750 1452 1781 attribuit
1483 1750 1652 1791 evangelio
1676 1750 1809 1789 Paulus,
1840 1749 1880 1781 ad
1903 1750 2026 1782 Coloss.
2048 1760 2116 1792 cap.
2143 1751 2172 1789 l,

1195 1793 1247 1832 28,
1270 1803 1307 1825 ac
1329 1793 1356 1824 si
1379 1793 1507 1830 diceret,
1531 1804 1594 1831 eos,
1618 1793 1674 1834 qui
1696 1793 1831 1824 ruditati
1854 1803 1931 1825 suae
1947 1793 2128 1834 indulgent,
2152 1803 2171 1824 a

1196 1838 1322 1868 sincera
1345 1835 1468 1867 Christi
1491 1836 1678 1877 cognitione
1701 1836 1841 1868 excludi.
1888 1836 1932 1867 Et
1954 1835 2025 1868 ideo
2048 1837 2170 1868 infruc-

1196 1884 1323 1910 tuosam
1346 1879 1409 1910 illis
1439 1889 1509 1910 esse
1532 1879 1694 1919 evangelii
1724 1879 1913 1917 doctrinam,
1948 1889 1985 1910 eo
2014 1878 2099 1919 quod
2130 1878 2171 1910 ad

1195 1927 1316 1953 metam
1339 1931 1506 1962 nunquam
1529 1921 1728 1962 pertingunt,
1751 1931 1788 1953 ac
1810 1932 1851 1953 ne
1869 1922 2021 1962 proprius
2041 1921 2171 1962 quidem

1196 1965 1360 1997 accedunt.

1284 2008 1333 2038 14.
1357 2007 1568 2047 Perfectorum
1590 2017 1670 2047 vero,
1693 2010 1745 2038 etc.
1784 2007 1949 2038 Perfectos
1966 2011 2061 2039 vocat
2084 2006 2173 2039 adul-

1197 2056 1256 2082 tos.
1296 2051 1377 2081 Nam
1394 2050 1574 2082 infantibus
1589 2051 1740 2091 opponit:
1764 2050 2036 2090 quemadmodum
2052 2050 2171 2090 prioris

1196 2094 1235 2126 ad
1260 2093 1448 2125 Corinthios
1471 2093 1575 2133 capite
1598 2094 1628 2134 2,
1651 2093 1671 2124 6
1693 2098 1724 2124 et
1749 2093 1798 2131 14,
1822 2093 1879 2124 2οε
1903 2093 1981 2124 item
2005 2092 2046 2124 ad
2062 2093 2167 2134 Ephe>

1196 2138 1258 2169 sios
1285 2147 1352 2177 cap.
1376 2136 1406 2173 4,
1438 2135 1487 2167 13.
1532 2136 1641 2167 Media
1671 2136 1757 2167 enim
1788 2146 1825 2167 ac
1854 2135 1959 2167 virilis
1991 2140 2088 2173 aetas,
2118 2140 2170 2167 est

1196 2180 1287 2220 quasi
1318 2180 1479 2210 humanae
1500 2179 1586 2210 vitae
1617 2183 1736 2211 status:
1769 2178 1826 2211 sed
1855 2179 1993 2220 figurate
2018 2179 2104 2211 viros
2132 2179 2168 2209 in

1195 2222 1326 2254 Christo
1354 2221 1497 2262 appellat
1525 2222 1581 2261 qui
1601 2221 1785 2262 spirituales
1808 2226 1893 2253 sunt.
1940 2221 2036 2253 'Pales
2059 2226 2168 2253 autem

1195 2266 1265 2297 vult
1288 2275 1398 2296 omnes
1422 2264 1626 2297 Christianos
1647 2275 1726 2305 esse,
1757 2265 1812 2305 qui
1836 2264 1983 2296 habitum
2007 2264 2167 2305 quendam

1195 2319 1236 2340 ex
1267 2308 1421 2340 continuo
1450 2317 1513 2338 usu
1543 2309 1767 2339 contraxerint
1795 2307 1842 2339 ad
1874 2308 1968 2339 boni
1998 2312 2037 2339 et
2069 2307 2168 2338 mali

1195 2350 1506 2383 discretionem.
1561 2350 1675 2391 Neque
1712 2351 1799 2382 enim
1832 2350 1927 2382 aliter
1960 2350 1994 2381 in
2029 2350 2167 2381 veritate

1195 2395 1256 2425 rite
1279 2404 1390 2425 sumus
1414 2392 1527 2431 edocti,
1551 2403 1647 2433 quam
1672 2393 1699 2424 si
1718 2394 1786 2425 eius
1802 2393 1963 2434 praesidio
1980 2393 2167 2424 muniamur

1193 2437 1347 2468 adversus
1371 2435 1512 2468 Satanae
1542 2436 1721 2468 mendacia.
1765 2436 1850 2468 Nam
1878 2439 1910 2467 et
1940 2436 2011 2467 ideo
2038 2435 2167 2476 gladius

1193 2479 1369 2520 spiritualis
1393 2478 1518 2510 dicitur.
1556 2479 1601 2510 Et
1623 2479 1746 2510 Paulus
1768 2478 1856 2511 hunc
1879 2489 1977 2510 sanae
2000 2478 2166 2511 doctrinae

1193 2533 1287 2554 usum
1318 2526 1411 2552 notat
1441 2531 1541 2561 quum
1571 2521 1648 2553 dicit
1677 2520 1775 2562 (Eph.
1798 2522 1828 2559 4,
1853 2521 1920 2563 14):
1949 2521 1998 2553 Ne
2028 2522 2164 2553 circum-

1193 2566 1336 2597 feramur
1358 2564 1472 2605 quovis
1488 2568 1595 2601 vento,
1619 2569 1679 2596 etc.
1717 2564 1760 2595 Et
1783 2574 1863 2595 sane
1881 2564 1986 2605 qualis
2005 2565 2067 2596 erit
2086 2564 2163 2595 fides

1192 2609 1220 2640 si
1250 2609 1335 2639 inter
1359 2617 1472 2638 verum
1501 2611 1535 2638 et
1561 2606 1677 2638 falsum
1701 2617 1857 2647 suspensa
1879 2606 1997 2638 nutet?
2042 2608 2163 2638 Annon

1193 2650 1331 2691 singulis
1354 2650 1526 2682 momentis
1548 2649 1735 2681 labefactari
1759 2649 1899 2690 poterit?
1944 2649 2009 2681 Nec
2031 2653 2163 2681 conten-

1927 2708 1945 2734 5
