2513 3126
263 203 327 234 243

267 301 336 332 sere
360 300 574 332 detestabiles.
613 299 661 330 Eo
685 299 793 338 itaquo
817 298 921 339 magis
945 298 1140 330 studendum
1160 304 1239 337 erat,

266 349 304 376 ut
332 349 443 375 sancta
472 345 537 373 vitu
566 346 597 372 et
628 340 772 372 moribus
797 345 882 373 recte
903 342 1099 381 compositis,
1129 341 1238 373 odium

267 397 304 418 ae
334 386 498 417 infamium
532 384 670 415 nominis
699 384 748 415 sui
772 383 927 415 delerent.
973 384 1130 415 'Ponenda
1153 385 1238 416 enim

267 436 317 460 ost
348 429 402 459 illu
426 427 518 457 Pauli
549 427 737 466 admonitio,
769 437 809 457 ne
839 427 933 458 detur
963 428 1087 458 occasio
1117 427 1157 458 iis
1185 428 1239 468 qui

268 482 337 502 euni
377 476 505 509 captant
541 469 582 510 (2.
608 469 680 501 Cor.
714 470 763 506 11,
797 469 858 510 12).
914 469 1029 510 Itaque
1067 470 1238 511 impiorum

266 512 510 545 maledicentiae
545 515 579 543 et
612 512 736 543 sinistri
775 522 952 551 sermones,
989 512 1112 544 stimuli
1146 513 1238 545 nobis

267 566 336 587 esse
359 555 476 586 debent
500 555 538 586 ad
564 562 651 587 recte
671 554 857 586 vivendum.
893 555 1006 595 Neque
1025 556 1111 587 enim
1127 566 1238 588 secure

266 598 424 629 oscitaudi
449 603 577 638 tempus
596 604 653 635 est,
677 598 754 629 dum
775 597 820 629 illi
836 598 875 629 ad
892 598 1130 630 observandum
1147 599 1236 640 quid-

265 640 342 681 quid
368 640 596 681 delinquimus,
619 641 736 672 acriter
759 641 908 681 vigilant.

354 682 531 723 Glorificent
560 683 672 715 Deum.
723 682 896 723 Significat
931 694 996 715 non
1027 694 1096 716 esse
1127 689 1237 716 nostra

264 736 361 758 causa
391 726 617 764 laborandum,
651 730 687 758 ut
717 726 798 757 bene
829 726 868 758 de
892 727 982 758 nobis
1011 728 1152 759 sentiant
1182 727 1235 758 ho-

264 769 368 800 mines
406 779 441 801 ac
480 769 671 809 loquantur:
712 768 768 801 sed
809 769 1027 809 quaerendam
1065 780 1135 802 esse
1173 770 1234 801 Dei

263 811 417 852 gloriam:
442 811 715 851 quemadmodum
738 815 771 843 et
792 811 944 844 Christus
966 812 1068 844 docet.
1102 812 1234 844 Modum

264 861 372 886 autem
402 855 544 886 ostendit
567 855 704 886 Petrus:
736 865 853 896 nempe
884 854 967 896 quod
998 855 1089 887 bonis
1117 855 1235 886 nostris

264 898 416 938 operibus
440 897 570 928 adducti
586 897 744 936 infideles,
767 908 801 929 se
820 908 947 938 quoque
965 898 1034 929 Deo
1049 898 1233 930 subiicient:

264 945 362 980 atque
392 940 437 971 ita
461 941 493 971 in
522 950 600 972 suae
628 940 848 972 conversionis
871 941 995 972 ratione
1018 940 1140 972 dabunt
1163 939 1233 971 Deo

263 982 411 1023 gloriam.
456 982 528 1015 Hoc
551 983 638 1014 enim
661 983 824 1024 significat
846 983 930 1014 dies
959 983 1233 1015 visitationis.

263 1026 339 1057 Scio
370 1025 524 1066 quosdam
556 1026 596 1057 ad
625 1032 808 1057 extremum
831 1026 955 1058 Christi
979 1026 1156 1057 adventum
1188 1035 1234 1056 re-

262 1068 360 1100 ferre:
394 1068 450 1100 sed
485 1078 544 1109 ego
579 1068 673 1100 aliter
705 1069 841 1110 accipio:
877 1069 962 1109 quod
994 1069 1114 1100 scilicet
1143 1067 1235 1100 Deus

262 1116 375 1142 sancta
398 1117 429 1142 et
453 1110 591 1142 honesta
618 1121 750 1143 suorum
774 1113 850 1149 vita,
881 1117 1034 1152 tanquam
1063 1121 1233 1152 praepara-

264 1154 350 1185 tione
381 1160 505 1192 uteturâ€š
540 1159 576 1185 ut
607 1155 640 1186 in
675 1155 761 1186 viam
791 1160 935 1186 errantes
969 1154 1111 1186 redueat.
1163 1153 1236 1185 Hoc

264 1197 351 1228 enim
382 1197 602 1228 conversionis
632 1203 760 1229 nostrae
785 1199 913 1229 initium
937 1204 993 1236 est,
1023 1207 1121 1237 quum
1147 1196 1235 1228 Deus

264 1244 400 1279 paterno
420 1239 512 1271 oculo
536 1240 695 1280 respicere
724 1250 781 1272 nos
805 1240 970 1281 dignatur:
1001 1240 1028 1271 si
1050 1244 1158 1271 autem
1181 1239 1234 1271 ad-

265 1292 358 1314 versa
381 1288 429 1314 est
452 1283 521 1314 eius
544 1293 562 1314 a
584 1283 676 1314 nobis
699 1283 803 1321 facies,
828 1283 992 1323 periimus.
1034 1281 1144 1322 Quare
1167 1282 1235 1314 dies

264 1325 460 1356 visitationis
488 1326 603 1357 merito
634 1326 758 1365 dicitur,
787 1325 863 1357 dum
891 1335 949 1357 nos
976 1325 1016 1356 ad
1039 1336 1073 1357 se
1096 1329 1234 1358 revocat.

351 1410 401 1442 13.
427 1408 552 1442 Subditi
575 1421 644 1452 erqo
666 1413 752 1443 estote
769 1411 852 1442 omni
874 1410 1029 1443 humanae
1044 1411 1237 1443 ordinationi

256 1455 386 1492 propter
404 1452 593 1485 Dominum.-
623 1455 687 1485 sive
708 1455 782 1494 reyi.
806 1456 955 1494 tauquam
977 1454 1236 1495 supereminenti:

265 1495 315 1526 14.
349 1496 414 1527 sive
440 1496 659 1537 praesidibus,
697 1499 846 1537 tanquam
881 1497 924 1528 iis
956 1498 1011 1536 qui
1038 1508 1100 1537 per
1133 1497 1236 1537 iqisum

263 1539 436 1578 mittuntur,
466 1539 499 1570 in
528 1540 696 1571 vindictam
719 1540 842 1579 quidem
864 1539 1082 1579 maleficorum,
1114 1541 1237 1573 laudem

262 1591 334 1613 vero
361 1581 433 1613 bene
462 1584 627 1622 agentium.
673 1582 722 1613 15.
747 1581 801 1614 Sic
828 1583 910 1614 enim
935 1585 978 1615 est
999 1583 1142 1615 voluntas
1163 1582 1236 1621 Dei,

263 1626 297 1655 ut
324 1623 536 1664 benefaciendo
568 1625 735 1657 obstruatis
762 1626 972 1666 iynorantiam
1001 1626 1162 1659 stultorum
1184 1625 1237 1658 lio-

262 1667 393 1698 minum.
440 1668 490 1699 16.
521 1667 560 1699 Ut
581 1668 681 1707 liberi,
708 1671 734 1700 et
761 1678 823 1700 uon
850 1669 943 1708 quasi
965 1671 1162 1709 praetextum
1182 1668 1236 1701 ha-

263 1709 362 1741 bentes
384 1709 525 1742 malitiae
548 1710 732 1743 libertatem:
756 1711 810 1744 sed
832 1714 981 1752 tanquam
1002 1713 1085 1744 servi
1106 1712 1182 1745 Dei.

350 1794 400 1826 13.
431 1794 554 1827 Subditi
582 1806 653 1838 erqo
682 1799 781 1838 estote,
804 1799 856 1830 etc.
906 1797 1002 1830 Nunc
1029 1798 1070 1829 ad
1094 1797 1235 1839 particu-

264 1837 348 1869 lares
360 1837 604 1871 exhortationes
620 1839 796 1872 descendit.
826 1841 872 1872 Et
887 1841 1036 1881 quoniam
1054 1840 1237 1872 obedientia

264 1889 341 1920 erga
369 1882 588 1921 magistratus,
619 1893 694 1923 pars
722 1888 771 1915 est
795 1883 949 1915 honestae
972 1884 1235 1921 conversationis,

264 1922 335 1954 ideo
358 1934 397 1954 ex
421 1924 480 1956 hac
504 1925 638 1966 colligit,
667 1925 789 1957 subditi
812 1937 890 1968 ergo
913 1930 1024 1958 estote.
1069 1926 1152 1958 Nam
1175 1926 1235 1957 im-

264 1966 344 2004 perii
378 1967 485 2006 iugum
523 1967 746 2007 detrectando,
780 1980 843 2001 non
877 1979 1012 2009 parvam
1042 1968 1236 2009 obloquendi

265 2008 461 2040 occasionem
486 2012 638 2050 gentibus
662 2011 837 2044 dedissent.
872 2012 916 2044 Et
938 2023 1015 2044 sane
1032 2011 1092 2045 hoc
1108 2012 1236 2053 potissi-

264 2060 354 2080 mum
386 2052 514 2083 nomine
543 2054 644 2085 odiosi
668 2060 700 2085 et
722 2054 861 2086 infames
884 2060 976 2086 erant
999 2055 1123 2096 Iudaei,
1153 2055 1235 2095 quod

264 2097 396 2140 propter
419 2104 511 2124 suam
532 2097 754 2135 pervicaciam,
778 2098 928 2129 indomiti
945 2098 1157 2130 habebantur.
1191 2098 1236 2129 Et

265 2145 414 2174 quoniam
432 2142 549 2175 motus,
566 2149 644 2178 quos
660 2140 693 2170 in
706 2141 881 2179 provinciis
894 2141 1090 2182 excitabant,
1107 2150 1236 2181 magna-

264 2187 338 2208 rum
369 2178 588 2211 calamitatum
620 2191 734 2213 causae
764 2188 870 2215 erant:
902 2191 937 2215 ut
965 2186 1099 2224 quisque
1128 2184 1235 2224 quieto

266 2230 304 2268 ac
326 2225 439 2260 pacato
463 2228 533 2253 erat
555 2223 696 2264 ingenio,
719 2225 766 2255 ita
789 2226 827 2256 ab
850 2225 914 2257 illis
933 2231 1090 2267 tanquam
1109 2237 1128 2258 a
1146 2230 1236 2267 peste

264 2262 372 2303 aliqua
405 2264 609 2297 abhorrebat.
655 2266 745 2298 Haec
776 2269 872 2299 etiam
896 2279 993 2300 causa
1016 2270 1150 2301 Petrum
1175 2269 1235 2300 im-

264 2306 348 2345 pulit
371 2313 406 2337 ut
424 2307 462 2338 de
478 2308 675 2340 subiectione
693 2316 758 2340 tam
775 2311 885 2342 sedulo
901 2313 1108 2353 praeciperet.
1142 2311 1236 2344 Adde

265 2349 349 2388 quod
384 2351 590 2391 evangelium
625 2352 718 2383 multi
753 2353 911 2392 putabant
945 2354 1008 2386 tale
1042 2365 1112 2387 esse
1146 2365 1234 2395 prae-

265 2393 394 2422 conium
419 2393 587 2432 libertatis,
612 2399 649 2426 ut
672 2405 706 2426 se
729 2396 864 2435 quisque
887 2407 905 2427 a
923 2399 1078 2430 servitute
1095 2398 1237 2429 eximere

262 2441 380 2473 posset.
422 2435 597 2477 Indignum
622 2448 691 2469 esse
714 2438 893 2475 videbatur,
917 2441 1039 2472 servire
1058 2441 1120 2472 Dei
1143 2440 1234 2478 filios,

262 2482 295 2506 et
318 2477 431 2508 mundi
464 2479 618 2511 haeredes
642 2491 684 2512 ne
707 2482 849 2521 corporis
873 2483 1000 2521 quidem
1025 2485 1074 2514 sui
1101 2484 1234 2515 liberam

262 2518 380 2551 habere
414 2529 615 2560 potestatem.
670 2524 851 2555 Accedebat
884 2531 961 2556 tunc
994 2526 1056 2556 alia
1090 2527 1234 2565 tentatio,

262 2563 345 2601 quod
377 2566 584 2604 magistratus
615 2576 727 2598 omnes
760 2566 882 2598 Christi
923 2574 1017 2599 erant
1047 2569 1235 2606 adversarii,

263 2614 386 2644 suoque
417 2607 552 2646 imperio
584 2609 819 2641 abutebantur:
850 2611 895 2641 ita
924 2610 1014 2641 nulla
1041 2612 1072 2642 in
1097 2612 1162 2643 illis
1185 2622 1235 2642 re-

259 2645 388 2679 lucebat
419 2650 525 2691 imago
555 2650 635 2690 Dei,
670 2662 752 2692 quae
786 2653 987 2694 praecipuam
1021 2655 1235 2686 reverentiam

1102 200 1243 233 EPIST.
1268 201 1404 234 PETRI
1428 202 1443 233 1

2200 204 2263 236 244

1290 300 1448 332 conciliat.
1494 301 1657 332 Tenemus
1691 309 1778 331 nuno
1807 300 1897 331 Petri
1928 300 2116 333 eonsilium:
2147 311 2262 343 nempe

1290 343 1373 384 quod
1405 344 1593 375 necessariis
1624 344 1663 374 de
1686 343 1790 375 causis
1814 342 1952 375 Iudaeos
1982 343 2131 376 hortatus
2165 343 2262 376 fuerit

1290 385 1330 416 ad
1353 386 1522 418 colendum
1546 387 1676 426 politiae
1700 386 1856 417 ordinem.

1380 428 1471 460 Omni
1494 429 1647 461 humanae
1669 429 1870 460 ordinationi.
1906 428 1972 460 Alii
1991 432 2161 460 verterunt
2175 439 2260 461 crea-

1291 476 1411 502 turam:
1436 472 1491 503 sed
1515 473 1549 503 in
1574 472 1759 512 loquutione
1783 471 1878 502 nimis
1902 471 2040 502 obscura
2058 475 2091 502 et
2109 472 2262 512 ambigua

1291 514 1394 545 multu
1418 524 1452 545 se
1477 517 1629 555 torquent
1653 520 1686 546 ut
1705 524 1836 546 sensum
1854 514 1991 554 aliquem
2011 513 2151 546 eliciant.
2190 515 2261 556 Ego

1290 563 1396 587 autom
1421 567 1485 587 non
1509 557 1620 589 dubito
1644 558 1720 597 quin
1745 557 1864 588 Petrus
1892 557 2076 589 distinctam
2100 557 2260 589 rationem

1290 605 1402 630 notare
1421 599 1566 639 voluerit,
1585 610 1648 640 qua
1665 600 1754 631 Deus
1770 600 1931 638 gubernat
1948 599 2127 631 humanum
2145 610 2260 641 genus.

1290 642 1425 673 Graecis
1455 643 1541 673 enim
1566 643 1699 675 verbum
1723 642 1839 680 ÎºÏ„á½·Î¶ÎµÎ¹Î½
1868 641 1967 684 (unde
1990 652 2108 674 nomen
2128 642 2260 681 ÎºÏ„á½·ÏƒÎµÏ‰Ï‚

1289 684 1471 726 deducitur)
1500 685 1656 717 fabricare
1680 696 1716 717 ac
1740 685 1920 717 aedificium
1945 688 2070 716 struere
2091 685 2258 726 significat.

1289 726 1450 758 Convenit
1473 737 1550 768 ergo
1570 739 1688 760 nomen
1711 728 2008 767 ordinationis,
2032 738 2094 768 quo
2109 728 2262 760 admonet

1289 769 1420 808 Petrus,
1453 769 1561 801 Deum
1591 771 1703 802 mundi
1733 772 1878 811 opificem
1909 781 1974 802 non
2004 771 2172 811 reliquisse
2202 771 2259 803 hu-

1289 821 1419 842 manum
1449 822 1553 853 genus
1582 813 1765 853 confusum,
1800 818 1836 845 ut
1866 813 2007 846 belluino
2037 823 2128 845 more
2150 815 2257 846 vivat:

1287 854 1343 886 sed
1367 854 1456 885 velut
1480 855 1513 886 in
1537 856 1680 888 aedificio
1704 858 1764 888 rite
1787 856 1943 898 disposito
1972 856 2115 896 singulas
2149 862 2258 897 partes

1288 907 1346 928 suo
1383 897 1451 929 loco
1487 908 1556 930 esse
1590 898 1789 932 distributas.
1845 900 1888 931 Et
1927 900 2104 931 humana
2141 900 2260 931 dicitur

1288 939 1517 979 ordinatio,
1549 951 1612 972 non
1647 942 1732 982 quod
1764 942 1953 974 humanitus
1981 943 2114 974 inventa
2145 942 2259 974 fuerit:

1287 982 1344 1013 ssd
1374 984 1458 1022 quod
1490 984 1621 1024 propria
1644 984 1814 1017 hominum
1838 991 1887 1017 est
1911 985 2035 1026 digesta
2058 990 2089 1016 et
2111 984 2260 1017 ordinata

1287 1025 1419 1058 vivendi
1442 1026 1533 1058 ratio.

1373 1067 1446 1100 Sive
1467 1070 1541 1110 regi.
1587 1069 1759 1102 Caesarem
1788 1071 1834 1101 ita
1856 1069 2008 1111 appellat,
2039 1080 2107 1102 meo
2133 1070 2259 1111 iudicio,

1288 1111 1378 1142 cuius
1408 1112 1580 1152 imperium
1610 1113 1759 1153 regiones
1787 1112 1860 1144 illas
1888 1112 2087 1150 continebat,
2122 1123 2258 1153 quarum

1289 1154 1488 1186 mentionem
1526 1156 1600 1187 fecit
1638 1156 1731 1187 initio
1769 1155 1930 1196 epistolae.
1991 1156 2135 1188 Tametsi
2172 1157 2259 1187 enim

1289 1207 1406 1229 nomen
1430 1197 1491 1229 hoc
1514 1198 1750 1230 odiosissimum
1772 1203 1842 1230 erat
1859 1199 2033 1231 Romanis:
2058 1198 2143 1239 apud
2160 1198 2260 1231 Grae-

1288 1250 1344 1272 cos
1378 1245 1486 1272 tamen
1520 1241 1555 1272 in
1586 1252 1647 1273 usu
1679 1247 1756 1272 erat.
1808 1241 1976 1273 Vocabant
2005 1241 2133 1282 quidem
2165 1251 2260 1282 saepe

1288 1282 1520 1325 Î±á½Ï„Î¿ÎºÏá½±Ï„Î¿ÏÎ±,
1543 1284 1599 1316 sed
1621 1284 1783 1315 interdum
1807 1285 1904 1316 etiam
1924 1284 2069 1326 Î²Î±ÏƒÎ¹Î»Îµá½ºÏ‚
2092 1284 2156 1316 illis
2175 1284 2259 1316 dice-

1289 1326 1392 1358 batur.
1439 1326 1533 1366 Quod
1565 1332 1673 1358 autem
1703 1328 1861 1358 rationem
1885 1328 2023 1365 subiicit,
2054 1326 2125 1359 ideo
2149 1337 2260 1368 paren-

1289 1369 1366 1400 dum
1400 1368 1446 1400 illi
1480 1380 1551 1401 esse
1585 1370 1660 1410 quia
1694 1370 1822 1401 excellit
1855 1370 1908 1402 vel
1942 1371 2076 1408 eminet,
2112 1379 2175 1401 non
2210 1375 2260 1401 est

1288 1412 1487 1452 comparatio
1506 1412 1656 1444 Caesaris
1679 1422 1750 1444 cum
1775 1413 1846 1445 aliis
1870 1413 2123 1453 magistratibus.
2157 1413 2259 1444 'Pene-

1289 1455 1344 1486 bat
1374 1454 1504 1495 quidem
1533 1455 1587 1486 ille
1612 1465 1776 1487 summum
1799 1456 1986 1496 imperium:
2018 1455 2073 1488 sed
2097 1456 2159 1487 ista
2181 1456 2259 1487 emiÎ‡-

1289 1497 1411 1537 nentia,
1424 1508 1522 1538 quam
1539 1498 1659 1530 Petrus
1677 1498 1890 1537 commendat,
1913 1499 2064 1530 omnibus
2080 1498 2259 1530 communis

1289 1545 1337 1572 est
1353 1541 1407 1581 qui
1425 1540 1585 1580 publicam
1602 1545 1795 1581 potestatem
1813 1545 1974 1573 exercent.
2004 1541 2120 1580 Itaque
2136 1540 2259 1572 Paulus

1290 1583 1339 1615 13.
1363 1583 1404 1614 ad
1425 1583 1593 1615 Romanos
1623 1584 1728 1624 capite
1759 1584 1798 1615 ad
1826 1594 1939 1615 omues
1969 1584 2180 1624 magistratus
2203 1593 2259 1615 exâ€”

1289 1626 1403 1658 tendit.
1438 1626 1563 1658 Sensus
1587 1632 1694 1658 autem
1714 1631 1772 1665 est,
1797 1626 1904 1659 deberi
1924 1626 2075 1658 omnibus
2091 1627 2146 1667 qui
2169 1636 2260 1667 prae-

1287 1673 1364 1701 sunt
1393 1669 1618 1708 obedientiam,
1648 1669 1723 1710 quia
1745 1679 1812 1700 non
1835 1669 1969 1701 fortuito
1991 1670 2098 1702 evecti
2119 1675 2195 1701 sunt
2217 1669 2258 1701 ad

1287 1711 1453 1751 honorem,
1475 1711 1532 1743 sed
1549 1711 1611 1744 Dei
1631 1711 1844 1752 providentia.
1879 1711 1995 1745 Solent
2011 1714 2097 1744 enim
2116 1711 2260 1753 plerique

1288 1755 1425 1786 nimium
1448 1754 1636 1795 scrupulose
1658 1755 1820 1795 inquirere
1843 1765 1908 1796 quo
1928 1756 2062 1796 quisque
2077 1755 2147 1787 iure
2163 1754 2259 1796 adepâ€”

1288 1800 1341 1829 tus
1373 1798 1415 1829 sit
1447 1798 1638 1838 imperium:
1673 1798 1762 1838 atqui
1795 1798 1857 1831 hoc
1890 1798 1958 1830 solo
1989 1803 2156 1831 contentos
2190 1808 2260 1830 esse

1289 1840 1387 1879 decet,
1417 1841 1503 1881 quod
1534 1840 1684 1873 videmus
1714 1850 1769 1872 eos
1797 1841 1990 1881 praesidere.
2035 1841 2113 1873 Ideo
2136 1840 2260 1872 Paulus

1288 1894 1400 1915 ansam
1423 1884 1635 1924 supervacuis
1650 1883 1882 1916 obiectionibus
1901 1884 2066 1925 praecidit,
2090 1883 2167 1915 dum
2186 1893 2259 1924 pro-

1288 1927 1426 1965 nuntiat,
1456 1937 1520 1958 non
1552 1937 1623 1958 esse
1651 1930 1843 1967 potestatem
1874 1928 1935 1959 nisi
1966 1937 1985 1958 a
2008 1927 2088 1959 Deo.
2132 1927 2177 1958 Et
2199 1926 2260 1958 hac

1287 1970 1412 2001 ratione
1447 1970 1608 2010 scriptura
1641 1970 1736 2000 toties
1770 1974 2014 2010 commemorat,
2049 1969 2158 2002 Deum
2189 1979 2259 2001 esse

1288 2012 1340 2052 qui
1370 2022 1463 2053 reges
1491 2012 1631 2053 accingit
1660 2011 1778 2050 balteo,
1809 2012 1863 2053 qui
1895 2013 1990 2054 erigit
2018 2013 2105 2053 ipsos
2127 2012 2161 2044 in
2185 2011 2257 2044 subâ€”

1287 2054 1371 2093 lime,
1395 2055 1450 2095 qui
1474 2065 1575 2096 regna
1598 2055 1752 2086 transfert
1770 2065 1961 2096 quocunque
1978 2056 2126 2096 voluerit.
2161 2055 2258 2086 Prae-

1287 2098 1397 2129 sertim
1422 2108 1520 2138 quum
1551 2098 1590 2129 de
1620 2098 1815 2139 imperatore
1838 2108 1973 2130 romano
1996 2102 2106 2139 ageret
2129 2097 2257 2136 Petrus,

1287 2139 1371 2172 hanc
1394 2141 1648 2173 admonitionem
1669 2140 1743 2172 addi
1763 2151 1894 2172 necesse
1913 2142 1982 2173 fuit.
2017 2141 2154 2173 Certum
2170 2140 2257 2171 enim

1287 2187 1336 2215 est
1366 2183 1530 2216 Romanos
1564 2184 1657 2215 malis
1690 2183 1814 2215 artibus
1848 2184 1953 2224 potius
1982 2194 2079 2225 quam
2112 2183 2258 2225 legitima

1287 2236 1382 2258 causa
1415 2231 1603 2267 penetrasse
1636 2226 1671 2257 in
1701 2227 1826 2266 Asiam,
1860 2230 1892 2258 et
1921 2227 1981 2259 sibi
2009 2227 2157 2268 regiones
2183 2224 2256 2256 illas

1288 2269 1462 2310 subegisse.
1506 2269 1633 2301 Deinde
1656 2269 1824 2309 Caesares,
1853 2270 1906 2310 qui
1926 2274 2004 2301 tunc
2025 2279 2134 2301 rerum
2157 2267 2257 2308 potie-

1288 2312 1416 2351 bantur,
1446 2312 1665 2344 monarchiam
1689 2313 1721 2344 vi
1752 2313 1923 2353 tyrannica
1952 2313 1991 2344 ad
2015 2322 2049 2343 se
2071 2315 2256 2351 rapuerant.

1287 2354 1405 2386 Petrus
1435 2355 1543 2396 itaque
1569 2355 1649 2386 haec
1671 2355 1780 2386 omnia
1803 2356 1836 2386 in
1860 2355 2124 2395 disceptationem
2146 2353 2257 2386 vocari

1288 2398 1451 2437 prohibet:
1482 2398 1636 2438 quoniam
1666 2397 1787 2429 subditi
1815 2397 1933 2438 absque
1961 2396 2180 2429 controversia
2203 2396 2256 2426 ob-

1287 2440 1373 2472 edire
1397 2441 1569 2481 praefectis
1591 2441 1657 2472 suis
1677 2440 1824 2478 debeant,
1848 2440 1922 2480 quia
1938 2451 2003 2472 non
2019 2439 2172 2478 eminent,
2194 2438 2257 2469 nisi

1288 2483 1347 2515 Dei
1372 2493 1469 2515 manu
1493 2484 1526 2515 in
1549 2483 1686 2515 sublime
1709 2483 1822 2515 evecti.

1374 2526 1422 2559 14.
1448 2526 1520 2558 Sive
1537 2526 1747 2566 praesidibus.
1785 2525 1955 2564 Quoslibet
1977 2525 2186 2566 magistratus
2204 2523 2256 2554 de-

1287 2569 1403 2609 signat,
1429 2579 1465 2602 ac
1481 2570 1506 2601 si
1525 2570 1643 2601 diceret
1659 2569 1782 2600 nullam
1799 2578 1868 2600 esse
1883 2568 2022 2608 speeiem
2039 2568 2257 2608 praefecturae

1288 2612 1338 2642 cui
1361 2622 1424 2643 non
1449 2612 1606 2644 subiicere
1629 2621 1663 2643 se
1687 2611 1832 2643 debeant.
1877 2610 1949 2643 Hoc
1971 2612 2150 2649 confirmat,
2181 2609 2256 2650 quia

1288 2654 1348 2686 Dei
1378 2656 1444 2687 sint
1474 2654 1622 2686 ministri.
1675 2654 1760 2685 Nam
1791 2654 1845 2694 qui
1875 2663 2051 2694 pronomen
2081 2663 2182 2693 eum,
2216 2650 2256 2681 ad
