<?xml version="1.0" encoding="UTF-8"?>
<!DOCTYPE html PUBLIC "-//W3C//DTD XHTML 1.0 Transitional//EN"
    "http://www.w3.org/TR/xhtml1/DTD/xhtml1-transitional.dtd">
<html xmlns="http://www.w3.org/1999/xhtml" xml:lang="en" lang="en">
 <head>
  <title>
</title>
<meta http-equiv="Content-Type" content="text/html;charset=utf-8" />
  <meta name='ocr-system' content='tesseract 3.04.00' />
  <meta name='ocr-capabilities' content='ocr_page ocr_carea ocr_par ocr_line ocrx_word'/>
</head>
<body>
  <div class='ocr_page' id='page_1' title='image "./ioanniscalviniop55calv_0021.png"; bbox 0 0 2513 3126; ppageno 0'>
   <div class='ocr_carea' id='block_1_1' title="bbox 195 213 2198 250">
    <p class='ocr_par' dir='ltr' id='par_1_1' title="bbox 195 213 2198 250">
     <span class='ocr_line' id='line_1_1' title="bbox 195 213 2198 250; baseline 0.003 -7"><span class='ocrx_word' id='word_1_1' title='bbox 195 213 233 244; x_wconf 81' lang='lat'><em>21</em></span> <span class='ocrx_word' id='word_1_2' title='bbox 1090 213 1239 245; x_wconf 87' lang='lat' dir='ltr'>CAPUT</span> <span class='ocrx_word' id='word_1_3' title='bbox 1263 213 1306 244; x_wconf 90' lang='lat'><em>11.</em></span> <span class='ocrx_word' id='word_1_4' title='bbox 2156 220 2198 250; x_wconf 70' lang='lat'><em>22</em></span> 
     </span>
    </p>
   </div>
   <div class='ocr_carea' id='block_1_2' title="bbox 188 308 1168 598">
    <p class='ocr_par' dir='ltr' id='par_1_2' title="bbox 188 308 1168 598">
     <span class='ocr_line' id='line_1_2' title="bbox 194 308 1167 350; baseline -0.001 -10"><span class='ocrx_word' id='word_1_5' title='bbox 194 310 295 341; x_wconf 86' lang='lat' dir='ltr'><em>omnis</em></span> <span class='ocrx_word' id='word_1_6' title='bbox 323 310 527 350; x_wconf 64' lang='lat' dir='ltr'><em>transgressio</em></span> <span class='ocrx_word' id='word_1_7' title='bbox 556 312 581 341; x_wconf 86' lang='lat' dir='ltr'><em>et</em></span> <span class='ocrx_word' id='word_1_8' title='bbox 611 309 813 342; x_wconf 76' lang='lat' dir='ltr'><em>inobedientia</em></span> <span class='ocrx_word' id='word_1_9' title='bbox 843 308 957 339; x_wconf 82' lang='lat' dir='ltr'><em>iustam</em></span> <span class='ocrx_word' id='word_1_10' title='bbox 990 308 1101 347; x_wconf 77' lang='lat' dir='ltr'><em>aceepit</em></span> <span class='ocrx_word' id='word_1_11' title='bbox 1123 318 1167 339; x_wconf 84' lang='lat' dir='ltr'><em>re-</em></span> 
     </span>
     <span class='ocr_line' id='line_1_3' title="bbox 188 350 1168 392; baseline -0.003 -8"><span class='ocrx_word' id='word_1_12' title='bbox 188 353 370 392; x_wconf 74' lang='lat' dir='ltr'><em>pensionem</em></span> <span class='ocrx_word' id='word_1_13' title='bbox 391 353 556 384; x_wconf 83' lang='lat' dir='ltr'><em>mercedis:</em></span> <span class='ocrx_word' id='word_1_14' title='bbox 588 353 617 383; x_wconf 89' lang='lat'><em>3.</em></span> <span class='ocrx_word' id='word_1_15' title='bbox 644 350 799 391; x_wconf 75' lang='lat' dir='ltr'><em>Quomodo</em></span> <span class='ocrx_word' id='word_1_16' title='bbox 817 360 873 382; x_wconf 91' lang='lat' dir='ltr'><em>nos</em></span> <span class='ocrx_word' id='word_1_17' title='bbox 887 350 1067 391; x_wconf 68' lang='lat' dir='ltr'><em>efluyiemus</em></span> <span class='ocrx_word' id='word_1_18' title='bbox 1082 353 1168 382; x_wconf 84' lang='lat' dir='ltr'><em>tanta</em></span> 
     </span>
     <span class='ocr_line' id='line_1_4' title="bbox 194 393 1167 436; baseline -0.003 -9"><span class='ocrx_word' id='word_1_19' title='bbox 194 395 326 436; x_wconf 72' lang='lat' dir='ltr'><em>neqleeta</em></span> <span class='ocrx_word' id='word_1_20' title='bbox 355 395 479 427; x_wconf 77' lang='lat' dir='ltr'><em>salute?</em></span> <span class='ocrx_word' id='word_1_21' title='bbox 510 405 587 435; x_wconf 81' lang='lat' dir='ltr'><em>quae</em></span> <span class='ocrx_word' id='word_1_22' title='bbox 615 403 709 434; x_wconf 79' lang='lat' dir='ltr'><em>quum</em></span> <span class='ocrx_word' id='word_1_23' title='bbox 732 393 821 425; x_wconf 78' lang='lat' dir='ltr'><em>initio</em></span> <span class='ocrx_word' id='word_1_24' title='bbox 843 393 989 432; x_wconf 77' lang='lat' dir='ltr'><em>coepisset</em></span> <span class='ocrx_word' id='word_1_25' title='bbox 1021 394 1167 425; x_wconf 80' lang='lat' dir='ltr'><em>enarrari</em></span> 
     </span>
     <span class='ocr_line' id='line_1_5' title="bbox 188 436 1167 478; baseline -0.002 -9"><span class='ocrx_word' id='word_1_26' title='bbox 188 448 248 477; x_wconf 75' lang='lat' dir='ltr'><em>per</em></span> <span class='ocrx_word' id='word_1_27' title='bbox 263 437 444 478; x_wconf 84' lang='lat' dir='ltr'><em>Dominum,</em></span> <span class='ocrx_word' id='word_1_28' title='bbox 461 438 498 469; x_wconf 87' lang='lat' dir='ltr'><em>ab</em></span> <span class='ocrx_word' id='word_1_29' title='bbox 513 438 555 469; x_wconf 86' lang='lat' dir='ltr'><em>iis</em></span> <span class='ocrx_word' id='word_1_30' title='bbox 569 437 622 476; x_wconf 77' lang='lat' dir='ltr'><em>qui</em></span> <span class='ocrx_word' id='word_1_31' title='bbox 638 436 812 474; x_wconf 75' lang='lat' dir='ltr'><em>audierant,</em></span> <span class='ocrx_word' id='word_1_32' title='bbox 831 446 903 476; x_wconf 65' lang='lat' dir='ltr'><em>erga</em></span> <span class='ocrx_word' id='word_1_33' title='bbox 918 446 974 467; x_wconf 85' lang='lat' dir='ltr'><em>nos</em></span> <span class='ocrx_word' id='word_1_34' title='bbox 988 437 1167 475; x_wconf 79' lang='lat' dir='ltr'><em>confirmata</em></span> 
     </span>
     <span class='ocr_line' id='line_1_6' title="bbox 194 479 1168 520; baseline -0.002 -8"><span class='ocrx_word' id='word_1_35' title='bbox 194 480 274 520; x_wconf 82' lang='lat' dir='ltr'><em>fuit:</em></span> <span class='ocrx_word' id='word_1_36' title='bbox 318 481 349 512; x_wconf 89' lang='lat'><em>4.</em></span> <span class='ocrx_word' id='word_1_37' title='bbox 375 480 476 512; x_wconf 83' lang='lat' dir='ltr'><em>SimuZ</em></span> <span class='ocrx_word' id='word_1_38' title='bbox 506 481 660 511; x_wconf 82' lang='lat' dir='ltr'><em>attestante</em></span> <span class='ocrx_word' id='word_1_39' title='bbox 683 479 759 518; x_wconf 89' lang='lat' dir='ltr'><em>Deo,</em></span> <span class='ocrx_word' id='word_1_40' title='bbox 789 479 890 519; x_wconf 70' lang='lat' dir='ltr'><em>siquis</em></span> <span class='ocrx_word' id='word_1_41' title='bbox 915 482 942 510; x_wconf 79' lang='lat' dir='ltr'><em>et</em></span> <span class='ocrx_word' id='word_1_42' title='bbox 958 479 1118 519; x_wconf 73' lang='lat' dir='ltr'><em>prodiyiis</em></span> <span class='ocrx_word' id='word_1_43' title='bbox 1141 482 1168 510; x_wconf 90' lang='lat' dir='ltr'><em>et</em></span> 
     </span>
     <span class='ocr_line' id='line_1_7' title="bbox 194 521 1166 561; baseline -0.001 -8"><span class='ocrx_word' id='word_1_44' title='bbox 194 523 363 555; x_wconf 81' lang='lat' dir='ltr'><em>virtutibus</em></span> <span class='ocrx_word' id='word_1_45' title='bbox 399 523 499 555; x_wconf 81' lang='lat' dir='ltr'><em>variis</em></span> <span class='ocrx_word' id='word_1_46' title='bbox 531 524 557 552; x_wconf 85' lang='lat' dir='ltr'><em>et</em></span> <span class='ocrx_word' id='word_1_47' title='bbox 589 521 860 553; x_wconf 78' lang='lat' dir='ltr'><em>distributionibus</em></span> <span class='ocrx_word' id='word_1_48' title='bbox 892 522 1024 561; x_wconf 81' lang='lat' dir='ltr'><em>spiritus</em></span> <span class='ocrx_word' id='word_1_49' title='bbox 1056 522 1166 559; x_wconf 85' lang='lat' dir='ltr'><em>sancti,</em></span> 
     </span>
     <span class='ocr_line' id='line_1_8' title="bbox 193 564 663 598; baseline -0.006 -1"><span class='ocrx_word' id='word_1_50' title='bbox 193 567 360 598; x_wconf 86' lang='lat' dir='ltr'><em>seeundum</em></span> <span class='ocrx_word' id='word_1_51' title='bbox 382 567 450 597; x_wconf 86' lang='lat' dir='ltr'><em>eius</em></span> <span class='ocrx_word' id='word_1_52' title='bbox 470 564 663 596; x_wconf 81' lang='lat' dir='ltr'><em>voluntatem.</em></span> 
     </span>
    </p>
   </div>
   <div class='ocr_carea' id='block_1_3' title="bbox 181 648 1167 2702">
    <p class='ocr_par' dir='ltr' id='par_1_3' title="bbox 184 648 1167 2007">
     <span class='ocr_line' id='line_1_9' title="bbox 281 648 1167 690; baseline -0.005 -8"><span class='ocrx_word' id='word_1_53' title='bbox 281 652 308 683; x_wconf 91' lang='lat'><em>1.</em></span> <span class='ocrx_word' id='word_1_54' title='bbox 345 650 546 690; x_wconf 76' lang='lat' dir='ltr'><em>Quamobrem</em></span> <span class='ocrx_word' id='word_1_55' title='bbox 575 650 696 689; x_wconf 75' lang='lat' dir='ltr'><em>oportet.</em></span> <span class='ocrx_word' id='word_1_56' title='bbox 741 648 812 679; x_wconf 87' lang='lat' dir='ltr'><em>Iam</em></span> <span class='ocrx_word' id='word_1_57' title='bbox 842 648 984 679; x_wconf 81' lang='lat' dir='ltr'><em>declarat</em></span> <span class='ocrx_word' id='word_1_58' title='bbox 1013 658 1167 687; x_wconf 81' lang='lat' dir='ltr'><em>quorsum</em></span> 
     </span>
     <span class='ocr_line' id='line_1_10' title="bbox 194 690 1166 732; baseline -0.003 -8"><span class='ocrx_word' id='word_1_59' title='bbox 194 693 350 725; x_wconf 89' lang='lat' dir='ltr'><em>hactenus</em></span> <span class='ocrx_word' id='word_1_60' title='bbox 378 691 590 732; x_wconf 82' lang='lat' dir='ltr'><em>spectaverit,</em></span> <span class='ocrx_word' id='word_1_61' title='bbox 622 690 791 724; x_wconf 82' lang='lat' dir='ltr'><em>Christum</em></span> <span class='ocrx_word' id='word_1_62' title='bbox 823 700 897 722; x_wconf 92' lang='lat' dir='ltr'><em>cum</em></span> <span class='ocrx_word' id='word_1_63' title='bbox 929 691 1052 730; x_wconf 82' lang='lat' dir='ltr'><em>angelis</em></span> <span class='ocrx_word' id='word_1_64' title='bbox 1081 701 1166 722; x_wconf 92' lang='lat' dir='ltr'><em>com-</em></span> 
     </span>
     <span class='ocr_line' id='line_1_11' title="bbox 194 733 1167 777; baseline -0.004 -10"><span class='ocrx_word' id='word_1_65' title='bbox 194 737 354 777; x_wconf 87' lang='lat' dir='ltr'><em>parando:</em></span> <span class='ocrx_word' id='word_1_66' title='bbox 385 745 501 774; x_wconf 85' lang='lat' dir='ltr'><em>nempe</em></span> <span class='ocrx_word' id='word_1_67' title='bbox 523 740 560 765; x_wconf 93' lang='lat' dir='ltr'><em>ut</em></span> <span class='ocrx_word' id='word_1_68' title='bbox 586 735 653 765; x_wconf 89' lang='lat' dir='ltr'><em>eius</em></span> <span class='ocrx_word' id='word_1_69' title='bbox 677 733 843 765; x_wconf 90' lang='lat' dir='ltr'><em>doctrinae</em></span> <span class='ocrx_word' id='word_1_70' title='bbox 866 743 1025 764; x_wconf 89' lang='lat' dir='ltr'><em>summam</em></span> <span class='ocrx_word' id='word_1_71' title='bbox 1049 734 1167 764; x_wconf 85' lang='lat' dir='ltr'><em>autori-</em></span> 
     </span>
     <span class='ocr_line' id='line_1_12' title="bbox 193 775 1167 817; baseline -0.003 -8"><span class='ocrx_word' id='word_1_72' title='bbox 193 783 292 809; x_wconf 80' lang='lat' dir='ltr'><em>tatem</em></span> <span class='ocrx_word' id='word_1_73' title='bbox 315 784 487 817; x_wconf 87' lang='lat' dir='ltr'><em>comparet.</em></span> <span class='ocrx_word' id='word_1_74' title='bbox 526 777 609 808; x_wconf 85' lang='lat' dir='ltr'><em>Nam</em></span> <span class='ocrx_word' id='word_1_75' title='bbox 633 777 735 814; x_wconf 83' lang='lat' dir='ltr'><em>silex,</em></span> <span class='ocrx_word' id='word_1_76' title='bbox 759 786 840 816; x_wconf 90' lang='lat' dir='ltr'><em>quae</em></span> <span class='ocrx_word' id='word_1_77' title='bbox 863 786 920 815; x_wconf 85' lang='lat' dir='ltr'><em>per</em></span> <span class='ocrx_word' id='word_1_78' title='bbox 943 776 1075 816; x_wconf 79' lang='lat' dir='ltr'><em>angelos</em></span> <span class='ocrx_word' id='word_1_79' title='bbox 1092 775 1167 806; x_wconf 86' lang='lat' dir='ltr'><em>data</em></span> 
     </span>
     <span class='ocr_line' id='line_1_13' title="bbox 192 819 1166 859; baseline -0.003 -7"><span class='ocrx_word' id='word_1_80' title='bbox 192 821 261 858; x_wconf 90' lang='lat' dir='ltr'><em>fuit,</em></span> <span class='ocrx_word' id='word_1_81' title='bbox 290 831 354 851; x_wconf 88' lang='lat' dir='ltr'><em>non</em></span> <span class='ocrx_word' id='word_1_82' title='bbox 384 819 493 850; x_wconf 86' lang='lat' dir='ltr'><em>debuit</em></span> <span class='ocrx_word' id='word_1_83' title='bbox 521 819 730 859; x_wconf 82' lang='lat' dir='ltr'><em>contemptim</em></span> <span class='ocrx_word' id='word_1_84' title='bbox 762 819 871 859; x_wconf 81' lang='lat' dir='ltr'><em>recipi,</em></span> <span class='ocrx_word' id='word_1_85' title='bbox 902 823 933 849; x_wconf 90' lang='lat' dir='ltr'><em>et</em></span> <span class='ocrx_word' id='word_1_86' title='bbox 963 820 1031 849; x_wconf 89' lang='lat' dir='ltr'><em>eius</em></span> <span class='ocrx_word' id='word_1_87' title='bbox 1062 824 1166 850; x_wconf 85' lang='lat' dir='ltr'><em>trans-</em></span> 
     </span>
     <span class='ocr_line' id='line_1_14' title="bbox 192 861 1166 905; baseline -0.004 -10"><span class='ocrx_word' id='word_1_88' title='bbox 192 863 313 905; x_wconf 78' lang='lat' dir='ltr'><em>gressio</em></span> <span class='ocrx_word' id='word_1_89' title='bbox 342 863 496 903; x_wconf 82' lang='lat' dir='ltr'><em>gravibus</em></span> <span class='ocrx_word' id='word_1_90' title='bbox 525 863 638 902; x_wconf 88' lang='lat' dir='ltr'><em>poenis</em></span> <span class='ocrx_word' id='word_1_91' title='bbox 666 862 788 893; x_wconf 89' lang='lat' dir='ltr'><em>sancita</em></span> <span class='ocrx_word' id='word_1_92' title='bbox 812 861 888 892; x_wconf 84' lang='lat' dir='ltr'><em>fuit:</em></span> <span class='ocrx_word' id='word_1_93' title='bbox 922 861 998 901; x_wconf 90' lang='lat' dir='ltr'><em>quid</em></span> <span class='ocrx_word' id='word_1_94' title='bbox 1022 862 1166 892; x_wconf 74' lang='lat' dir='ltr'><em>futurum</em></span> 
     </span>
     <span class='ocr_line' id='line_1_15' title="bbox 193 904 1165 946; baseline -0.003 -9"><span class='ocrx_word' id='word_1_95' title='bbox 193 912 248 942; x_wconf 78' lang='lat' dir='ltr'><em>est,</em></span> <span class='ocrx_word' id='word_1_96' title='bbox 272 906 385 944; x_wconf 87' lang='lat' dir='ltr'><em>inquit,</em></span> <span class='ocrx_word' id='word_1_97' title='bbox 409 906 570 946; x_wconf 86' lang='lat' dir='ltr'><em>evangelii</em></span> <span class='ocrx_word' id='word_1_98' title='bbox 592 904 876 945; x_wconf 75' lang='lat' dir='ltr'><em>contemptoribus,</em></span> <span class='ocrx_word' id='word_1_99' title='bbox 901 904 985 944; x_wconf 87' lang='lat' dir='ltr'><em>quod</em></span> <span class='ocrx_word' id='word_1_100' title='bbox 1009 910 1040 935; x_wconf 91' lang='lat' dir='ltr'><em>et</em></span> <span class='ocrx_word' id='word_1_101' title='bbox 1063 904 1165 935; x_wconf 90' lang='lat' dir='ltr'><em>filium</em></span> 
     </span>
     <span class='ocr_line' id='line_1_16' title="bbox 192 947 1165 986; baseline -0.002 -7"><span class='ocrx_word' id='word_1_102' title='bbox 192 949 253 980; x_wconf 90' lang='lat' dir='ltr'><em>Dei</em></span> <span class='ocrx_word' id='word_1_103' title='bbox 282 948 378 979; x_wconf 85' lang='lat' dir='ltr'><em>habet</em></span> <span class='ocrx_word' id='word_1_104' title='bbox 401 954 557 986; x_wconf 87' lang='lat' dir='ltr'><em>autorem,</em></span> <span class='ocrx_word' id='word_1_105' title='bbox 589 951 621 978; x_wconf 88' lang='lat' dir='ltr'><em>et</em></span> <span class='ocrx_word' id='word_1_106' title='bbox 651 953 699 978; x_wconf 91' lang='lat' dir='ltr'><em>tot</em></span> <span class='ocrx_word' id='word_1_107' title='bbox 722 947 887 978; x_wconf 89' lang='lat' dir='ltr'><em>miraculis</em></span> <span class='ocrx_word' id='word_1_108' title='bbox 911 947 971 977; x_wconf 82' lang='lat' dir='ltr'><em>fuit</em></span> <span class='ocrx_word' id='word_1_109' title='bbox 995 947 1165 978; x_wconf 86' lang='lat' dir='ltr'><em>confirma·</em></span> 
     </span>
     <span class='ocr_line' id='line_1_17' title="bbox 191 988 1166 1030; baseline -0.003 -8"><span class='ocrx_word' id='word_1_110' title='bbox 191 990 282 1022; x_wconf 77' lang='lat' dir='ltr'><em>tum?</em></span> <span class='ocrx_word' id='word_1_111' title='bbox 337 991 428 1022; x_wconf 89' lang='lat' dir='ltr'><em>Haec</em></span> <span class='ocrx_word' id='word_1_112' title='bbox 461 1001 588 1022; x_wconf 89' lang='lat' dir='ltr'><em>summa</em></span> <span class='ocrx_word' id='word_1_113' title='bbox 621 996 684 1028; x_wconf 90' lang='lat' dir='ltr'><em>est,</em></span> <span class='ocrx_word' id='word_1_114' title='bbox 722 1000 786 1030; x_wconf 92' lang='lat' dir='ltr'><em>quo</em></span> <span class='ocrx_word' id='word_1_115' title='bbox 824 990 926 1020; x_wconf 87' lang='lat' dir='ltr'><em>maior</em></span> <span class='ocrx_word' id='word_1_116' title='bbox 960 996 1008 1020; x_wconf 83' lang='lat' dir='ltr'><em>est</em></span> <span class='ocrx_word' id='word_1_117' title='bbox 1042 988 1166 1020; x_wconf 84' lang='lat' dir='ltr'><em>Christi</em></span> 
     </span>
     <span class='ocr_line' id='line_1_18' title="bbox 190 1031 1165 1074; baseline -0.002 -10"><span class='ocrx_word' id='word_1_118' title='bbox 190 1034 330 1074; x_wconf 78' lang='lat' dir='ltr'><em>dignitas</em></span> <span class='ocrx_word' id='word_1_119' title='bbox 354 1044 450 1074; x_wconf 87' lang='lat' dir='ltr'><em>quam</em></span> <span class='ocrx_word' id='word_1_120' title='bbox 471 1033 670 1074; x_wconf 88' lang='lat' dir='ltr'><em>angelorum,</em></span> <span class='ocrx_word' id='word_1_121' title='bbox 694 1043 731 1064; x_wconf 89' lang='lat' dir='ltr'><em>eo</em></span> <span class='ocrx_word' id='word_1_122' title='bbox 751 1033 822 1072; x_wconf 89' lang='lat' dir='ltr'><em>plus</em></span> <span class='ocrx_word' id='word_1_123' title='bbox 838 1033 1041 1063; x_wconf 86' lang='lat' dir='ltr'><em>reverentiae</em></span> <span class='ocrx_word' id='word_1_124' title='bbox 1058 1031 1165 1063; x_wconf 87' lang='lat' dir='ltr'><em>deberi</em></span> 
     </span>
     <span class='ocr_line' id='line_1_19' title="bbox 189 1075 1167 1117; baseline -0.002 -10"><span class='ocrx_word' id='word_1_125' title='bbox 189 1076 358 1117; x_wconf 88' lang='lat' dir='ltr'><em>evangelio</em></span> <span class='ocrx_word' id='word_1_126' title='bbox 388 1087 483 1116; x_wconf 91' lang='lat' dir='ltr'><em>quam</em></span> <span class='ocrx_word' id='word_1_127' title='bbox 513 1076 587 1116; x_wconf 85' lang='lat' dir='ltr'><em>legi.</em></span> <span class='ocrx_word' id='word_1_128' title='bbox 633 1076 684 1107; x_wconf 88' lang='lat' dir='ltr'><em>Ita</em></span> <span class='ocrx_word' id='word_1_129' title='bbox 713 1075 752 1107; x_wconf 91' lang='lat' dir='ltr'><em>ab</em></span> <span class='ocrx_word' id='word_1_130' title='bbox 783 1076 902 1106; x_wconf 87' lang='lat' dir='ltr'><em>autoris</em></span> <span class='ocrx_word' id='word_1_131' title='bbox 933 1085 1070 1114; x_wconf 89' lang='lat' dir='ltr'><em>persona</em></span> <span class='ocrx_word' id='word_1_132' title='bbox 1094 1075 1167 1105; x_wconf 89' lang='lat' dir='ltr'><em>doc-</em></span> 
     </span>
     <span class='ocr_line' id='line_1_20' title="bbox 189 1117 1166 1150; baseline -0.002 0"><span class='ocrx_word' id='word_1_133' title='bbox 189 1120 309 1150; x_wconf 87' lang='lat' dir='ltr'><em>trinam</em></span> <span class='ocrx_word' id='word_1_134' title='bbox 347 1120 562 1150; x_wconf 86' lang='lat' dir='ltr'><em>commendat.</em></span> <span class='ocrx_word' id='word_1_135' title='bbox 619 1118 655 1150; x_wconf 82' lang='lat' dir='ltr'><em>Si</em></span> <span class='ocrx_word' id='word_1_136' title='bbox 694 1119 745 1150; x_wconf 91' lang='lat' dir='ltr'><em>cui</em></span> <span class='ocrx_word' id='word_1_137' title='bbox 784 1123 892 1149; x_wconf 89' lang='lat' dir='ltr'><em>autem</em></span> <span class='ocrx_word' id='word_1_138' title='bbox 927 1117 1075 1149; x_wconf 87' lang='lat' dir='ltr'><em>videatur</em></span> <span class='ocrx_word' id='word_1_139' title='bbox 1113 1118 1166 1148; x_wconf 88' lang='lat' dir='ltr'><em>ab·</em></span> 
     </span>
     <span class='ocr_line' id='line_1_21' title="bbox 190 1161 1165 1202; baseline -0.002 -9"><span class='ocrx_word' id='word_1_140' title='bbox 190 1161 340 1202; x_wconf 87' lang='lat' dir='ltr'><em>surdum,</em></span> <span class='ocrx_word' id='word_1_141' title='bbox 375 1172 473 1202; x_wconf 91' lang='lat' dir='ltr'><em>quum</em></span> <span class='ocrx_word' id='word_1_142' title='bbox 506 1166 641 1201; x_wconf 89' lang='lat' dir='ltr'><em>utraque</em></span> <span class='ocrx_word' id='word_1_143' title='bbox 671 1161 831 1197; x_wconf 86' lang='lat' dir='ltr'><em>doctrina,</em></span> <span class='ocrx_word' id='word_1_144' title='bbox 863 1168 928 1191; x_wconf 90' lang='lat' dir='ltr'><em>tam</em></span> <span class='ocrx_word' id='word_1_145' title='bbox 960 1161 1041 1201; x_wconf 90' lang='lat' dir='ltr'><em>legis</em></span> <span class='ocrx_word' id='word_1_146' title='bbox 1069 1170 1165 1201; x_wconf 89' lang='lat' dir='ltr'><em>quam</em></span> 
     </span>
     <span class='ocr_line' id='line_1_22' title="bbox 190 1203 1166 1245; baseline -0.002 -10"><span class='ocrx_word' id='word_1_147' title='bbox 190 1205 358 1245; x_wconf 89' lang='lat' dir='ltr'><em>evangelii,</em></span> <span class='ocrx_word' id='word_1_148' title='bbox 383 1215 424 1235; x_wconf 81' lang='lat' dir='ltr'><em>ex</em></span> <span class='ocrx_word' id='word_1_149' title='bbox 446 1204 518 1235; x_wconf 90' lang='lat' dir='ltr'><em>Deo</em></span> <span class='ocrx_word' id='word_1_150' title='bbox 541 1205 593 1243; x_wconf 88' lang='lat' dir='ltr'><em>sit,</em></span> <span class='ocrx_word' id='word_1_151' title='bbox 613 1204 749 1235; x_wconf 85' lang='lat' dir='ltr'><em>alteram</em></span> <span class='ocrx_word' id='word_1_152' title='bbox 773 1203 867 1234; x_wconf 90' lang='lat' dir='ltr'><em>alteri</em></span> <span class='ocrx_word' id='word_1_153' title='bbox 887 1203 1051 1243; x_wconf 86' lang='lat' dir='ltr'><em>praeferri,</em></span> <span class='ocrx_word' id='word_1_154' title='bbox 1074 1203 1166 1243; x_wconf 88' lang='lat' dir='ltr'><em>quasi</em></span> 
     </span>
     <span class='ocr_line' id='line_1_23' title="bbox 188 1246 1164 1288; baseline -0.002 -10"><span class='ocrx_word' id='word_1_155' title='bbox 188 1247 261 1288; x_wconf 88' lang='lat' dir='ltr'><em>lege</em></span> <span class='ocrx_word' id='word_1_156' title='bbox 284 1246 466 1287; x_wconf 86' lang='lat' dir='ltr'><em>posthabita</em></span> <span class='ocrx_word' id='word_1_157' title='bbox 488 1248 701 1278; x_wconf 86' lang='lat' dir='ltr'><em>imminuatur</em></span> <span class='ocrx_word' id='word_1_158' title='bbox 719 1246 781 1278; x_wconf 88' lang='lat' dir='ltr'><em>Dei</em></span> <span class='ocrx_word' id='word_1_159' title='bbox 805 1247 972 1277; x_wconf 88' lang='lat' dir='ltr'><em>maiestas:</em></span> <span class='ocrx_word' id='word_1_160' title='bbox 997 1246 1164 1286; x_wconf 76' lang='lat' dir='ltr'><em>responsio</em></span> 
     </span>
     <span class='ocr_line' id='line_1_24' title="bbox 190 1289 1164 1330; baseline -0.001 -10"><span class='ocrx_word' id='word_1_161' title='bbox 190 1290 291 1322; x_wconf 84' lang='lat' dir='ltr'><em>facilis</em></span> <span class='ocrx_word' id='word_1_162' title='bbox 314 1293 372 1327; x_wconf 89' lang='lat' dir='ltr'><em>est,</em></span> <span class='ocrx_word' id='word_1_163' title='bbox 397 1300 525 1330; x_wconf 91' lang='lat' dir='ltr'><em>semper</em></span> <span class='ocrx_word' id='word_1_164' title='bbox 547 1289 677 1330; x_wconf 92' lang='lat' dir='ltr'><em>quidem</em></span> <span class='ocrx_word' id='word_1_165' title='bbox 701 1299 801 1329; x_wconf 86' lang='lat' dir='ltr'><em>aeque</em></span> <span class='ocrx_word' id='word_1_166' title='bbox 824 1289 1020 1320; x_wconf 89' lang='lat' dir='ltr'><em>audiendum</em></span> <span class='ocrx_word' id='word_1_167' title='bbox 1040 1289 1164 1329; x_wconf 88' lang='lat' dir='ltr'><em>quoties</em></span> 
     </span>
     <span class='ocr_line' id='line_1_25' title="bbox 188 1331 1164 1373; baseline -0.003 -9"><span class='ocrx_word' id='word_1_168' title='bbox 188 1333 344 1373; x_wconf 87' lang='lat' dir='ltr'><em>loquitur:</em></span> <span class='ocrx_word' id='word_1_169' title='bbox 379 1343 442 1373; x_wconf 91' lang='lat' dir='ltr'><em>quo</em></span> <span class='ocrx_word' id='word_1_170' title='bbox 477 1340 586 1364; x_wconf 86' lang='lat' dir='ltr'><em>tamen</em></span> <span class='ocrx_word' id='word_1_171' title='bbox 620 1332 744 1372; x_wconf 86' lang='lat' dir='ltr'><em>plenius</em></span> <span class='ocrx_word' id='word_1_172' title='bbox 777 1343 812 1363; x_wconf 89' lang='lat' dir='ltr'><em>se</em></span> <span class='ocrx_word' id='word_1_173' title='bbox 846 1331 938 1363; x_wconf 88' lang='lat' dir='ltr'><em>nobis</em></span> <span class='ocrx_word' id='word_1_174' title='bbox 970 1332 1164 1371; x_wconf 83' lang='lat' dir='ltr'><em>manifestat,</em></span> 
     </span>
     <span class='ocr_line' id='line_1_26' title="bbox 188 1374 1165 1415; baseline -0.001 -9"><span class='ocrx_word' id='word_1_175' title='bbox 188 1385 328 1415; x_wconf 88' lang='lat' dir='ltr'><em>aequum</em></span> <span class='ocrx_word' id='word_1_176' title='bbox 351 1386 419 1407; x_wconf 86' lang='lat' dir='ltr'><em>esse</em></span> <span class='ocrx_word' id='word_1_177' title='bbox 442 1382 478 1406; x_wconf 91' lang='lat' dir='ltr'><em>ut</em></span> <span class='ocrx_word' id='word_1_178' title='bbox 502 1386 559 1415; x_wconf 91' lang='lat' dir='ltr'><em>pro</em></span> <span class='ocrx_word' id='word_1_179' title='bbox 582 1375 676 1406; x_wconf 89' lang='lat' dir='ltr'><em>modo</em></span> <span class='ocrx_word' id='word_1_180' title='bbox 699 1375 907 1406; x_wconf 86' lang='lat' dir='ltr'><em>revelationis</em></span> <span class='ocrx_word' id='word_1_181' title='bbox 930 1374 1025 1405; x_wconf 88' lang='lat' dir='ltr'><em>simul</em></span> <span class='ocrx_word' id='word_1_182' title='bbox 1042 1380 1165 1406; x_wconf 87' lang='lat' dir='ltr'><em>crescat</em></span> 
     </span>
     <span class='ocr_line' id='line_1_27' title="bbox 188 1417 1164 1457; baseline -0.001 -8"><span class='ocrx_word' id='word_1_183' title='bbox 188 1420 298 1455; x_wconf 81' lang='lat' dir='ltr'><em>timor,</em></span> <span class='ocrx_word' id='word_1_184' title='bbox 332 1425 364 1449; x_wconf 87' lang='lat' dir='ltr'><em>et</em></span> <span class='ocrx_word' id='word_1_185' title='bbox 390 1419 559 1449; x_wconf 91' lang='lat' dir='ltr'><em>obediendi</em></span> <span class='ocrx_word' id='word_1_186' title='bbox 590 1418 743 1449; x_wconf 88' lang='lat' dir='ltr'><em>studium.</em></span> <span class='ocrx_word' id='word_1_187' title='bbox 797 1418 870 1449; x_wconf 92' lang='lat' dir='ltr'><em>Non</em></span> <span class='ocrx_word' id='word_1_188' title='bbox 900 1417 984 1457; x_wconf 90' lang='lat' dir='ltr'><em>quod</em></span> <span class='ocrx_word' id='word_1_189' title='bbox 1009 1417 1100 1448; x_wconf 87' lang='lat' dir='ltr'><em>Deu&#39;s</em></span> <span class='ocrx_word' id='word_1_190' title='bbox 1130 1428 1164 1448; x_wconf 86' lang='lat' dir='ltr'><em>se</em></span> 
     </span>
     <span class='ocr_line' id='line_1_28' title="bbox 187 1459 1164 1501; baseline -0.002 -9"><span class='ocrx_word' id='word_1_191' title='bbox 187 1461 257 1501; x_wconf 88' lang='lat' dir='ltr'><em>ipso</em></span> <span class='ocrx_word' id='word_1_192' title='bbox 288 1463 395 1493; x_wconf 87' lang='lat' dir='ltr'><em>minor</em></span> <span class='ocrx_word' id='word_1_193' title='bbox 423 1463 466 1492; x_wconf 90' lang='lat' dir='ltr'><em>sit</em></span> <span class='ocrx_word' id='word_1_194' title='bbox 497 1472 562 1492; x_wconf 91' lang='lat' dir='ltr'><em>uno</em></span> <span class='ocrx_word' id='word_1_195' title='bbox 586 1468 730 1501; x_wconf 88' lang='lat' dir='ltr'><em>tempore</em></span> <span class='ocrx_word' id='word_1_196' title='bbox 761 1471 856 1501; x_wconf 91' lang='lat' dir='ltr'><em>quam</em></span> <span class='ocrx_word' id='word_1_197' title='bbox 887 1461 965 1491; x_wconf 87' lang='lat' dir='ltr'><em>alio:</em></span> <span class='ocrx_word' id='word_1_198' title='bbox 1001 1459 1057 1491; x_wconf 91' lang='lat' dir='ltr'><em>sed</em></span> <span class='ocrx_word' id='word_1_199' title='bbox 1088 1460 1164 1500; x_wconf 88' lang='lat' dir='ltr'><em>quia</em></span> 
     </span>
     <span class='ocr_line' id='line_1_29' title="bbox 189 1503 1162 1544; baseline -0.001 -10"><span class='ocrx_word' id='word_1_200' title='bbox 189 1514 246 1535; x_wconf 89' lang='lat' dir='ltr'><em>nos</em></span> <span class='ocrx_word' id='word_1_201' title='bbox 269 1505 339 1535; x_wconf 87' lang='lat' dir='ltr'><em>eius</em></span> <span class='ocrx_word' id='word_1_202' title='bbox 363 1504 621 1544; x_wconf 84' lang='lat' dir='ltr'><em>magnitudinem</em></span> <span class='ocrx_word' id='word_1_203' title='bbox 646 1514 710 1535; x_wconf 90' lang='lat' dir='ltr'><em>non</em></span> <span class='ocrx_word' id='word_1_204' title='bbox 730 1503 907 1543; x_wconf 87' lang='lat' dir='ltr'><em>aequaliter</em></span> <span class='ocrx_word' id='word_1_205' title='bbox 922 1513 1049 1542; x_wconf 84' lang='lat' dir='ltr'><em>semper</em></span> <span class='ocrx_word' id='word_1_206' title='bbox 1065 1513 1162 1543; x_wconf 88' lang='lat' dir='ltr'><em>agno-</em></span> 
     </span>
     <span class='ocr_line' id='line_1_30' title="bbox 187 1546 1163 1586; baseline -0.002 -8"><span class='ocrx_word' id='word_1_207' title='bbox 187 1547 317 1578; x_wconf 86' lang='lat' dir='ltr'><em>scimus.</em></span> <span class='ocrx_word' id='word_1_208' title='bbox 368 1547 525 1578; x_wconf 84' lang='lat' dir='ltr'><em>Exoritur</em></span> <span class='ocrx_word' id='word_1_209' title='bbox 559 1547 654 1577; x_wconf 86' lang='lat' dir='ltr'><em>etiam</em></span> <span class='ocrx_word' id='word_1_210' title='bbox 690 1547 741 1577; x_wconf 87' lang='lat' dir='ltr'><em>hic</em></span> <span class='ocrx_word' id='word_1_211' title='bbox 773 1546 932 1586; x_wconf 82' lang='lat' dir='ltr'><em>quaestio,</em></span> <span class='ocrx_word' id='word_1_212' title='bbox 967 1556 1076 1576; x_wconf 86' lang='lat' dir='ltr'><em>annon</em></span> <span class='ocrx_word' id='word_1_213' title='bbox 1111 1546 1163 1576; x_wconf 81' lang='lat' dir='ltr'><em>lex</em></span> 
     </span>
     <span class='ocr_line' id='line_1_31' title="bbox 187 1588 1162 1630; baseline -0.001 -10"><span class='ocrx_word' id='word_1_214' title='bbox 187 1590 284 1620; x_wconf 87' lang='lat' dir='ltr'><em>etiam</em></span> <span class='ocrx_word' id='word_1_215' title='bbox 310 1589 384 1620; x_wconf 87' lang='lat' dir='ltr'><em>data</em></span> <span class='ocrx_word' id='word_1_216' title='bbox 407 1590 447 1621; x_wconf 87' lang='lat' dir='ltr'><em>sit</em></span> <span class='ocrx_word' id='word_1_217' title='bbox 471 1601 527 1630; x_wconf 92' lang='lat' dir='ltr'><em>per</em></span> <span class='ocrx_word' id='word_1_218' title='bbox 551 1600 683 1620; x_wconf 89' lang='lat' dir='ltr'><em>manum</em></span> <span class='ocrx_word' id='word_1_219' title='bbox 703 1589 834 1621; x_wconf 84' lang='lat' dir='ltr'><em>Christi.</em></span> <span class='ocrx_word' id='word_1_220' title='bbox 871 1588 964 1627; x_wconf 82' lang='lat' dir='ltr'><em>Quod</em></span> <span class='ocrx_word' id='word_1_221' title='bbox 988 1589 1014 1620; x_wconf 90' lang='lat' dir='ltr'><em>si</em></span> <span class='ocrx_word' id='word_1_222' title='bbox 1038 1589 1084 1619; x_wconf 87' lang='lat' dir='ltr'><em>ita</em></span> <span class='ocrx_word' id='word_1_223' title='bbox 1105 1594 1162 1626; x_wconf 89' lang='lat' dir='ltr'><em>est,</em></span> 
     </span>
     <span class='ocr_line' id='line_1_32' title="bbox 187 1631 1162 1673; baseline -0.001 -10"><span class='ocrx_word' id='word_1_224' title='bbox 187 1632 318 1663; x_wconf 89' lang='lat' dir='ltr'><em>videtur</em></span> <span class='ocrx_word' id='word_1_225' title='bbox 347 1633 522 1664; x_wconf 88' lang='lat' dir='ltr'><em>absurdum</em></span> <span class='ocrx_word' id='word_1_226' title='bbox 553 1643 622 1664; x_wconf 88' lang='lat' dir='ltr'><em>esse</em></span> <span class='ocrx_word' id='word_1_227' title='bbox 651 1637 877 1673; x_wconf 86' lang='lat' dir='ltr'><em>argumentum</em></span> <span class='ocrx_word' id='word_1_228' title='bbox 908 1631 1051 1671; x_wconf 90' lang='lat' dir='ltr'><em>apostoli.</em></span> <span class='ocrx_word' id='word_1_229' title='bbox 1097 1631 1162 1662; x_wconf 87' lang='lat' dir='ltr'><em>Re-</em></span> 
     </span>
     <span class='ocr_line' id='line_1_33' title="bbox 187 1674 1162 1715; baseline -0.003 -8"><span class='ocrx_word' id='word_1_230' title='bbox 187 1675 338 1715; x_wconf 79' lang='lat' dir='ltr'><em>spondeo,</em></span> <span class='ocrx_word' id='word_1_231' title='bbox 369 1676 400 1706; x_wconf 93' lang='lat' dir='ltr'><em>in</em></span> <span class='ocrx_word' id='word_1_232' title='bbox 425 1675 485 1708; x_wconf 80' lang='lat' dir='ltr'><em>hac</em></span> <span class='ocrx_word' id='word_1_233' title='bbox 508 1675 747 1715; x_wconf 83' lang='lat' dir='ltr'><em>comparatione</em></span> <span class='ocrx_word' id='word_1_234' title='bbox 770 1674 881 1706; x_wconf 85' lang='lat' dir='ltr'><em>haberi</em></span> <span class='ocrx_word' id='word_1_235' title='bbox 904 1674 1062 1705; x_wconf 85' lang='lat' dir='ltr'><em>rationem</em></span> <span class='ocrx_word' id='word_1_236' title='bbox 1086 1674 1162 1705; x_wconf 90' lang='lat' dir='ltr'><em>hinc</em></span> 
     </span>
     <span class='ocr_line' id='line_1_34' title="bbox 186 1716 1160 1758; baseline -0.003 -8"><span class='ocrx_word' id='word_1_237' title='bbox 186 1718 338 1758; x_wconf 83' lang='lat' dir='ltr'><em>occultae,</em></span> <span class='ocrx_word' id='word_1_238' title='bbox 367 1718 456 1750; x_wconf 90' lang='lat' dir='ltr'><em>illinc</em></span> <span class='ocrx_word' id='word_1_239' title='bbox 486 1719 676 1749; x_wconf 85' lang='lat' dir='ltr'><em>manifestae</em></span> <span class='ocrx_word' id='word_1_240' title='bbox 707 1717 922 1749; x_wconf 89' lang='lat' dir='ltr'><em>revelationis.</em></span> <span class='ocrx_word' id='word_1_241' title='bbox 968 1716 1037 1747; x_wconf 89' lang='lat' dir='ltr'><em>Iam</em></span> <span class='ocrx_word' id='word_1_242' title='bbox 1062 1727 1160 1757; x_wconf 91' lang='lat' dir='ltr'><em>quum</em></span> 
     </span>
     <span class='ocr_line' id='line_1_35' title="bbox 185 1760 1161 1801; baseline -0.001 -10"><span class='ocrx_word' id='word_1_243' title='bbox 185 1762 220 1791; x_wconf 94' lang='lat' dir='ltr'><em>in</em></span> <span class='ocrx_word' id='word_1_244' title='bbox 250 1760 321 1801; x_wconf 90' lang='lat' dir='ltr'><em>lege</em></span> <span class='ocrx_word' id='word_1_245' title='bbox 352 1761 485 1792; x_wconf 85' lang='lat' dir='ltr'><em>ferenda</em></span> <span class='ocrx_word' id='word_1_246' title='bbox 508 1761 658 1793; x_wconf 89' lang='lat' dir='ltr'><em>Christus</em></span> <span class='ocrx_word' id='word_1_247' title='bbox 692 1761 829 1792; x_wconf 87' lang='lat' dir='ltr'><em>obscure</em></span> <span class='ocrx_word' id='word_1_248' title='bbox 859 1771 893 1791; x_wconf 87' lang='lat' dir='ltr'><em>se</em></span> <span class='ocrx_word' id='word_1_249' title='bbox 922 1764 953 1791; x_wconf 89' lang='lat' dir='ltr'><em>et</em></span> <span class='ocrx_word' id='word_1_250' title='bbox 980 1761 1072 1800; x_wconf 86' lang='lat' dir='ltr'><em>quasi</em></span> <span class='ocrx_word' id='word_1_251' title='bbox 1101 1760 1161 1791; x_wconf 88' lang='lat' dir='ltr'><em>sub</em></span> 
     </span>
     <span class='ocr_line' id='line_1_36' title="bbox 185 1803 1162 1842; baseline -0.001 -8"><span class='ocrx_word' id='word_1_252' title='bbox 185 1803 360 1835; x_wconf 86' lang='lat' dir='ltr'><em>involucris</em></span> <span class='ocrx_word' id='word_1_253' title='bbox 383 1804 615 1835; x_wconf 86' lang='lat' dir='ltr'><em>insinuaverit:</em></span> <span class='ocrx_word' id='word_1_254' title='bbox 639 1814 705 1836; x_wconf 89' lang='lat' dir='ltr'><em>non</em></span> <span class='ocrx_word' id='word_1_255' title='bbox 725 1803 843 1834; x_wconf 90' lang='lat' dir='ltr'><em>mirum</em></span> <span class='ocrx_word' id='word_1_256' title='bbox 866 1808 914 1834; x_wconf 88' lang='lat' dir='ltr'><em>est</em></span> <span class='ocrx_word' id='word_1_257' title='bbox 936 1803 962 1834; x_wconf 88' lang='lat' dir='ltr'><em>si</em></span> <span class='ocrx_word' id='word_1_258' title='bbox 986 1803 1162 1842; x_wconf 86' lang='lat' dir='ltr'><em>praeterita</em></span> 
     </span>
     <span class='ocr_line' id='line_1_37' title="bbox 186 1845 1162 1887; baseline 0 -11"><span class='ocrx_word' id='word_1_259' title='bbox 186 1846 255 1876; x_wconf 87' lang='lat' dir='ltr'><em>eins</em></span> <span class='ocrx_word' id='word_1_260' title='bbox 286 1847 460 1885; x_wconf 89' lang='lat' dir='ltr'><em>mentione,</em></span> <span class='ocrx_word' id='word_1_261' title='bbox 491 1848 614 1878; x_wconf 86' lang='lat' dir='ltr'><em>dicatur</em></span> <span class='ocrx_word' id='word_1_262' title='bbox 643 1857 701 1886; x_wconf 90' lang='lat' dir='ltr'><em>per</em></span> <span class='ocrx_word' id='word_1_263' title='bbox 733 1846 865 1887; x_wconf 84' lang='lat' dir='ltr'><em>angelos</em></span> <span class='ocrx_word' id='word_1_264' title='bbox 897 1846 1004 1877; x_wconf 89' lang='lat' dir='ltr'><em>allata.</em></span> <span class='ocrx_word' id='word_1_265' title='bbox 1050 1845 1162 1886; x_wconf 89' lang='lat' dir='ltr'><em>Neque</em></span> 
     </span>
     <span class='ocr_line' id='line_1_38' title="bbox 185 1888 1161 1930; baseline 0 -11"><span class='ocrx_word' id='word_1_266' title='bbox 185 1888 272 1919; x_wconf 85' lang='lat' dir='ltr'><em>enim</em></span> <span class='ocrx_word' id='word_1_267' title='bbox 307 1889 412 1929; x_wconf 87' lang='lat' dir='ltr'><em>palam</em></span> <span class='ocrx_word' id='word_1_268' title='bbox 443 1889 508 1921; x_wconf 91' lang='lat' dir='ltr'><em>illic</em></span> <span class='ocrx_word' id='word_1_269' title='bbox 541 1891 700 1930; x_wconf 85' lang='lat' dir='ltr'><em>apparuit.</em></span> <span class='ocrx_word' id='word_1_270' title='bbox 751 1890 795 1920; x_wconf 90' lang='lat' dir='ltr'><em>At</em></span> <span class='ocrx_word' id='word_1_271' title='bbox 826 1899 902 1920; x_wconf 87' lang='lat' dir='ltr'><em>vero</em></span> <span class='ocrx_word' id='word_1_272' title='bbox 933 1889 967 1919; x_wconf 88' lang='lat' dir='ltr'><em>in</em></span> <span class='ocrx_word' id='word_1_273' title='bbox 1002 1888 1161 1929; x_wconf 86' lang='lat' dir='ltr'><em>evangelii</em></span> 
     </span>
     <span class='ocr_line' id='line_1_39' title="bbox 186 1932 1161 1973; baseline 0 -11"><span class='ocrx_word' id='word_1_274' title='bbox 186 1932 444 1973; x_wconf 85' lang='lat' dir='ltr'><em>promulgatione</em></span> <span class='ocrx_word' id='word_1_275' title='bbox 479 1933 651 1972; x_wconf 90' lang='lat' dir='ltr'><em>conspicua</em></span> <span class='ocrx_word' id='word_1_276' title='bbox 681 1932 741 1964; x_wconf 86' lang='lat' dir='ltr'><em>fuit</em></span> <span class='ocrx_word' id='word_1_277' title='bbox 775 1932 843 1963; x_wconf 89' lang='lat' dir='ltr'><em>eius</em></span> <span class='ocrx_word' id='word_1_278' title='bbox 873 1932 992 1973; x_wconf 86' lang='lat' dir='ltr'><em>gloria,</em></span> <span class='ocrx_word' id='word_1_279' title='bbox 1027 1936 1064 1962; x_wconf 88' lang='lat' dir='ltr'><em>ut</em></span> <span class='ocrx_word' id='word_1_280' title='bbox 1092 1933 1161 1962; x_wconf 88' lang='lat' dir='ltr'><em>iure</em></span> 
     </span>
     <span class='ocr_line' id='line_1_40' title="bbox 184 1981 570 2007; baseline 0.005 -3"><span class='ocrx_word' id='word_1_281' title='bbox 184 1981 354 2005; x_wconf 85' lang='lat' dir='ltr'><em>censeatur</em></span> <span class='ocrx_word' id='word_1_282' title='bbox 377 1985 444 2006; x_wconf 84' lang='lat' dir='ltr'><em>eius</em></span> <span class='ocrx_word' id='word_1_283' title='bbox 468 1981 570 2007; x_wconf 82' lang='lat' dir='ltr'><em>autor.</em></span> 
     </span>
    </p>

    <p class='ocr_par' dir='ltr' id='par_1_4' title="bbox 181 2017 1161 2531">
     <span class='ocr_line' id='line_1_41' title="bbox 271 2017 1159 2058; baseline 0.001 -10"><span class='ocrx_word' id='word_1_284' title='bbox 271 2017 320 2048; x_wconf 84' lang='lat' dir='ltr'><em>Ne</em></span> <span class='ocrx_word' id='word_1_285' title='bbox 335 2018 459 2057; x_wconf 79' lang='lat' dir='ltr'><em>quando</em></span> <span class='ocrx_word' id='word_1_286' title='bbox 474 2019 668 2057; x_wconf 84' lang='lat' dir='ltr'><em>diffluamus.</em></span> <span class='ocrx_word' id='word_1_287' title='bbox 698 2017 734 2050; x_wconf 83' lang='lat' dir='ltr'><em>Si</em></span> <span class='ocrx_word' id='word_1_288' title='bbox 751 2018 864 2054; x_wconf 89' lang='lat' dir='ltr'><em>mavis,</em></span> <span class='ocrx_word' id='word_1_289' title='bbox 882 2019 1159 2058; x_wconf 85' lang='lat' dir='ltr'><em>praeterfluamus.</em></span> 
     </span>
     <span class='ocr_line' id='line_1_42' title="bbox 184 2058 1161 2101; baseline 0.002 -11"><span class='ocrx_word' id='word_1_290' title='bbox 184 2058 390 2100; x_wconf 79' lang='lat' dir='ltr'><em>Quamquam</em></span> <span class='ocrx_word' id='word_1_291' title='bbox 420 2061 452 2092; x_wconf 93' lang='lat' dir='ltr'><em>in</em></span> <span class='ocrx_word' id='word_1_292' title='bbox 481 2072 517 2093; x_wconf 87' lang='lat' dir='ltr'><em>ea</em></span> <span class='ocrx_word' id='word_1_293' title='bbox 546 2072 581 2092; x_wconf 89' lang='lat' dir='ltr'><em>re</em></span> <span class='ocrx_word' id='word_1_294' title='bbox 612 2071 726 2101; x_wconf 88' lang='lat' dir='ltr'><em>parum</em></span> <span class='ocrx_word' id='word_1_295' title='bbox 749 2065 798 2092; x_wconf 86' lang='lat' dir='ltr'><em>est</em></span> <span class='ocrx_word' id='word_1_296' title='bbox 822 2062 991 2092; x_wconf 83' lang='lat' dir='ltr'><em>momenti:</em></span> <span class='ocrx_word' id='word_1_297' title='bbox 1023 2062 1097 2101; x_wconf 90' lang='lat' dir='ltr'><em>quia</em></span> <span class='ocrx_word' id='word_1_298' title='bbox 1121 2072 1161 2092; x_wconf 83' lang='lat' dir='ltr'><em>ex</em></span> 
     </span>
     <span class='ocr_line' id='line_1_43' title="bbox 185 2102 1161 2144; baseline 0.002 -12"><span class='ocrx_word' id='word_1_299' title='bbox 185 2102 343 2134; x_wconf 84' lang='lat' dir='ltr'><em>antitheto</em></span> <span class='ocrx_word' id='word_1_300' title='bbox 367 2113 464 2134; x_wconf 87' lang='lat' dir='ltr'><em>verus</em></span> <span class='ocrx_word' id='word_1_301' title='bbox 487 2115 601 2136; x_wconf 88' lang='lat' dir='ltr'><em>sensus</em></span> <span class='ocrx_word' id='word_1_302' title='bbox 624 2103 731 2144; x_wconf 86' lang='lat' dir='ltr'><em>colligi</em></span> <span class='ocrx_word' id='word_1_303' title='bbox 755 2106 871 2144; x_wconf 88' lang='lat' dir='ltr'><em>potest.</em></span> <span class='ocrx_word' id='word_1_304' title='bbox 916 2104 1000 2135; x_wconf 91' lang='lat' dir='ltr'><em>Nam</em></span> <span class='ocrx_word' id='word_1_305' title='bbox 1025 2109 1161 2135; x_wconf 85' lang='lat' dir='ltr'><em>atten-</em></span> 
     </span>
     <span class='ocr_line' id='line_1_44' title="bbox 186 2144 1160 2187; baseline 0.002 -12"><span class='ocrx_word' id='word_1_306' title='bbox 186 2144 280 2176; x_wconf 87' lang='lat' dir='ltr'><em>dere</em></span> <span class='ocrx_word' id='word_1_307' title='bbox 303 2151 334 2176; x_wconf 89' lang='lat' dir='ltr'><em>et</em></span> <span class='ocrx_word' id='word_1_308' title='bbox 357 2147 588 2186; x_wconf 87' lang='lat' dir='ltr'><em>praeterfluere</em></span> <span class='ocrx_word' id='word_1_309' title='bbox 604 2153 681 2178; x_wconf 88' lang='lat' dir='ltr'><em>sunt</em></span> <span class='ocrx_word' id='word_1_310' title='bbox 696 2147 850 2187; x_wconf 88' lang='lat' dir='ltr'><em>opposita.</em></span> <span class='ocrx_word' id='word_1_311' title='bbox 886 2147 981 2177; x_wconf 80' lang='lat' dir='ltr'><em>Prius</em></span> <span class='ocrx_word' id='word_1_312' title='bbox 998 2147 1160 2187; x_wconf 87' lang='lat' dir='ltr'><em>significat</em></span> 
     </span>
     <span class='ocr_line' id='line_1_45' title="bbox 181 2189 1159 2230; baseline 0.002 -12"><span class='ocrx_word' id='word_1_313' title='bbox 181 2189 364 2230; x_wconf 81' lang='lat' dir='ltr'><em>continere,</em></span> <span class='ocrx_word' id='word_1_314' title='bbox 394 2190 570 2221; x_wconf 87' lang='lat' dir='ltr'><em>secundum</em></span> <span class='ocrx_word' id='word_1_315' title='bbox 601 2200 677 2221; x_wconf 87' lang='lat' dir='ltr'><em>vero</em></span> <span class='ocrx_word' id='word_1_316' title='bbox 707 2190 812 2221; x_wconf 89' lang='lat' dir='ltr'><em>instar</em></span> <span class='ocrx_word' id='word_1_317' title='bbox 834 2190 931 2221; x_wconf 87' lang='lat' dir='ltr'><em>cribri</em></span> <span class='ocrx_word' id='word_1_318' title='bbox 952 2195 1007 2220; x_wconf 88' lang='lat' dir='ltr'><em>aut</em></span> <span class='ocrx_word' id='word_1_319' title='bbox 1038 2190 1159 2230; x_wconf 88' lang='lat' dir='ltr'><em>pertusi</em></span> 
     </span>
     <span class='ocr_line' id='line_1_46' title="bbox 186 2229 1160 2273; baseline 0.003 -13"><span class='ocrx_word' id='word_1_320' title='bbox 186 2229 261 2261; x_wconf 90' lang='lat' dir='ltr'><em>dolii</em></span> <span class='ocrx_word' id='word_1_321' title='bbox 292 2232 458 2263; x_wconf 88' lang='lat' dir='ltr'><em>effundere</em></span> <span class='ocrx_word' id='word_1_322' title='bbox 481 2232 636 2273; x_wconf 88' lang='lat' dir='ltr'><em>quidquid</em></span> <span class='ocrx_word' id='word_1_323' title='bbox 657 2233 811 2264; x_wconf 83' lang='lat' dir='ltr'><em>iniectum</em></span> <span class='ocrx_word' id='word_1_324' title='bbox 835 2235 892 2264; x_wconf 90' lang='lat' dir='ltr'><em>est.</em></span> <span class='ocrx_word' id='word_1_325' title='bbox 939 2232 1050 2272; x_wconf 89' lang='lat' dir='ltr'><em>Neque</em></span> <span class='ocrx_word' id='word_1_326' title='bbox 1073 2233 1160 2263; x_wconf 90' lang='lat' dir='ltr'><em>enim</em></span> 
     </span>
     <span class='ocr_line' id='line_1_47' title="bbox 186 2275 1160 2315; baseline 0.002 -11"><span class='ocrx_word' id='word_1_327' title='bbox 186 2282 296 2305; x_wconf 87' lang='lat' dir='ltr'><em>eorum</em></span> <span class='ocrx_word' id='word_1_328' title='bbox 326 2275 510 2315; x_wconf 86' lang='lat' dir='ltr'><em>opinionem</em></span> <span class='ocrx_word' id='word_1_329' title='bbox 541 2275 640 2315; x_wconf 85' lang='lat' dir='ltr'><em>probo</em></span> <span class='ocrx_word' id='word_1_330' title='bbox 670 2275 725 2315; x_wconf 91' lang='lat' dir='ltr'><em>qui</em></span> <span class='ocrx_word' id='word_1_331' title='bbox 755 2286 810 2315; x_wconf 92' lang='lat' dir='ltr'><em>pro</em></span> <span class='ocrx_word' id='word_1_332' title='bbox 833 2275 966 2306; x_wconf 89' lang='lat' dir='ltr'><em>interire</em></span> <span class='ocrx_word' id='word_1_333' title='bbox 989 2275 1160 2315; x_wconf 82' lang='lat' dir='ltr'><em>accipiunt,</em></span> 
     </span>
     <span class='ocr_line' id='line_1_48' title="bbox 187 2316 1161 2358; baseline 0.003 -12"><span class='ocrx_word' id='word_1_334' title='bbox 187 2316 323 2355; x_wconf 87' lang='lat' dir='ltr'><em>qualiter</em></span> <span class='ocrx_word' id='word_1_335' title='bbox 356 2317 474 2350; x_wconf 88' lang='lat' dir='ltr'><em>dicitur</em></span> <span class='ocrx_word' id='word_1_336' title='bbox 507 2318 638 2350; x_wconf 87' lang='lat' dir='ltr'><em>secundi</em></span> <span class='ocrx_word' id='word_1_337' title='bbox 669 2318 831 2350; x_wconf 86' lang='lat' dir='ltr'><em>Samuelis</em></span> <span class='ocrx_word' id='word_1_338' title='bbox 863 2318 915 2357; x_wconf 88' lang='lat'><em>14,</em></span> <span class='ocrx_word' id='word_1_339' title='bbox 948 2318 1003 2358; x_wconf 89' lang='lat'><em>14,</em></span> <span class='ocrx_word' id='word_1_340' title='bbox 1037 2317 1161 2349; x_wconf 85' lang='lat' dir='ltr'><em>Omnes</em></span> 
     </span>
     <span class='ocr_line' id='line_1_49' title="bbox 187 2358 1160 2402; baseline 0.004 -14"><span class='ocrx_word' id='word_1_341' title='bbox 187 2358 337 2397; x_wconf 83' lang='lat' dir='ltr'><em>perimus,</em></span> <span class='ocrx_word' id='word_1_342' title='bbox 369 2366 400 2392; x_wconf 90' lang='lat' dir='ltr'><em>et</em></span> <span class='ocrx_word' id='word_1_343' title='bbox 423 2362 513 2400; x_wconf 87' lang='lat' dir='ltr'><em>quasi</em></span> <span class='ocrx_word' id='word_1_344' title='bbox 538 2372 621 2401; x_wconf 91' lang='lat' dir='ltr'><em>aqua</em></span> <span class='ocrx_word' id='word_1_345' title='bbox 644 2360 824 2393; x_wconf 89' lang='lat' dir='ltr'><em>dilabimur.</em></span> <span class='ocrx_word' id='word_1_346' title='bbox 871 2361 984 2392; x_wconf 84' lang='lat' dir='ltr'><em>Potius</em></span> <span class='ocrx_word' id='word_1_347' title='bbox 1007 2360 1056 2402; x_wconf 92' lang='lat' dir='ltr'><em>(ut</em></span> <span class='ocrx_word' id='word_1_348' title='bbox 1079 2360 1160 2402; x_wconf 80' lang='lat' dir='ltr'><em>dixi)</em></span> 
     </span>
     <span class='ocr_line' id='line_1_50' title="bbox 187 2401 1161 2444; baseline 0.003 -13"><span class='ocrx_word' id='word_1_349' title='bbox 187 2401 419 2434; x_wconf 85' lang='lat' dir='ltr'><em>consideranda</em></span> <span class='ocrx_word' id='word_1_350' title='bbox 441 2410 490 2435; x_wconf 83' lang='lat' dir='ltr'><em>est</em></span> <span class='ocrx_word' id='word_1_351' title='bbox 513 2404 684 2436; x_wconf 88' lang='lat' dir='ltr'><em>antithesis</em></span> <span class='ocrx_word' id='word_1_352' title='bbox 704 2404 787 2435; x_wconf 88' lang='lat' dir='ltr'><em>inter</em></span> <span class='ocrx_word' id='word_1_353' title='bbox 805 2404 1017 2436; x_wconf 88' lang='lat' dir='ltr'><em>retentionem</em></span> <span class='ocrx_word' id='word_1_354' title='bbox 1034 2409 1066 2434; x_wconf 93' lang='lat' dir='ltr'><em>et</em></span> <span class='ocrx_word' id='word_1_355' title='bbox 1091 2414 1161 2444; x_wconf 87' lang='lat' dir='ltr'><em>pro-</em></span> 
     </span>
     <span class='ocr_line' id='line_1_51' title="bbox 187 2443 1160 2479; baseline 0.006 -6"><span class='ocrx_word' id='word_1_356' title='bbox 187 2443 354 2476; x_wconf 80' lang='lat' dir='ltr'><em>fusionem.</em></span> <span class='ocrx_word' id='word_1_357' title='bbox 399 2446 482 2477; x_wconf 90' lang='lat' dir='ltr'><em>Nam</em></span> <span class='ocrx_word' id='word_1_358' title='bbox 513 2452 636 2478; x_wconf 89' lang='lat' dir='ltr'><em>attenta</em></span> <span class='ocrx_word' id='word_1_359' title='bbox 666 2457 756 2478; x_wconf 88' lang='lat' dir='ltr'><em>mens</em></span> <span class='ocrx_word' id='word_1_360' title='bbox 779 2447 894 2479; x_wconf 88' lang='lat' dir='ltr'><em>similis</em></span> <span class='ocrx_word' id='word_1_361' title='bbox 917 2452 965 2478; x_wconf 88' lang='lat' dir='ltr'><em>est</em></span> <span class='ocrx_word' id='word_1_362' title='bbox 988 2446 1057 2478; x_wconf 89' lang='lat' dir='ltr'><em>vasi</em></span> <span class='ocrx_word' id='word_1_363' title='bbox 1082 2446 1160 2479; x_wconf 87' lang='lat' dir='ltr'><em>bene</em></span> 
     </span>
     <span class='ocr_line' id='line_1_52' title="bbox 187 2485 1002 2531; baseline 0.005 -15"><span class='ocrx_word' id='word_1_364' title='bbox 187 2485 364 2518; x_wconf 87' lang='lat' dir='ltr'><em>obstructo:</em></span> <span class='ocrx_word' id='word_1_365' title='bbox 389 2498 473 2529; x_wconf 88' lang='lat' dir='ltr'><em>vaga</em></span> <span class='ocrx_word' id='word_1_366' title='bbox 495 2495 601 2521; x_wconf 90' lang='lat' dir='ltr'><em>autem</em></span> <span class='ocrx_word' id='word_1_367' title='bbox 626 2495 658 2521; x_wconf 88' lang='lat' dir='ltr'><em>et</em></span> <span class='ocrx_word' id='word_1_368' title='bbox 681 2491 809 2531; x_wconf 84' lang='lat' dir='ltr'><em>ignava,</em></span> <span class='ocrx_word' id='word_1_369' title='bbox 833 2490 1002 2530; x_wconf 84' lang='lat' dir='ltr'><em>perforato.</em></span> 
     </span>
    </p>

    <p class='ocr_par' dir='ltr' id='par_1_5' title="bbox 189 2528 1161 2702">
     <span class='ocr_line' id='line_1_53' title="bbox 273 2528 1158 2573; baseline 0.005 -14"><span class='ocrx_word' id='word_1_370' title='bbox 273 2528 302 2560; x_wconf 85' lang='lat'><em>2.</em></span> <span class='ocrx_word' id='word_1_371' title='bbox 328 2529 458 2562; x_wconf 89' lang='lat' dir='ltr'><em>Firmus</em></span> <span class='ocrx_word' id='word_1_372' title='bbox 471 2532 541 2571; x_wconf 84' lang='lat' dir='ltr'><em>suit.</em></span> <span class='ocrx_word' id='word_1_373' title='bbox 577 2532 647 2564; x_wconf 90' lang='lat' dir='ltr'><em>Hoc</em></span> <span class='ocrx_word' id='word_1_374' title='bbox 663 2539 720 2572; x_wconf 87' lang='lat' dir='ltr'><em>est,</em></span> <span class='ocrx_word' id='word_1_375' title='bbox 744 2533 886 2564; x_wconf 89' lang='lat' dir='ltr'><em>obtinuit</em></span> <span class='ocrx_word' id='word_1_376' title='bbox 909 2532 1032 2573; x_wconf 89' lang='lat' dir='ltr'><em>pondus</em></span> <span class='ocrx_word' id='word_1_377' title='bbox 1048 2542 1158 2564; x_wconf 88' lang='lat' dir='ltr'><em>suum:</em></span> 
     </span>
     <span class='ocr_line' id='line_1_54' title="bbox 190 2571 1161 2615; baseline 0.006 -14"><span class='ocrx_word' id='word_1_378' title='bbox 190 2571 264 2611; x_wconf 89' lang='lat' dir='ltr'><em>quia</em></span> <span class='ocrx_word' id='word_1_379' title='bbox 282 2571 371 2603; x_wconf 90' lang='lat' dir='ltr'><em>Deus</em></span> <span class='ocrx_word' id='word_1_380' title='bbox 393 2573 488 2604; x_wconf 89' lang='lat' dir='ltr'><em>fidem</em></span> <span class='ocrx_word' id='word_1_381' title='bbox 512 2574 559 2605; x_wconf 92' lang='lat' dir='ltr'><em>illi</em></span> <span class='ocrx_word' id='word_1_382' title='bbox 582 2576 729 2606; x_wconf 80' lang='lat' dir='ltr'><em>asseruit.</em></span> <span class='ocrx_word' id='word_1_383' title='bbox 765 2575 858 2615; x_wconf 81' lang='lat' dir='ltr'><em>Quod</em></span> <span class='ocrx_word' id='word_1_384' title='bbox 882 2586 923 2607; x_wconf 83' lang='lat' dir='ltr'><em>ex</em></span> <span class='ocrx_word' id='word_1_385' title='bbox 942 2574 1161 2607; x_wconf 83' lang='lat' dir='ltr'><em>sanctionibus</em></span> 
     </span>
     <span class='ocr_line' id='line_1_55' title="bbox 189 2613 1160 2659; baseline 0.005 -15"><span class='ocrx_word' id='word_1_386' title='bbox 189 2613 306 2645; x_wconf 91' lang='lat' dir='ltr'><em>melius</em></span> <span class='ocrx_word' id='word_1_387' title='bbox 329 2620 431 2655; x_wconf 86' lang='lat' dir='ltr'><em>patet:</em></span> <span class='ocrx_word' id='word_1_388' title='bbox 462 2616 536 2655; x_wconf 89' lang='lat' dir='ltr'><em>quia</em></span> <span class='ocrx_word' id='word_1_389' title='bbox 559 2628 650 2648; x_wconf 91' lang='lat' dir='ltr'><em>nemo</em></span> <span class='ocrx_word' id='word_1_390' title='bbox 673 2618 804 2658; x_wconf 88' lang='lat' dir='ltr'><em>impune</em></span> <span class='ocrx_word' id='word_1_391' title='bbox 827 2618 1021 2658; x_wconf 86' lang='lat' dir='ltr'><em>contempsit</em></span> <span class='ocrx_word' id='word_1_392' title='bbox 1045 2617 1160 2659; x_wconf 89' lang='lat' dir='ltr'><em>legem.</em></span> 
     </span>
     <span class='ocr_line' id='line_1_56' title="bbox 190 2655 1160 2702; baseline 0.006 -15"><span class='ocrx_word' id='word_1_393' title='bbox 190 2655 275 2698; x_wconf 77' lang='lat' dir='ltr'><em>Eryo</em></span> <span class='ocrx_word' id='word_1_394' title='bbox 302 2656 439 2696; x_wconf 76' lang='lat' dir='ltr'><em>firmitas</em></span> <span class='ocrx_word' id='word_1_395' title='bbox 461 2657 534 2690; x_wconf 76' lang='lat' dir='ltr'><em>baec</em></span> <span class='ocrx_word' id='word_1_396' title='bbox 555 2660 748 2692; x_wconf 85' lang='lat' dir='ltr'><em>autoritatem</em></span> <span class='ocrx_word' id='word_1_397' title='bbox 770 2661 939 2702; x_wconf 66' lang='lat' dir='ltr'><em>signifieat:</em></span> <span class='ocrx_word' id='word_1_398' title='bbox 972 2663 998 2692; x_wconf 82' lang='lat' dir='ltr'><em>et</em></span> <span class='ocrx_word' id='word_1_399' title='bbox 1021 2661 1101 2699; x_wconf 78' lang='lat' dir='ltr'><em>quod</em></span> <span class='ocrx_word' id='word_1_400' title='bbox 1123 2662 1160 2693; x_wconf 80' lang='lat' dir='ltr'><em>de</em></span> 
     </span>
    </p>
   </div>
   <div class='ocr_carea' id='block_1_4' title="bbox 1189 336 1196 1119">
    <p class='ocr_par' dir='ltr' id='par_1_6' title="bbox 1189 336 1196 1119">
     <span class='ocr_line' id='line_1_57' title="bbox 1189 336 1196 1119; baseline 0 0"><span class='ocrx_word' id='word_1_401' title='bbox 1189 336 1196 1119; x_wconf 95' lang='lat' dir='ltr'><em> </em></span> 
     </span>
    </p>
   </div>
   <div class='ocr_carea' id='block_1_5' title="bbox 1213 309 2197 2702">
    <p class='ocr_par' dir='ltr' id='par_1_7' title="bbox 1214 309 2195 428">
     <span class='ocr_line' id='line_1_58' title="bbox 1214 309 2194 353; baseline 0.006 -14"><span class='ocrx_word' id='word_1_402' title='bbox 1214 309 1324 349; x_wconf 77' lang='lat' dir='ltr'><em>poenis</em></span> <span class='ocrx_word' id='word_1_403' title='bbox 1352 309 1491 349; x_wconf 77' lang='lat' dir='ltr'><em>additur,</em></span> <span class='ocrx_word' id='word_1_404' title='bbox 1522 310 1688 350; x_wconf 75' lang='lat' dir='ltr'><em>expositive</em></span> <span class='ocrx_word' id='word_1_405' title='bbox 1710 311 1842 352; x_wconf 64' lang='lat' dir='ltr'><em>intelligi</em></span> <span class='ocrx_word' id='word_1_406' title='bbox 1862 312 1953 353; x_wconf 84' lang='lat' dir='ltr'><em>debet,</em></span> <span class='ocrx_word' id='word_1_407' title='bbox 1985 313 2060 353; x_wconf 79' lang='lat' dir='ltr'><em>quia</em></span> <span class='ocrx_word' id='word_1_408' title='bbox 2082 313 2194 346; x_wconf 80' lang='lat' dir='ltr'><em>doctri-</em></span> 
     </span>
     <span class='ocr_line' id='line_1_59' title="bbox 1219 352 2195 395; baseline 0.005 -13"><span class='ocrx_word' id='word_1_409' title='bbox 1219 362 1293 383; x_wconf 86' lang='lat' dir='ltr'><em>nam</em></span> <span class='ocrx_word' id='word_1_410' title='bbox 1323 352 1449 383; x_wconf 87' lang='lat' dir='ltr'><em>minime</em></span> <span class='ocrx_word' id='word_1_411' title='bbox 1479 354 1601 384; x_wconf 79' lang='lat' dir='ltr'><em>inanem</em></span> <span class='ocrx_word' id='word_1_412' title='bbox 1629 354 1676 385; x_wconf 83' lang='lat' dir='ltr'><em>vel</em></span> <span class='ocrx_word' id='word_1_413' title='bbox 1704 354 1830 386; x_wconf 85' lang='lat' dir='ltr'><em>irritam</em></span> <span class='ocrx_word' id='word_1_414' title='bbox 1859 365 1923 387; x_wconf 86' lang='lat' dir='ltr'><em>esse</em></span> <span class='ocrx_word' id='word_1_415' title='bbox 1945 358 2075 395; x_wconf 86' lang='lat' dir='ltr'><em>constat,</em></span> <span class='ocrx_word' id='word_1_416' title='bbox 2106 357 2195 388; x_wconf 74' lang='lat' dir='ltr'><em>cuius</em></span> 
     </span>
     <span class='ocr_line' id='line_1_60' title="bbox 1220 393 1695 428; baseline 0.004 -3"><span class='ocrx_word' id='word_1_417' title='bbox 1220 393 1310 425; x_wconf 85' lang='lat' dir='ltr'><em>Deus</em></span> <span class='ocrx_word' id='word_1_418' title='bbox 1332 394 1483 426; x_wconf 82' lang='lat' dir='ltr'><em>vindicem</em></span> <span class='ocrx_word' id='word_1_419' title='bbox 1506 406 1537 427; x_wconf 82' lang='lat' dir='ltr'><em>se</em></span> <span class='ocrx_word' id='word_1_420' title='bbox 1559 396 1695 428; x_wconf 87' lang='lat' dir='ltr'><em>ostendit.</em></span> 
     </span>
    </p>

    <p class='ocr_par' dir='ltr' id='par_1_8' title="bbox 1218 436 2193 1278">
     <span class='ocr_line' id='line_1_61' title="bbox 1304 436 2193 482; baseline 0.006 -15"><span class='ocrx_word' id='word_1_421' title='bbox 1304 436 1334 468; x_wconf 85' lang='lat'><em>3.</em></span> <span class='ocrx_word' id='word_1_422' title='bbox 1361 437 1462 469; x_wconf 83' lang='lat' dir='ltr'><em>Tanta</em></span> <span class='ocrx_word' id='word_1_423' title='bbox 1484 438 1615 478; x_wconf 72' lang='lat' dir='ltr'><em>neylecta</em></span> <span class='ocrx_word' id='word_1_424' title='bbox 1636 439 1744 471; x_wconf 82' lang='lat' dir='ltr'><em>salute.</em></span> <span class='ocrx_word' id='word_1_425' title='bbox 1783 438 1856 470; x_wconf 92' lang='lat' dir='ltr'><em>Non</em></span> <span class='ocrx_word' id='word_1_426' title='bbox 1882 443 2007 472; x_wconf 85' lang='lat' dir='ltr'><em>tantum</em></span> <span class='ocrx_word' id='word_1_427' title='bbox 2032 442 2193 482; x_wconf 86' lang='lat' dir='ltr'><em>evangelii</em></span> 
     </span>
     <span class='ocr_line' id='line_1_62' title="bbox 1220 480 2193 524; baseline 0.005 -14"><span class='ocrx_word' id='word_1_428' title='bbox 1220 480 1361 517; x_wconf 87' lang='lat' dir='ltr'><em>reiectio,</em></span> <span class='ocrx_word' id='word_1_429' title='bbox 1393 480 1447 511; x_wconf 87' lang='lat' dir='ltr'><em>sed</em></span> <span class='ocrx_word' id='word_1_430' title='bbox 1475 482 1572 512; x_wconf 86' lang='lat' dir='ltr'><em>etiam</em></span> <span class='ocrx_word' id='word_1_431' title='bbox 1606 481 1771 522; x_wconf 90' lang='lat' dir='ltr'><em>neglectus</em></span> <span class='ocrx_word' id='word_1_432' title='bbox 1800 483 2023 522; x_wconf 82' lang='lat' dir='ltr'><em>gravissimam</em></span> <span class='ocrx_word' id='word_1_433' title='bbox 2058 494 2193 524; x_wconf 87' lang='lat' dir='ltr'><em>poenam</em></span> 
     </span>
     <span class='ocr_line' id='line_1_63' title="bbox 1220 523 2193 566; baseline 0.006 -14"><span class='ocrx_word' id='word_1_434' title='bbox 1220 528 1376 553; x_wconf 88' lang='lat' dir='ltr'><em>meretur:</em></span> <span class='ocrx_word' id='word_1_435' title='bbox 1409 533 1521 563; x_wconf 88' lang='lat' dir='ltr'><em>nempe</em></span> <span class='ocrx_word' id='word_1_436' title='bbox 1545 534 1603 563; x_wconf 87' lang='lat' dir='ltr'><em>pro</em></span> <span class='ocrx_word' id='word_1_437' title='bbox 1627 523 1852 565; x_wconf 86' lang='lat' dir='ltr'><em>magnitudine</em></span> <span class='ocrx_word' id='word_1_438' title='bbox 1876 526 1998 565; x_wconf 86' lang='lat' dir='ltr'><em>gratiae</em></span> <span class='ocrx_word' id='word_1_439' title='bbox 2023 537 2104 566; x_wconf 90' lang='lat' dir='ltr'><em>quae</em></span> <span class='ocrx_word' id='word_1_440' title='bbox 2127 526 2193 558; x_wconf 89' lang='lat' dir='ltr'><em>illic</em></span> 
     </span>
     <span class='ocr_line' id='line_1_64' title="bbox 1219 565 2193 603; baseline 0.006 -9"><span class='ocrx_word' id='word_1_441' title='bbox 1219 565 1362 596; x_wconf 85' lang='lat' dir='ltr'><em>offertur.</em></span> <span class='ocrx_word' id='word_1_442' title='bbox 1409 565 1485 597; x_wconf 91' lang='lat' dir='ltr'><em>Ideo</em></span> <span class='ocrx_word' id='word_1_443' title='bbox 1510 566 1593 603; x_wconf 88' lang='lat' dir='ltr'><em>dicit,</em></span> <span class='ocrx_word' id='word_1_444' title='bbox 1619 570 1709 598; x_wconf 88' lang='lat' dir='ltr'><em>tanta</em></span> <span class='ocrx_word' id='word_1_445' title='bbox 1731 566 1846 598; x_wconf 87' lang='lat' dir='ltr'><em>salute.</em></span> <span class='ocrx_word' id='word_1_446' title='bbox 1890 568 1977 598; x_wconf 89' lang='lat' dir='ltr'><em>Deus</em></span> <span class='ocrx_word' id='word_1_447' title='bbox 2000 570 2084 599; x_wconf 85' lang='lat' dir='ltr'><em>enim</em></span> <span class='ocrx_word' id='word_1_448' title='bbox 2111 569 2193 600; x_wconf 78' lang='lat' dir='ltr'><em>dona</em></span> 
     </span>
     <span class='ocr_line' id='line_1_65' title="bbox 1219 608 2193 652; baseline 0.007 -15"><span class='ocrx_word' id='word_1_449' title='bbox 1219 617 1277 637; x_wconf 84' lang='lat' dir='ltr'><em>sua</em></span> <span class='ocrx_word' id='word_1_450' title='bbox 1301 608 1370 638; x_wconf 86' lang='lat' dir='ltr'><em>vult</em></span> <span class='ocrx_word' id='word_1_451' title='bbox 1394 618 1411 638; x_wconf 90' lang='lat' dir='ltr'><em>a</em></span> <span class='ocrx_word' id='word_1_452' title='bbox 1436 608 1525 640; x_wconf 87' lang='lat' dir='ltr'><em>nobis</em></span> <span class='ocrx_word' id='word_1_453' title='bbox 1550 619 1606 649; x_wconf 89' lang='lat' dir='ltr'><em>pro</em></span> <span class='ocrx_word' id='word_1_454' title='bbox 1630 609 1788 650; x_wconf 85' lang='lat' dir='ltr'><em>dignitate</em></span> <span class='ocrx_word' id='word_1_455' title='bbox 1812 610 1984 641; x_wconf 89' lang='lat' dir='ltr'><em>aestimari.</em></span> <span class='ocrx_word' id='word_1_456' title='bbox 2026 611 2112 651; x_wconf 85' lang='lat' dir='ltr'><em>Ergo</em></span> <span class='ocrx_word' id='word_1_457' title='bbox 2131 622 2193 652; x_wconf 89' lang='lat' dir='ltr'><em>quo</em></span> 
     </span>
     <span class='ocr_line' id='line_1_66' title="bbox 1221 650 2191 693; baseline 0.005 -13"><span class='ocrx_word' id='word_1_458' title='bbox 1221 650 1351 688; x_wconf 86' lang='lat' dir='ltr'><em>pretiosi</em></span> <span class='ocrx_word' id='word_1_459' title='bbox 1372 660 1428 681; x_wconf 89' lang='lat' dir='ltr'><em>ora</em></span> <span class='ocrx_word' id='word_1_460' title='bbox 1455 658 1540 689; x_wconf 83' lang='lat' dir='ltr'><em>sunt,</em></span> <span class='ocrx_word' id='word_1_461' title='bbox 1570 662 1606 682; x_wconf 88' lang='lat' dir='ltr'><em>eo</em></span> <span class='ocrx_word' id='word_1_462' title='bbox 1632 652 1753 683; x_wconf 89' lang='lat' dir='ltr'><em>foedior</em></span> <span class='ocrx_word' id='word_1_463' title='bbox 1775 659 1823 683; x_wconf 89' lang='lat' dir='ltr'><em>est</em></span> <span class='ocrx_word' id='word_1_464' title='bbox 1847 657 1959 684; x_wconf 87' lang='lat' dir='ltr'><em>nostra</em></span> <span class='ocrx_word' id='word_1_465' title='bbox 1982 653 2191 693; x_wconf 83' lang='lat' dir='ltr'><em>ingratitudo,</em></span> 
     </span>
     <span class='ocr_line' id='line_1_67' title="bbox 1219 692 2193 736; baseline 0.005 -14"><span class='ocrx_word' id='word_1_466' title='bbox 1219 692 1246 722; x_wconf 90' lang='lat' dir='ltr'><em>si</em></span> <span class='ocrx_word' id='word_1_467' title='bbox 1278 693 1417 731; x_wconf 89' lang='lat' dir='ltr'><em>pretium</em></span> <span class='ocrx_word' id='word_1_468' title='bbox 1449 703 1544 725; x_wconf 90' lang='lat' dir='ltr'><em>suum</em></span> <span class='ocrx_word' id='word_1_469' title='bbox 1575 695 1658 734; x_wconf 86' lang='lat' dir='ltr'><em>apud</em></span> <span class='ocrx_word' id='word_1_470' title='bbox 1691 705 1747 726; x_wconf 87' lang='lat' dir='ltr'><em>nos</em></span> <span class='ocrx_word' id='word_1_471' title='bbox 1778 706 1843 726; x_wconf 91' lang='lat' dir='ltr'><em>non</em></span> <span class='ocrx_word' id='word_1_472' title='bbox 1868 695 1997 727; x_wconf 88' lang='lat' dir='ltr'><em>habent.</em></span> <span class='ocrx_word' id='word_1_473' title='bbox 2043 696 2193 736; x_wconf 86' lang='lat' dir='ltr'><em>Denique</em></span> 
     </span>
     <span class='ocr_line' id='line_1_68' title="bbox 1219 736 2191 774; baseline 0.006 -10"><span class='ocrx_word' id='word_1_474' title='bbox 1219 738 1359 773; x_wconf 86' lang='lat' dir='ltr'><em>quantus</em></span> <span class='ocrx_word' id='word_1_475' title='bbox 1383 740 1432 766; x_wconf 86' lang='lat' dir='ltr'><em>est</em></span> <span class='ocrx_word' id='word_1_476' title='bbox 1455 736 1615 774; x_wconf 86' lang='lat' dir='ltr'><em>Christus,</em></span> <span class='ocrx_word' id='word_1_477' title='bbox 1651 742 1717 768; x_wconf 82' lang='lat' dir='ltr'><em>tam</em></span> <span class='ocrx_word' id='word_1_478' title='bbox 1740 747 1855 769; x_wconf 84' lang='lat' dir='ltr'><em>severa</em></span> <span class='ocrx_word' id='word_1_479' title='bbox 1878 738 1940 769; x_wconf 87' lang='lat' dir='ltr'><em>erit</em></span> <span class='ocrx_word' id='word_1_480' title='bbox 1962 737 2024 769; x_wconf 90' lang='lat' dir='ltr'><em>Dei</em></span> <span class='ocrx_word' id='word_1_481' title='bbox 2049 738 2191 771; x_wconf 80' lang='lat' dir='ltr'><em>vindicta</em></span> 
     </span>
     <span class='ocr_line' id='line_1_69' title="bbox 1220 777 2192 820; baseline 0.006 -14"><span class='ocrx_word' id='word_1_482' title='bbox 1220 777 1253 807; x_wconf 90' lang='lat' dir='ltr'><em>in</em></span> <span class='ocrx_word' id='word_1_483' title='bbox 1277 787 1389 807; x_wconf 89' lang='lat' dir='ltr'><em>omnes</em></span> <span class='ocrx_word' id='word_1_484' title='bbox 1408 779 1567 818; x_wconf 87' lang='lat' dir='ltr'><em>evangelii</em></span> <span class='ocrx_word' id='word_1_485' title='bbox 1584 782 1831 820; x_wconf 86' lang='lat' dir='ltr'><em>contemptores.</em></span> <span class='ocrx_word' id='word_1_486' title='bbox 1867 781 1910 812; x_wconf 86' lang='lat' dir='ltr'><em>Et</em></span> <span class='ocrx_word' id='word_1_487' title='bbox 1925 781 2062 812; x_wconf 88' lang='lat' dir='ltr'><em>observa</em></span> <span class='ocrx_word' id='word_1_488' title='bbox 2078 782 2192 814; x_wconf 85' lang='lat' dir='ltr'><em>salutis</em></span> 
     </span>
     <span class='ocr_line' id='line_1_70' title="bbox 1220 819 2192 862; baseline 0.006 -13"><span class='ocrx_word' id='word_1_489' title='bbox 1220 829 1336 850; x_wconf 89' lang='lat' dir='ltr'><em>nomen</em></span> <span class='ocrx_word' id='word_1_490' title='bbox 1375 819 1427 851; x_wconf 87' lang='lat' dir='ltr'><em>hic</em></span> <span class='ocrx_word' id='word_1_491' title='bbox 1464 823 1679 862; x_wconf 80' lang='lat' dir='ltr'><em>metonymice</em></span> <span class='ocrx_word' id='word_1_492' title='bbox 1717 823 1756 854; x_wconf 86' lang='lat' dir='ltr'><em>ad</em></span> <span class='ocrx_word' id='word_1_493' title='bbox 1798 823 1973 855; x_wconf 86' lang='lat' dir='ltr'><em>doctrinam</em></span> <span class='ocrx_word' id='word_1_494' title='bbox 2012 824 2192 856; x_wconf 82' lang='lat' dir='ltr'><em>transferri.</em></span> 
     </span>
     <span class='ocr_line' id='line_1_71' title="bbox 1219 861 2193 901; baseline 0.006 -9"><span class='ocrx_word' id='word_1_495' title='bbox 1219 861 1304 901; x_wconf 78' lang='lat' dir='ltr'><em>Quia</em></span> <span class='ocrx_word' id='word_1_496' title='bbox 1339 863 1435 894; x_wconf 88' lang='lat' dir='ltr'><em>sicuti</em></span> <span class='ocrx_word' id='word_1_497' title='bbox 1468 874 1530 894; x_wconf 91' lang='lat' dir='ltr'><em>non</em></span> <span class='ocrx_word' id='word_1_498' title='bbox 1565 864 1657 895; x_wconf 89' lang='lat' dir='ltr'><em>aliter</em></span> <span class='ocrx_word' id='word_1_499' title='bbox 1688 865 1848 898; x_wconf 89' lang='lat' dir='ltr'><em>Dominus</em></span> <span class='ocrx_word' id='word_1_500' title='bbox 1882 866 1988 898; x_wconf 85' lang='lat' dir='ltr'><em>salvos</em></span> <span class='ocrx_word' id='word_1_501' title='bbox 2019 866 2089 898; x_wconf 83' lang='lat' dir='ltr'><em>vult</em></span> <span class='ocrx_word' id='word_1_502' title='bbox 2122 868 2193 898; x_wconf 89' lang='lat' dir='ltr'><em>fieri</em></span> 
     </span>
     <span class='ocr_line' id='line_1_72' title="bbox 1219 904 2192 950; baseline 0.006 -15"><span class='ocrx_word' id='word_1_503' title='bbox 1219 904 1367 936; x_wconf 90' lang='lat' dir='ltr'><em>homines</em></span> <span class='ocrx_word' id='word_1_504' title='bbox 1397 915 1491 945; x_wconf 87' lang='lat' dir='ltr'><em>quam</em></span> <span class='ocrx_word' id='word_1_505' title='bbox 1533 916 1589 946; x_wconf 89' lang='lat' dir='ltr'><em>per</em></span> <span class='ocrx_word' id='word_1_506' title='bbox 1619 908 1839 948; x_wconf 89' lang='lat' dir='ltr'><em>evangelium:</em></span> <span class='ocrx_word' id='word_1_507' title='bbox 1871 909 1914 939; x_wconf 86' lang='lat' dir='ltr'><em>ita</em></span> <span class='ocrx_word' id='word_1_508' title='bbox 1944 909 2012 949; x_wconf 86' lang='lat' dir='ltr'><em>ipso</em></span> <span class='ocrx_word' id='word_1_509' title='bbox 2045 909 2192 950; x_wconf 86' lang='lat' dir='ltr'><em>neglecto</em></span> 
     </span>
     <span class='ocr_line' id='line_1_73' title="bbox 1219 947 2193 990; baseline 0.006 -12"><span class='ocrx_word' id='word_1_510' title='bbox 1219 947 1381 987; x_wconf 88' lang='lat' dir='ltr'><em>respuitur</em></span> <span class='ocrx_word' id='word_1_511' title='bbox 1414 948 1517 980; x_wconf 88' lang='lat' dir='ltr'><em>omnis</em></span> <span class='ocrx_word' id='word_1_512' title='bbox 1541 948 1602 980; x_wconf 85' lang='lat' dir='ltr'><em>Dei</em></span> <span class='ocrx_word' id='word_1_513' title='bbox 1629 949 1733 981; x_wconf 85' lang='lat' dir='ltr'><em>salus:</em></span> <span class='ocrx_word' id='word_1_514' title='bbox 1765 952 1908 990; x_wconf 87' lang='lat' dir='ltr'><em>potentia</em></span> <span class='ocrx_word' id='word_1_515' title='bbox 1938 952 2023 982; x_wconf 93' lang='lat' dir='ltr'><em>enim</em></span> <span class='ocrx_word' id='word_1_516' title='bbox 2047 951 2109 983; x_wconf 89' lang='lat' dir='ltr'><em>Dei</em></span> <span class='ocrx_word' id='word_1_517' title='bbox 2144 961 2193 984; x_wconf 84' lang='lat' dir='ltr'><em>est</em></span> 
     </span>
     <span class='ocr_line' id='line_1_74' title="bbox 1218 990 2190 1033; baseline 0.006 -13"><span class='ocrx_word' id='word_1_518' title='bbox 1218 990 1251 1020; x_wconf 90' lang='lat' dir='ltr'><em>in</em></span> <span class='ocrx_word' id='word_1_519' title='bbox 1286 990 1424 1022; x_wconf 86' lang='lat' dir='ltr'><em>salutem</em></span> <span class='ocrx_word' id='word_1_520' title='bbox 1461 991 1674 1023; x_wconf 84' lang='lat' dir='ltr'><em>credentibus.</em></span> <span class='ocrx_word' id='word_1_521' title='bbox 1732 993 1818 1033; x_wconf 87' lang='lat' dir='ltr'><em>Ergo</em></span> <span class='ocrx_word' id='word_1_522' title='bbox 1852 994 1905 1033; x_wconf 91' lang='lat' dir='ltr'><em>qui</em></span> <span class='ocrx_word' id='word_1_523' title='bbox 1943 994 2018 1025; x_wconf 89' lang='lat' dir='ltr'><em>alibi</em></span> <span class='ocrx_word' id='word_1_524' title='bbox 2054 995 2190 1026; x_wconf 88' lang='lat' dir='ltr'><em>salutem</em></span> 
     </span>
     <span class='ocr_line' id='line_1_75' title="bbox 1218 1033 2192 1075; baseline 0.006 -12"><span class='ocrx_word' id='word_1_525' title='bbox 1218 1033 1354 1072; x_wconf 88' lang='lat' dir='ltr'><em>quaerit,</em></span> <span class='ocrx_word' id='word_1_526' title='bbox 1385 1033 1457 1065; x_wconf 83' lang='lat' dir='ltr'><em>vult</em></span> <span class='ocrx_word' id='word_1_527' title='bbox 1488 1044 1558 1065; x_wconf 84' lang='lat' dir='ltr'><em>eam</em></span> <span class='ocrx_word' id='word_1_528' title='bbox 1589 1036 1739 1074; x_wconf 85' lang='lat' dir='ltr'><em>consequi</em></span> <span class='ocrx_word' id='word_1_529' title='bbox 1762 1036 1824 1066; x_wconf 86' lang='lat' dir='ltr'><em>alia</em></span> <span class='ocrx_word' id='word_1_530' title='bbox 1847 1046 1942 1075; x_wconf 88' lang='lat' dir='ltr'><em>quam</em></span> <span class='ocrx_word' id='word_1_531' title='bbox 1966 1036 2030 1068; x_wconf 91' lang='lat' dir='ltr'><em>Dei</em></span> <span class='ocrx_word' id='word_1_532' title='bbox 2053 1037 2192 1070; x_wconf 87' lang='lat' dir='ltr'><em>virtute:</em></span> 
     </span>
     <span class='ocr_line' id='line_1_76' title="bbox 1218 1076 2191 1115; baseline 0.006 -9"><span class='ocrx_word' id='word_1_533' title='bbox 1218 1076 1301 1115; x_wconf 92' lang='lat' dir='ltr'><em>quod</em></span> <span class='ocrx_word' id='word_1_534' title='bbox 1333 1076 1450 1107; x_wconf 85' lang='lat' dir='ltr'><em>nimiae</em></span> <span class='ocrx_word' id='word_1_535' title='bbox 1480 1083 1528 1108; x_wconf 90' lang='lat' dir='ltr'><em>est</em></span> <span class='ocrx_word' id='word_1_536' title='bbox 1559 1077 1748 1109; x_wconf 84' lang='lat' dir='ltr'><em>dementiae.</em></span> <span class='ocrx_word' id='word_1_537' title='bbox 1801 1078 1872 1110; x_wconf 89' lang='lat' dir='ltr'><em>Hoc</em></span> <span class='ocrx_word' id='word_1_538' title='bbox 1902 1090 1977 1110; x_wconf 87' lang='lat' dir='ltr'><em>vero</em></span> <span class='ocrx_word' id='word_1_539' title='bbox 2010 1081 2191 1112; x_wconf 87' lang='lat' dir='ltr'><em>encomium</em></span> 
     </span>
     <span class='ocr_line' id='line_1_77' title="bbox 1219 1119 2191 1161; baseline 0.007 -13"><span class='ocrx_word' id='word_1_540' title='bbox 1219 1129 1283 1149; x_wconf 90' lang='lat' dir='ltr'><em>non</em></span> <span class='ocrx_word' id='word_1_541' title='bbox 1309 1119 1402 1150; x_wconf 92' lang='lat' dir='ltr'><em>modo</em></span> <span class='ocrx_word' id='word_1_542' title='bbox 1426 1120 1465 1150; x_wconf 86' lang='lat' dir='ltr'><em>ad</em></span> <span class='ocrx_word' id='word_1_543' title='bbox 1489 1120 1651 1160; x_wconf 88' lang='lat' dir='ltr'><em>evangelii</em></span> <span class='ocrx_word' id='word_1_544' title='bbox 1674 1121 1987 1153; x_wconf 87' lang='lat' dir='ltr'><em>commendationem</em></span> <span class='ocrx_word' id='word_1_545' title='bbox 2012 1123 2105 1161; x_wconf 84' lang='lat' dir='ltr'><em>valet,</em></span> <span class='ocrx_word' id='word_1_546' title='bbox 2136 1124 2191 1155; x_wconf 86' lang='lat' dir='ltr'><em>sed</em></span> 
     </span>
     <span class='ocr_line' id='line_1_78' title="bbox 1218 1162 2189 1203; baseline 0.005 -11"><span class='ocrx_word' id='word_1_547' title='bbox 1218 1167 1267 1192; x_wconf 90' lang='lat' dir='ltr'><em>est</em></span> <span class='ocrx_word' id='word_1_548' title='bbox 1298 1162 1416 1192; x_wconf 80' lang='lat' dir='ltr'><em>eximia</em></span> <span class='ocrx_word' id='word_1_549' title='bbox 1438 1162 1513 1193; x_wconf 86' lang='lat' dir='ltr'><em>fidei</em></span> <span class='ocrx_word' id='word_1_550' title='bbox 1538 1169 1666 1194; x_wconf 86' lang='lat' dir='ltr'><em>nostrae</em></span> <span class='ocrx_word' id='word_1_551' title='bbox 1689 1163 1828 1194; x_wconf 83' lang='lat' dir='ltr'><em>fultura:</em></span> <span class='ocrx_word' id='word_1_552' title='bbox 1860 1165 1933 1203; x_wconf 88' lang='lat' dir='ltr'><em>quia</em></span> <span class='ocrx_word' id='word_1_553' title='bbox 1956 1168 2094 1196; x_wconf 82' lang='lat' dir='ltr'><em>testatur</em></span> <span class='ocrx_word' id='word_1_554' title='bbox 2118 1176 2189 1197; x_wconf 87' lang='lat' dir='ltr'><em>ver-</em></span> 
     </span>
     <span class='ocr_line' id='line_1_79' title="bbox 1219 1204 2190 1242; baseline 0.006 -8"><span class='ocrx_word' id='word_1_555' title='bbox 1219 1204 1295 1234; x_wconf 88' lang='lat' dir='ltr'><em>bum</em></span> <span class='ocrx_word' id='word_1_556' title='bbox 1320 1205 1451 1236; x_wconf 88' lang='lat' dir='ltr'><em>minime</em></span> <span class='ocrx_word' id='word_1_557' title='bbox 1475 1216 1544 1237; x_wconf 89' lang='lat' dir='ltr'><em>esse</em></span> <span class='ocrx_word' id='word_1_558' title='bbox 1567 1206 1673 1242; x_wconf 84' lang='lat' dir='ltr'><em>inane,</em></span> <span class='ocrx_word' id='word_1_559' title='bbox 1699 1205 1754 1237; x_wconf 89' lang='lat' dir='ltr'><em>sed</em></span> <span class='ocrx_word' id='word_1_560' title='bbox 1778 1206 1810 1236; x_wconf 92' lang='lat' dir='ltr'><em>in</em></span> <span class='ocrx_word' id='word_1_561' title='bbox 1835 1217 1870 1237; x_wconf 88' lang='lat' dir='ltr'><em>eo</em></span> <span class='ocrx_word' id='word_1_562' title='bbox 1890 1208 2048 1239; x_wconf 88' lang='lat' dir='ltr'><em>contineri</em></span> <span class='ocrx_word' id='word_1_563' title='bbox 2071 1213 2190 1240; x_wconf 87' lang='lat' dir='ltr'><em>certam</em></span> 
     </span>
     <span class='ocr_line' id='line_1_80' title="bbox 1219 1247 1365 1278; baseline 0.007 -1"><span class='ocrx_word' id='word_1_564' title='bbox 1219 1247 1365 1278; x_wconf 84' lang='lat' dir='ltr'><em>salutem.</em></span> 
     </span>
    </p>

    <p class='ocr_par' dir='ltr' id='par_1_9' title="bbox 1214 1290 2192 2265">
     <span class='ocr_line' id='line_1_81' title="bbox 1307 1290 2191 1333; baseline 0.003 -11"><span class='ocrx_word' id='word_1_565' title='bbox 1307 1290 1392 1330; x_wconf 77' lang='lat' dir='ltr'><em>Quae</em></span> <span class='ocrx_word' id='word_1_566' title='bbox 1430 1300 1524 1330; x_wconf 72' lang='lat' dir='ltr'><em>quum</em></span> <span class='ocrx_word' id='word_1_567' title='bbox 1562 1291 1660 1323; x_wconf 87' lang='lat' dir='ltr'><em>initio.</em></span> <span class='ocrx_word' id='word_1_568' title='bbox 1717 1291 1781 1322; x_wconf 88' lang='lat' dir='ltr'><em>Hic</em></span> <span class='ocrx_word' id='word_1_569' title='bbox 1818 1291 1921 1322; x_wconf 91' lang='lat' dir='ltr'><em>filium</em></span> <span class='ocrx_word' id='word_1_570' title='bbox 1956 1292 2016 1323; x_wconf 94' lang='lat' dir='ltr'><em>Dei</em></span> <span class='ocrx_word' id='word_1_571' title='bbox 2051 1293 2191 1333; x_wconf 90' lang='lat' dir='ltr'><em>primum</em></span> 
     </span>
     <span class='ocr_line' id='line_1_82' title="bbox 1218 1333 2190 1375; baseline 0.004 -12"><span class='ocrx_word' id='word_1_572' title='bbox 1218 1333 1378 1373; x_wconf 84' lang='lat' dir='ltr'><em>evangelii</em></span> <span class='ocrx_word' id='word_1_573' title='bbox 1402 1344 1592 1373; x_wconf 83' lang='lat' dir='ltr'><em>praeconem</em></span> <span class='ocrx_word' id='word_1_574' title='bbox 1615 1334 1739 1374; x_wconf 86' lang='lat' dir='ltr'><em>angelis</em></span> <span class='ocrx_word' id='word_1_575' title='bbox 1762 1334 1906 1375; x_wconf 87' lang='lat' dir='ltr'><em>opponit,</em></span> <span class='ocrx_word' id='word_1_576' title='bbox 1934 1340 1966 1366; x_wconf 87' lang='lat' dir='ltr'><em>et</em></span> <span class='ocrx_word' id='word_1_577' title='bbox 1989 1335 2084 1366; x_wconf 88' lang='lat' dir='ltr'><em>simul</em></span> <span class='ocrx_word' id='word_1_578' title='bbox 2107 1337 2190 1367; x_wconf 87' lang='lat' dir='ltr'><em>anti-</em></span> 
     </span>
     <span class='ocr_line' id='line_1_83' title="bbox 1217 1376 2191 1419; baseline 0.004 -13"><span class='ocrx_word' id='word_1_579' title='bbox 1217 1376 1374 1416; x_wconf 90' lang='lat' dir='ltr'><em>cipatione</em></span> <span class='ocrx_word' id='word_1_580' title='bbox 1409 1376 1513 1408; x_wconf 88' lang='lat' dir='ltr'><em>utitur</em></span> <span class='ocrx_word' id='word_1_581' title='bbox 1551 1377 1591 1408; x_wconf 87' lang='lat' dir='ltr'><em>ad</em></span> <span class='ocrx_word' id='word_1_582' title='bbox 1630 1376 1807 1408; x_wconf 85' lang='lat' dir='ltr'><em>tollendam</em></span> <span class='ocrx_word' id='word_1_583' title='bbox 1836 1377 2077 1418; x_wconf 84' lang='lat' dir='ltr'><em>dubitationem,</em></span> <span class='ocrx_word' id='word_1_584' title='bbox 2111 1389 2191 1419; x_wconf 87' lang='lat' dir='ltr'><em>quae</em></span> 
     </span>
     <span class='ocr_line' id='line_1_84' title="bbox 1218 1418 2192 1460; baseline 0.005 -12"><span class='ocrx_word' id='word_1_585' title='bbox 1218 1418 1328 1450; x_wconf 89' lang='lat' dir='ltr'><em>multis</em></span> <span class='ocrx_word' id='word_1_586' title='bbox 1357 1419 1510 1460; x_wconf 87' lang='lat' dir='ltr'><em>obrepere</em></span> <span class='ocrx_word' id='word_1_587' title='bbox 1541 1423 1676 1460; x_wconf 83' lang='lat' dir='ltr'><em>poterat.</em></span> <span class='ocrx_word' id='word_1_588' title='bbox 1723 1419 1832 1460; x_wconf 87' lang='lat' dir='ltr'><em>Neque</em></span> <span class='ocrx_word' id='word_1_589' title='bbox 1861 1420 1947 1451; x_wconf 89' lang='lat' dir='ltr'><em>enim</em></span> <span class='ocrx_word' id='word_1_590' title='bbox 1974 1421 2076 1452; x_wconf 87' lang='lat' dir='ltr'><em>edocti</em></span> <span class='ocrx_word' id='word_1_591' title='bbox 2099 1429 2192 1453; x_wconf 87' lang='lat' dir='ltr'><em>erant</em></span> 
     </span>
     <span class='ocr_line' id='line_1_85' title="bbox 1217 1461 2191 1504; baseline 0.004 -12"><span class='ocrx_word' id='word_1_592' title='bbox 1217 1472 1271 1492; x_wconf 86' lang='lat' dir='ltr'><em>ore</em></span> <span class='ocrx_word' id='word_1_593' title='bbox 1295 1461 1419 1494; x_wconf 86' lang='lat' dir='ltr'><em>Christi</em></span> <span class='ocrx_word' id='word_1_594' title='bbox 1442 1463 1558 1503; x_wconf 89' lang='lat' dir='ltr'><em>ipsius:</em></span> <span class='ocrx_word' id='word_1_595' title='bbox 1585 1473 1679 1503; x_wconf 91' lang='lat' dir='ltr'><em>quem</em></span> <span class='ocrx_word' id='word_1_596' title='bbox 1705 1473 1823 1503; x_wconf 84' lang='lat' dir='ltr'><em>magna</em></span> <span class='ocrx_word' id='word_1_597' title='bbox 1846 1473 1885 1494; x_wconf 80' lang='lat' dir='ltr'><em>ex</em></span> <span class='ocrx_word' id='word_1_598' title='bbox 1909 1467 2001 1503; x_wconf 85' lang='lat' dir='ltr'><em>parte</em></span> <span class='ocrx_word' id='word_1_599' title='bbox 2025 1474 2191 1504; x_wconf 85' lang='lat' dir='ltr'><em>nunquam</em></span> 
     </span>
     <span class='ocr_line' id='line_1_86' title="bbox 1217 1504 2190 1547; baseline 0.004 -12"><span class='ocrx_word' id='word_1_600' title='bbox 1217 1504 1379 1536; x_wconf 81' lang='lat' dir='ltr'><em>viderant.</em></span> <span class='ocrx_word' id='word_1_601' title='bbox 1415 1504 1450 1537; x_wconf 84' lang='lat' dir='ltr'><em>Si</em></span> <span class='ocrx_word' id='word_1_602' title='bbox 1474 1516 1551 1546; x_wconf 87' lang='lat' dir='ltr'><em>ergo</em></span> <span class='ocrx_word' id='word_1_603' title='bbox 1574 1505 1656 1537; x_wconf 88' lang='lat' dir='ltr'><em>solos</em></span> <span class='ocrx_word' id='word_1_604' title='bbox 1680 1505 1827 1537; x_wconf 86' lang='lat' dir='ltr'><em>homines</em></span> <span class='ocrx_word' id='word_1_605' title='bbox 1845 1505 1956 1536; x_wconf 88' lang='lat' dir='ltr'><em>intuiti</em></span> <span class='ocrx_word' id='word_1_606' title='bbox 1974 1512 2091 1546; x_wconf 90' lang='lat' dir='ltr'><em>essent,</em></span> <span class='ocrx_word' id='word_1_607' title='bbox 2114 1518 2190 1547; x_wconf 89' lang='lat' dir='ltr'><em>quo—</em></span> 
     </span>
     <span class='ocr_line' id='line_1_87' title="bbox 1217 1548 2191 1588; baseline 0.004 -10"><span class='ocrx_word' id='word_1_608' title='bbox 1217 1558 1290 1578; x_wconf 90' lang='lat' dir='ltr'><em>rum</em></span> <span class='ocrx_word' id='word_1_609' title='bbox 1326 1549 1511 1588; x_wconf 82' lang='lat' dir='ltr'><em>magisterio</em></span> <span class='ocrx_word' id='word_1_610' title='bbox 1545 1548 1674 1580; x_wconf 88' lang='lat' dir='ltr'><em>adducti</em></span> <span class='ocrx_word' id='word_1_611' title='bbox 1710 1553 1804 1579; x_wconf 89' lang='lat' dir='ltr'><em>erant</em></span> <span class='ocrx_word' id='word_1_612' title='bbox 1837 1548 1877 1580; x_wconf 89' lang='lat' dir='ltr'><em>ad</em></span> <span class='ocrx_word' id='word_1_613' title='bbox 1912 1548 2022 1587; x_wconf 89' lang='lat' dir='ltr'><em>fidem,</em></span> <span class='ocrx_word' id='word_1_614' title='bbox 2057 1550 2191 1582; x_wconf 81' lang='lat' dir='ltr'><em>minoris</em></span> 
     </span>
     <span class='ocr_line' id='line_1_88' title="bbox 1217 1590 2191 1632; baseline 0.004 -11"><span class='ocrx_word' id='word_1_615' title='bbox 1217 1590 1368 1622; x_wconf 78' lang='lat' dir='ltr'><em>fecissent</em></span> <span class='ocrx_word' id='word_1_616' title='bbox 1397 1591 1480 1631; x_wconf 89' lang='lat' dir='ltr'><em>quod</em></span> <span class='ocrx_word' id='word_1_617' title='bbox 1514 1592 1552 1623; x_wconf 90' lang='lat' dir='ltr'><em>ab</em></span> <span class='ocrx_word' id='word_1_618' title='bbox 1586 1591 1651 1622; x_wconf 86' lang='lat' dir='ltr'><em>illis</em></span> <span class='ocrx_word' id='word_1_619' title='bbox 1681 1591 1869 1622; x_wconf 87' lang='lat' dir='ltr'><em>didicerant.</em></span> <span class='ocrx_word' id='word_1_620' title='bbox 1923 1592 2011 1632; x_wconf 89' lang='lat' dir='ltr'><em>Ergo</em></span> <span class='ocrx_word' id='word_1_621' title='bbox 2041 1592 2191 1625; x_wconf 88' lang='lat' dir='ltr'><em>admonet</em></span> 
     </span>
     <span class='ocr_line' id='line_1_89' title="bbox 1217 1633 2190 1674; baseline 0.004 -10"><span class='ocrx_word' id='word_1_622' title='bbox 1217 1633 1397 1674; x_wconf 86' lang='lat' dir='ltr'><em>apostolus,</em></span> <span class='ocrx_word' id='word_1_623' title='bbox 1436 1644 1454 1665; x_wconf 88' lang='lat' dir='ltr'><em>a</em></span> <span class='ocrx_word' id='word_1_624' title='bbox 1491 1633 1622 1666; x_wconf 87' lang='lat' dir='ltr'><em>Christo</em></span> <span class='ocrx_word' id='word_1_625' title='bbox 1660 1634 1870 1665; x_wconf 89' lang='lat' dir='ltr'><em>nihilominus</em></span> <span class='ocrx_word' id='word_1_626' title='bbox 1908 1636 2083 1674; x_wconf 84' lang='lat' dir='ltr'><em>profectam</em></span> <span class='ocrx_word' id='word_1_627' title='bbox 2122 1647 2190 1668; x_wconf 81' lang='lat' dir='ltr'><em>esse</em></span> 
     </span>
     <span class='ocr_line' id='line_1_90' title="bbox 1216 1675 2189 1717; baseline 0.003 -10"><span class='ocrx_word' id='word_1_628' title='bbox 1216 1675 1413 1714; x_wconf 83' lang='lat' dir='ltr'><em>doctrinam,</em></span> <span class='ocrx_word' id='word_1_629' title='bbox 1445 1687 1524 1716; x_wconf 88' lang='lat' dir='ltr'><em>quae</em></span> <span class='ocrx_word' id='word_1_630' title='bbox 1554 1677 1615 1708; x_wconf 88' lang='lat' dir='ltr'><em>sibi</em></span> <span class='ocrx_word' id='word_1_631' title='bbox 1646 1687 1703 1717; x_wconf 86' lang='lat' dir='ltr'><em>per</em></span> <span class='ocrx_word' id='word_1_632' title='bbox 1732 1677 1870 1708; x_wconf 85' lang='lat' dir='ltr'><em>aliorum</em></span> <span class='ocrx_word' id='word_1_633' title='bbox 1901 1687 2016 1708; x_wconf 90' lang='lat' dir='ltr'><em>manus</em></span> <span class='ocrx_word' id='word_1_634' title='bbox 2045 1678 2104 1709; x_wconf 83' lang='lat' dir='ltr'><em>suit</em></span> <span class='ocrx_word' id='word_1_635' title='bbox 2128 1685 2189 1711; x_wconf 90' lang='lat' dir='ltr'><em>tra-</em></span> 
     </span>
     <span class='ocr_line' id='line_1_91' title="bbox 1216 1718 2190 1761; baseline 0.005 -12"><span class='ocrx_word' id='word_1_636' title='bbox 1216 1718 1292 1750; x_wconf 87' lang='lat' dir='ltr'><em>dita.</em></span> <span class='ocrx_word' id='word_1_637' title='bbox 1345 1719 1434 1750; x_wconf 86' lang='lat' dir='ltr'><em>Dicit</em></span> <span class='ocrx_word' id='word_1_638' title='bbox 1464 1720 1549 1751; x_wconf 92' lang='lat' dir='ltr'><em>enim</em></span> <span class='ocrx_word' id='word_1_639' title='bbox 1581 1720 1680 1751; x_wconf 87' lang='lat' dir='ltr'><em>fuisse</em></span> <span class='ocrx_word' id='word_1_640' title='bbox 1712 1719 1836 1751; x_wconf 85' lang='lat' dir='ltr'><em>Christi</em></span> <span class='ocrx_word' id='word_1_641' title='bbox 1867 1719 2054 1760; x_wconf 84' lang='lat' dir='ltr'><em>discipulos,</em></span> <span class='ocrx_word' id='word_1_642' title='bbox 2089 1722 2143 1761; x_wconf 88' lang='lat' dir='ltr'><em>qui</em></span> <span class='ocrx_word' id='word_1_643' title='bbox 2172 1733 2190 1754; x_wconf 88' lang='lat' dir='ltr'><em>a</em></span> 
     </span>
     <span class='ocr_line' id='line_1_92' title="bbox 1216 1762 2191 1803; baseline 0.002 -9"><span class='ocrx_word' id='word_1_644' title='bbox 1216 1762 1347 1794; x_wconf 87' lang='lat' dir='ltr'><em>Christo</em></span> <span class='ocrx_word' id='word_1_645' title='bbox 1371 1763 1432 1794; x_wconf 85' lang='lat' dir='ltr'><em>sibi</em></span> <span class='ocrx_word' id='word_1_646' title='bbox 1456 1762 1606 1794; x_wconf 87' lang='lat' dir='ltr'><em>mandata</em></span> <span class='ocrx_word' id='word_1_647' title='bbox 1630 1762 1769 1794; x_wconf 83' lang='lat' dir='ltr'><em>fideliter</em></span> <span class='ocrx_word' id='word_1_648' title='bbox 1792 1763 1994 1803; x_wconf 87' lang='lat' dir='ltr'><em>pertulerint.</em></span> <span class='ocrx_word' id='word_1_649' title='bbox 2029 1763 2103 1795; x_wconf 88' lang='lat' dir='ltr'><em>Ideo</em></span> <span class='ocrx_word' id='word_1_650' title='bbox 2123 1776 2191 1796; x_wconf 90' lang='lat' dir='ltr'><em>ver-</em></span> 
     </span>
     <span class='ocr_line' id='line_1_93' title="bbox 1216 1805 2189 1847; baseline 0.003 -11"><span class='ocrx_word' id='word_1_651' title='bbox 1216 1805 1291 1836; x_wconf 90' lang='lat' dir='ltr'><em>bum</em></span> <span class='ocrx_word' id='word_1_652' title='bbox 1325 1805 1608 1837; x_wconf 87' lang='lat' dir='ltr'><em>confirmandi</em></span> <span class='ocrx_word' id='word_1_653' title='bbox 1641 1809 1794 1845; x_wconf 85' lang='lat' dir='ltr'><em>usurpat:</em></span> <span class='ocrx_word' id='word_1_654' title='bbox 1828 1815 1865 1836; x_wconf 89' lang='lat' dir='ltr'><em>ac</em></span> <span class='ocrx_word' id='word_1_655' title='bbox 1894 1806 1921 1836; x_wconf 91' lang='lat' dir='ltr'><em>si</em></span> <span class='ocrx_word' id='word_1_656' title='bbox 1955 1805 2089 1847; x_wconf 87' lang='lat' dir='ltr'><em>diceret,</em></span> <span class='ocrx_word' id='word_1_657' title='bbox 2123 1818 2189 1839; x_wconf 91' lang='lat' dir='ltr'><em>non</em></span> 
     </span>
     <span class='ocr_line' id='line_1_94' title="bbox 1216 1848 2190 1889; baseline 0.004 -11"><span class='ocrx_word' id='word_1_658' title='bbox 1216 1848 1312 1879; x_wconf 88' lang='lat' dir='ltr'><em>fuisse</em></span> <span class='ocrx_word' id='word_1_659' title='bbox 1343 1858 1505 1879; x_wconf 86' lang='lat' dir='ltr'><em>rumorem</em></span> <span class='ocrx_word' id='word_1_660' title='bbox 1536 1859 1684 1889; x_wconf 88' lang='lat' dir='ltr'><em>sparsum</em></span> <span class='ocrx_word' id='word_1_661' title='bbox 1715 1849 1785 1879; x_wconf 89' lang='lat' dir='ltr'><em>sine</em></span> <span class='ocrx_word' id='word_1_662' title='bbox 1815 1849 1928 1889; x_wconf 88' lang='lat' dir='ltr'><em>capite,</em></span> <span class='ocrx_word' id='word_1_663' title='bbox 1962 1849 2011 1879; x_wconf 90' lang='lat' dir='ltr'><em>vel</em></span> <span class='ocrx_word' id='word_1_664' title='bbox 2034 1860 2052 1880; x_wconf 88' lang='lat' dir='ltr'><em>a</em></span> <span class='ocrx_word' id='word_1_665' title='bbox 2076 1849 2190 1882; x_wconf 89' lang='lat' dir='ltr'><em>dubiae</em></span> 
     </span>
     <span class='ocr_line' id='line_1_95' title="bbox 1214 1891 2191 1932; baseline 0.004 -11"><span class='ocrx_word' id='word_1_666' title='bbox 1214 1891 1288 1922; x_wconf 88' lang='lat' dir='ltr'><em>fidei</em></span> <span class='ocrx_word' id='word_1_667' title='bbox 1312 1891 1457 1929; x_wconf 77' lang='lat' dir='ltr'><em>testibus,</em></span> <span class='ocrx_word' id='word_1_668' title='bbox 1486 1891 1541 1922; x_wconf 86' lang='lat' dir='ltr'><em>sed</em></span> <span class='ocrx_word' id='word_1_669' title='bbox 1571 1892 1625 1931; x_wconf 90' lang='lat' dir='ltr'><em>qui</em></span> <span class='ocrx_word' id='word_1_670' title='bbox 1649 1901 1765 1932; x_wconf 84' lang='lat' dir='ltr'><em>graves</em></span> <span class='ocrx_word' id='word_1_671' title='bbox 1788 1891 1906 1922; x_wconf 82' lang='lat' dir='ltr'><em>habeat</em></span> <span class='ocrx_word' id='word_1_672' title='bbox 1928 1897 2063 1923; x_wconf 89' lang='lat' dir='ltr'><em>autores.</em></span> <span class='ocrx_word' id='word_1_673' title='bbox 2109 1892 2191 1925; x_wconf 85' lang='lat' dir='ltr'><em>Cae-</em></span> 
     </span>
     <span class='ocr_line' id='line_1_96' title="bbox 1215 1933 2190 1974; baseline 0.004 -10"><span class='ocrx_word' id='word_1_674' title='bbox 1215 1940 1319 1965; x_wconf 86' lang='lat' dir='ltr'><em>terum</em></span> <span class='ocrx_word' id='word_1_675' title='bbox 1343 1934 1396 1964; x_wconf 90' lang='lat' dir='ltr'><em>hic</em></span> <span class='ocrx_word' id='word_1_676' title='bbox 1419 1933 1507 1965; x_wconf 83' lang='lat' dir='ltr'><em>locus</em></span> <span class='ocrx_word' id='word_1_677' title='bbox 1530 1934 1648 1965; x_wconf 89' lang='lat' dir='ltr'><em>indicio</em></span> <span class='ocrx_word' id='word_1_678' title='bbox 1677 1939 1734 1971; x_wconf 89' lang='lat' dir='ltr'><em>est,</em></span> <span class='ocrx_word' id='word_1_679' title='bbox 1765 1934 1932 1974; x_wconf 90' lang='lat' dir='ltr'><em>epistolam</em></span> <span class='ocrx_word' id='word_1_680' title='bbox 1957 1945 1974 1965; x_wconf 92' lang='lat' dir='ltr'><em>a</em></span> <span class='ocrx_word' id='word_1_681' title='bbox 1998 1935 2101 1967; x_wconf 85' lang='lat' dir='ltr'><em>Paulo</em></span> <span class='ocrx_word' id='word_1_682' title='bbox 2125 1947 2190 1968; x_wconf 91' lang='lat' dir='ltr'><em>non</em></span> 
     </span>
     <span class='ocr_line' id='line_1_97' title="bbox 1215 1976 2190 2019; baseline 0.002 -11"><span class='ocrx_word' id='word_1_683' title='bbox 1215 1977 1314 2008; x_wconf 87' lang='lat' dir='ltr'><em>fuisse</em></span> <span class='ocrx_word' id='word_1_684' title='bbox 1338 1977 1556 2017; x_wconf 90' lang='lat' dir='ltr'><em>compositam.</em></span> <span class='ocrx_word' id='word_1_685' title='bbox 1596 1976 1707 2016; x_wconf 90' lang='lat' dir='ltr'><em>Neque</em></span> <span class='ocrx_word' id='word_1_686' title='bbox 1726 1977 1812 2008; x_wconf 88' lang='lat' dir='ltr'><em>enim</em></span> <span class='ocrx_word' id='word_1_687' title='bbox 1833 1982 1898 2007; x_wconf 86' lang='lat' dir='ltr'><em>tam</em></span> <span class='ocrx_word' id='word_1_688' title='bbox 1918 1976 2086 2009; x_wconf 89' lang='lat' dir='ltr'><em>humiliter</em></span> <span class='ocrx_word' id='word_1_689' title='bbox 2106 1979 2190 2019; x_wconf 89' lang='lat' dir='ltr'><em>loqui</em></span> 
     </span>
     <span class='ocr_line' id='line_1_98' title="bbox 1214 2019 2188 2062; baseline 0.002 -12"><span class='ocrx_word' id='word_1_690' title='bbox 1214 2019 1295 2051; x_wconf 85' lang='lat' dir='ltr'><em>solet</em></span> <span class='ocrx_word' id='word_1_691' title='bbox 1320 2026 1356 2050; x_wconf 90' lang='lat' dir='ltr'><em>ut</em></span> <span class='ocrx_word' id='word_1_692' title='bbox 1379 2030 1413 2050; x_wconf 90' lang='lat' dir='ltr'><em>se</em></span> <span class='ocrx_word' id='word_1_693' title='bbox 1437 2030 1535 2050; x_wconf 91' lang='lat' dir='ltr'><em>unum</em></span> <span class='ocrx_word' id='word_1_694' title='bbox 1560 2020 1699 2051; x_wconf 84' lang='lat' dir='ltr'><em>fateatur</em></span> <span class='ocrx_word' id='word_1_695' title='bbox 1715 2030 1755 2050; x_wconf 84' lang='lat' dir='ltr'><em>ex</em></span> <span class='ocrx_word' id='word_1_696' title='bbox 1772 2019 1992 2059; x_wconf 87' lang='lat' dir='ltr'><em>apostolorum</em></span> <span class='ocrx_word' id='word_1_697' title='bbox 2010 2020 2188 2062; x_wconf 85' lang='lat' dir='ltr'><em>discipulis:</em></span> 
     </span>
     <span class='ocr_line' id='line_1_99' title="bbox 1215 2062 2189 2102; baseline 0.003 -9"><span class='ocrx_word' id='word_1_698' title='bbox 1215 2073 1317 2102; x_wconf 90' lang='lat' dir='ltr'><em>neque</em></span> <span class='ocrx_word' id='word_1_699' title='bbox 1354 2062 1386 2093; x_wconf 92' lang='lat' dir='ltr'><em>id</em></span> <span class='ocrx_word' id='word_1_700' title='bbox 1425 2062 1619 2100; x_wconf 88' lang='lat' dir='ltr'><em>ambitione,</em></span> <span class='ocrx_word' id='word_1_701' title='bbox 1658 2062 1714 2093; x_wconf 87' lang='lat' dir='ltr'><em>sed</em></span> <span class='ocrx_word' id='word_1_702' title='bbox 1752 2063 1825 2102; x_wconf 87' lang='lat' dir='ltr'><em>quia</em></span> <span class='ocrx_word' id='word_1_703' title='bbox 1862 2063 1998 2102; x_wconf 89' lang='lat' dir='ltr'><em>improbi</em></span> <span class='ocrx_word' id='word_1_704' title='bbox 2033 2064 2189 2096; x_wconf 86' lang='lat' dir='ltr'><em>eiusmodi</em></span> 
     </span>
     <span class='ocr_line' id='line_1_100' title="bbox 1214 2104 2190 2144; baseline 0.003 -8"><span class='ocrx_word' id='word_1_705' title='bbox 1214 2107 1395 2144; x_wconf 79' lang='lat' dir='ltr'><em>praetextu,</em></span> <span class='ocrx_word' id='word_1_706' title='bbox 1416 2105 1607 2136; x_wconf 88' lang='lat' dir='ltr'><em>tantundem</em></span> <span class='ocrx_word' id='word_1_707' title='bbox 1628 2104 1797 2136; x_wconf 87' lang='lat' dir='ltr'><em>detrahere</em></span> <span class='ocrx_word' id='word_1_708' title='bbox 1816 2106 1884 2136; x_wconf 88' lang='lat' dir='ltr'><em>eius</em></span> <span class='ocrx_word' id='word_1_709' title='bbox 1901 2106 2065 2138; x_wconf 83' lang='lat' dir='ltr'><em>doctrinae</em></span> <span class='ocrx_word' id='word_1_710' title='bbox 2082 2107 2190 2139; x_wconf 88' lang='lat' dir='ltr'><em>molie-</em></span> 
     </span>
     <span class='ocr_line' id='line_1_101' title="bbox 1215 2148 2189 2190; baseline 0.003 -12"><span class='ocrx_word' id='word_1_711' title='bbox 1215 2149 1342 2179; x_wconf 80' lang='lat' dir='ltr'><em>bantur.</em></span> <span class='ocrx_word' id='word_1_712' title='bbox 1394 2149 1538 2187; x_wconf 85' lang='lat' dir='ltr'><em>Apparet</em></span> <span class='ocrx_word' id='word_1_713' title='bbox 1568 2148 1668 2189; x_wconf 90' lang='lat' dir='ltr'><em>igitur</em></span> <span class='ocrx_word' id='word_1_714' title='bbox 1702 2159 1767 2179; x_wconf 89' lang='lat' dir='ltr'><em>non</em></span> <span class='ocrx_word' id='word_1_715' title='bbox 1797 2159 1866 2179; x_wconf 85' lang='lat' dir='ltr'><em>esse</em></span> <span class='ocrx_word' id='word_1_716' title='bbox 1894 2149 2033 2180; x_wconf 82' lang='lat' dir='ltr'><em>Paulum</em></span> <span class='ocrx_word' id='word_1_717' title='bbox 2064 2150 2117 2190; x_wconf 87' lang='lat' dir='ltr'><em>qui</em></span> <span class='ocrx_word' id='word_1_718' title='bbox 2147 2161 2189 2182; x_wconf 81' lang='lat' dir='ltr'><em>ex</em></span> 
     </span>
     <span class='ocr_line' id='line_1_102' title="bbox 1214 2190 2189 2231; baseline 0.004 -10"><span class='ocrx_word' id='word_1_719' title='bbox 1214 2190 1326 2222; x_wconf 88' lang='lat' dir='ltr'><em>auditu</em></span> <span class='ocrx_word' id='word_1_720' title='bbox 1350 2201 1383 2222; x_wconf 86' lang='lat' dir='ltr'><em>se</em></span> <span class='ocrx_word' id='word_1_721' title='bbox 1407 2191 1526 2222; x_wconf 86' lang='lat' dir='ltr'><em>habere</em></span> <span class='ocrx_word' id='word_1_722' title='bbox 1548 2191 1753 2231; x_wconf 89' lang='lat' dir='ltr'><em>evangelium</em></span> <span class='ocrx_word' id='word_1_723' title='bbox 1777 2191 1899 2230; x_wconf 86' lang='lat' dir='ltr'><em>scribit,</em></span> <span class='ocrx_word' id='word_1_724' title='bbox 1929 2202 1992 2223; x_wconf 90' lang='lat' dir='ltr'><em>non</em></span> <span class='ocrx_word' id='word_1_725' title='bbox 2017 2198 2124 2224; x_wconf 88' lang='lat' dir='ltr'><em>autem</em></span> <span class='ocrx_word' id='word_1_726' title='bbox 2148 2204 2189 2225; x_wconf 81' lang='lat' dir='ltr'><em>ex</em></span> 
     </span>
     <span class='ocr_line' id='line_1_103' title="bbox 1214 2234 1419 2265; baseline -0.005 0"><span class='ocrx_word' id='word_1_727' title='bbox 1214 2234 1419 2265; x_wconf 86' lang='lat' dir='ltr'><em>revelatione.</em></span> 
     </span>
    </p>

    <p class='ocr_par' dir='ltr' id='par_1_10' title="bbox 1213 2276 2197 2702">
     <span class='ocr_line' id='line_1_104' title="bbox 1299 2276 2197 2317; baseline 0.004 -11"><span class='ocrx_word' id='word_1_728' title='bbox 1299 2277 1327 2308; x_wconf 88' lang='lat'><em>4.</em></span> <span class='ocrx_word' id='word_1_729' title='bbox 1361 2276 1465 2308; x_wconf 83' lang='lat' dir='ltr'><em>Simul</em></span> <span class='ocrx_word' id='word_1_730' title='bbox 1491 2278 1655 2308; x_wconf 84' lang='lat' dir='ltr'><em>attestante.</em></span> <span class='ocrx_word' id='word_1_731' title='bbox 1710 2276 1941 2317; x_wconf 87' lang='lat' dir='ltr'><em>Praeterquam</em></span> <span class='ocrx_word' id='word_1_732' title='bbox 1975 2277 2060 2317; x_wconf 92' lang='lat' dir='ltr'><em>quod</em></span> <span class='ocrx_word' id='word_1_733' title='bbox 2090 2277 2197 2310; x_wconf 76' lang='lat' dir='ltr'><em>habe-&#39;</em></span> 
     </span>
     <span class='ocr_line' id='line_1_105' title="bbox 1214 2319 2188 2360; baseline 0.003 -10"><span class='ocrx_word' id='word_1_734' title='bbox 1214 2319 1290 2350; x_wconf 88' lang='lat' dir='ltr'><em>bant</em></span> <span class='ocrx_word' id='word_1_735' title='bbox 1314 2329 1331 2350; x_wconf 86' lang='lat' dir='ltr'><em>a</em></span> <span class='ocrx_word' id='word_1_736' title='bbox 1351 2319 1415 2350; x_wconf 87' lang='lat' dir='ltr'><em>filio</em></span> <span class='ocrx_word' id='word_1_737' title='bbox 1432 2319 1493 2350; x_wconf 89' lang='lat' dir='ltr'><em>Dei</em></span> <span class='ocrx_word' id='word_1_738' title='bbox 1510 2319 1644 2359; x_wconf 90' lang='lat' dir='ltr'><em>apostoli</em></span> <span class='ocrx_word' id='word_1_739' title='bbox 1661 2319 1744 2360; x_wconf 91' lang='lat' dir='ltr'><em>quod</em></span> <span class='ocrx_word' id='word_1_740' title='bbox 1763 2320 2002 2360; x_wconf 87' lang='lat' dir='ltr'><em>praedicarunt,</em></span> <span class='ocrx_word' id='word_1_741' title='bbox 2025 2320 2188 2353; x_wconf 88' lang='lat' dir='ltr'><em>Dominus</em></span> 
     </span>
     <span class='ocr_line' id='line_1_106' title="bbox 1213 2361 2185 2403; baseline 0.001 -10"><span class='ocrx_word' id='word_1_742' title='bbox 1213 2363 1308 2393; x_wconf 89' lang='lat' dir='ltr'><em>etiam</em></span> <span class='ocrx_word' id='word_1_743' title='bbox 1327 2361 1487 2393; x_wconf 86' lang='lat' dir='ltr'><em>miraculis</em></span> <span class='ocrx_word' id='word_1_744' title='bbox 1505 2366 1659 2402; x_wconf 87' lang='lat' dir='ltr'><em>tanquam</em></span> <span class='ocrx_word' id='word_1_745' title='bbox 1675 2361 1803 2393; x_wconf 88' lang='lat' dir='ltr'><em>solenni</em></span> <span class='ocrx_word' id='word_1_746' title='bbox 1819 2361 2061 2403; x_wconf 87' lang='lat' dir='ltr'><em>subscriptione,</em></span> <span class='ocrx_word' id='word_1_747' title='bbox 2078 2373 2185 2395; x_wconf 88' lang='lat' dir='ltr'><em>eorum</em></span> 
     </span>
     <span class='ocr_line' id='line_1_107' title="bbox 1214 2404 2188 2445; baseline 0.001 -9"><span class='ocrx_word' id='word_1_748' title='bbox 1214 2404 1485 2445; x_wconf 87' lang='lat' dir='ltr'><em>praedicationem</em></span> <span class='ocrx_word' id='word_1_749' title='bbox 1516 2405 1717 2445; x_wconf 86' lang='lat' dir='ltr'><em>approbavit.</em></span> <span class='ocrx_word' id='word_1_750' title='bbox 1762 2405 1851 2445; x_wconf 84' lang='lat' dir='ltr'><em>Ergo</em></span> <span class='ocrx_word' id='word_1_751' title='bbox 1880 2406 2032 2436; x_wconf 89' lang='lat' dir='ltr'><em>iniuriam</em></span> <span class='ocrx_word' id='word_1_752' title='bbox 2064 2406 2188 2437; x_wconf 84' lang='lat' dir='ltr'><em>faciunt</em></span> 
     </span>
     <span class='ocr_line' id='line_1_108' title="bbox 1214 2447 2187 2489; baseline 0.001 -10"><span class='ocrx_word' id='word_1_753' title='bbox 1214 2459 1278 2479; x_wconf 89' lang='lat' dir='ltr'><em>non</em></span> <span class='ocrx_word' id='word_1_754' title='bbox 1313 2452 1438 2478; x_wconf 87' lang='lat' dir='ltr'><em>tantum</em></span> <span class='ocrx_word' id='word_1_755' title='bbox 1474 2447 1571 2478; x_wconf 90' lang='lat' dir='ltr'><em>verbo</em></span> <span class='ocrx_word' id='word_1_756' title='bbox 1603 2448 1680 2485; x_wconf 89' lang='lat' dir='ltr'><em>Dei,</em></span> <span class='ocrx_word' id='word_1_757' title='bbox 1714 2447 1769 2479; x_wconf 87' lang='lat' dir='ltr'><em>sed</em></span> <span class='ocrx_word' id='word_1_758' title='bbox 1805 2448 1901 2478; x_wconf 89' lang='lat' dir='ltr'><em>etiam</em></span> <span class='ocrx_word' id='word_1_759' title='bbox 1934 2449 2099 2488; x_wconf 87' lang='lat' dir='ltr'><em>operibus,</em></span> <span class='ocrx_word' id='word_1_760' title='bbox 2133 2450 2187 2489; x_wconf 86' lang='lat' dir='ltr'><em>qui</em></span> 
     </span>
     <span class='ocr_line' id='line_1_109' title="bbox 1214 2490 2186 2531; baseline 0 -9"><span class='ocrx_word' id='word_1_761' title='bbox 1214 2501 1278 2522; x_wconf 89' lang='lat' dir='ltr'><em>non</em></span> <span class='ocrx_word' id='word_1_762' title='bbox 1302 2494 1489 2521; x_wconf 88' lang='lat' dir='ltr'><em>reverenter</em></span> <span class='ocrx_word' id='word_1_763' title='bbox 1513 2490 1755 2531; x_wconf 85' lang='lat' dir='ltr'><em>amplectuntur</em></span> <span class='ocrx_word' id='word_1_764' title='bbox 1779 2490 1984 2530; x_wconf 89' lang='lat' dir='ltr'><em>evangelium</em></span> <span class='ocrx_word' id='word_1_765' title='bbox 2010 2491 2092 2531; x_wconf 93' lang='lat' dir='ltr'><em>quod</em></span> <span class='ocrx_word' id='word_1_766' title='bbox 2113 2491 2186 2522; x_wconf 88' lang='lat' dir='ltr'><em>tali-</em></span> 
     </span>
     <span class='ocr_line' id='line_1_110' title="bbox 1214 2533 2186 2566; baseline 0 -1"><span class='ocrx_word' id='word_1_767' title='bbox 1214 2534 1272 2565; x_wconf 91' lang='lat' dir='ltr'><em>bus</em></span> <span class='ocrx_word' id='word_1_768' title='bbox 1310 2533 1504 2564; x_wconf 84' lang='lat' dir='ltr'><em>testimoniis</em></span> <span class='ocrx_word' id='word_1_769' title='bbox 1538 2533 1794 2565; x_wconf 89' lang='lat' dir='ltr'><em>commendatur.</em></span> <span class='ocrx_word' id='word_1_770' title='bbox 1850 2533 1967 2565; x_wconf 76' lang='lat' dir='ltr'><em>Tribus</em></span> <span class='ocrx_word' id='word_1_771' title='bbox 2002 2534 2186 2566; x_wconf 89' lang='lat' dir='ltr'><em>nominibus</em></span> 
     </span>
     <span class='ocr_line' id='line_1_111' title="bbox 1214 2575 2186 2616; baseline 0.001 -10"><span class='ocrx_word' id='word_1_772' title='bbox 1214 2575 1367 2607; x_wconf 88' lang='lat' dir='ltr'><em>miracula</em></span> <span class='ocrx_word' id='word_1_773' title='bbox 1383 2575 1531 2616; x_wconf 89' lang='lat' dir='ltr'><em>designat</em></span> <span class='ocrx_word' id='word_1_774' title='bbox 1547 2576 1587 2607; x_wconf 90' lang='lat' dir='ltr'><em>ad</em></span> <span class='ocrx_word' id='word_1_775' title='bbox 1603 2577 1753 2607; x_wconf 92' lang='lat' dir='ltr'><em>maiorem</em></span> <span class='ocrx_word' id='word_1_776' title='bbox 1771 2575 2061 2616; x_wconf 86' lang='lat' dir='ltr'><em>amplificationem.</em></span> <span class='ocrx_word' id='word_1_777' title='bbox 2085 2577 2186 2608; x_wconf 90' lang='lat' dir='ltr'><em>Porro</em></span> 
     </span>
     <span class='ocr_line' id='line_1_112' title="bbox 1214 2618 2184 2659; baseline 0.001 -10"><span class='ocrx_word' id='word_1_778' title='bbox 1214 2619 1334 2659; x_wconf 82' lang='lat' dir='ltr'><em>signa</em></span> <span class='ocrx_word' id='word_1_779' title='bbox 1363 2618 1433 2649; x_wconf 87' lang='lat' dir='ltr'><em>ideo</em></span> <span class='ocrx_word' id='word_1_780' title='bbox 1464 2624 1629 2656; x_wconf 83' lang='lat' dir='ltr'><em>vocantur,</em></span> <span class='ocrx_word' id='word_1_781' title='bbox 1660 2618 1742 2659; x_wconf 91' lang='lat' dir='ltr'><em>quod</em></span> <span class='ocrx_word' id='word_1_782' title='bbox 1775 2618 1942 2650; x_wconf 88' lang='lat' dir='ltr'><em>hominum</em></span> <span class='ocrx_word' id='word_1_783' title='bbox 1973 2625 2099 2650; x_wconf 89' lang='lat' dir='ltr'><em>mentes</em></span> <span class='ocrx_word' id='word_1_784' title='bbox 2129 2630 2184 2650; x_wconf 81' lang='lat' dir='ltr'><em>ex-</em></span> 
     </span>
     <span class='ocr_line' id='line_1_113' title="bbox 1214 2660 2185 2702; baseline 0 -10"><span class='ocrx_word' id='word_1_785' title='bbox 1214 2662 1314 2692; x_wconf 86' lang='lat' dir='ltr'><em>citant</em></span> <span class='ocrx_word' id='word_1_786' title='bbox 1338 2661 1377 2691; x_wconf 89' lang='lat' dir='ltr'><em>ad</em></span> <span class='ocrx_word' id='word_1_787' title='bbox 1401 2661 1668 2692; x_wconf 88' lang='lat' dir='ltr'><em>considerandum</em></span> <span class='ocrx_word' id='word_1_788' title='bbox 1693 2661 1789 2693; x_wconf 88' lang='lat' dir='ltr'><em>altius</em></span> <span class='ocrx_word' id='word_1_789' title='bbox 1812 2661 1965 2702; x_wconf 88' lang='lat' dir='ltr'><em>quiddam</em></span> <span class='ocrx_word' id='word_1_790' title='bbox 1985 2672 2079 2702; x_wconf 86' lang='lat' dir='ltr'><em>quam</em></span> <span class='ocrx_word' id='word_1_791' title='bbox 2099 2660 2185 2701; x_wconf 88' lang='lat' dir='ltr'><em>quod</em></span> 
     </span>
    </p>
   </div>
   <div class='ocr_carea' id='block_1_6' title="bbox 1941 2720 1973 2745">
    <p class='ocr_par' dir='ltr' id='par_1_11' title="bbox 1941 2720 1973 2745">
     <span class='ocr_line' id='line_1_114' title="bbox 1941 2720 1973 2745; baseline 0 -11"><span class='ocrx_word' id='word_1_792' title='bbox 1941 2720 1973 2745; x_wconf 60' lang='lat'><em>2*</em></span> 
     </span>
    </p>
   </div>
  </div>
 </body>
</html>
