2513 3126
278 219 336 250 1423

275 328 308 347 sc
344 326 506 356 nunquam
542 313 730 346 subducant.

1018 215 1157 247 El‘lsT.
1183 215 1246 247 AD
1271 215 1518 247 HEBRAEOS

788 312 896 352 Atque
930 312 1047 343 iterum
1082 311 1177 342 fidem
1212 315 1243 342 et
1268 311 1461 342 'obruimur
1501 312 1637 343 infinitis
1678 311 1828 342 miseriis:

277 359 520 391 subductionem
546 357 630 387 inter
653 366 686 386 sc
710 355 852 396 opponit,
882 354 975 386 sicuti
1001 354 1243 394 acquisitionem
1269 352 1271 369 '¹

275 403 402 432 animae
425 399 565 432 eiusdem
590 398 696 430 exitio.
743 398 900 429 Notemus
924 403 1041 435 autem,
1066 397 1148 429 lianc
1171 407 1242 428 sen-

277 445 410 475 tentiam
441 442 479 473 ad
513 451 570 473 nos
601 451 726 481 quoquo
756 441 933 481 pertinere:
969 450 1027 471 nos
1055 440 1140 470 enim
1165 449 1244 480 quos
1269 449 1271 459 ·

275 487 371 518 semol
397 485 548 525 dignatus
571 490 619 515 cst
643 484 732 515 Deus
755 483 914 524 evangelii
937 484 987 514 sui
1011 483 1090 519 luce,
1114 483 1189 522 quia
1212 483 1243 513 in

275 529 410 560 salutem
435 527 539 559 vocati
559 537 681 566 sumus,
705 526 792 557 hunc
816 535 992 566 agnoscere
1015 525 1170 557 debemus
1192 535 1243 557 vo-

275 570 409 601 cationis
443 575 572 601 nostrae
607 570 721 606 finem,
762 573 797 599 ut
832 569 1037 608 proficiamus
1070 569 1174 608 magis
1209 577 1245 599 ac

275 613 376 654 magis
414 612 446 644 in
481 612 543 644 Dei
578 612 775 648 obediontia,
813 615 845 642 et
878 612 1005 642 assidue
1040 611 1172 651 propius
1205 610 1245 642 ad

274 666 348 687 eum
378 654 529 688 accedero
558 665 719 687 conemur.
764 653 854 686 Haec
878 664 954 685 vera
976 657 1024 686 est
1047 654 1174 685 animae
1197 664 1245 685 ac-

275 698 418 739 quisitio:
453 698 527 738 quia
560 698 606 729 sic
640 697 765 738 agendo
795 697 970 737 effugimus
1001 701 1167 728 aeternum
1200 697 1245 727 in-

275 740 416 772 teritum.

362 785 389 815 l.
414 783 515 815 Porro
543 783 620 822 fides
650 785 702 814 est.
749 782 904 823 Quisquis
933 781 985 814 hic
1015 782 1089 814 fecit
1119 781 1247 813 initium

275 826 387 867 capitis
403 826 575 865 undecimi,
595 835 766 866 perperam
783 828 972 857 contextum
989 825 1126 865 obrupit.
1164 824 1247 855 Nam

275 869 410 910 apostoli
441 868 609 900 eonsilium
640 873 688 899 est
722 868 858 908 probare
889 867 975 908 quod
999 867 1133 905 dixerat,
1167 877 1248 907 opus

275 912 397 944 scilicet
416 921 485 943 esse
502 911 667 951 patientia.
704 910 828 943 Citavit
847 911 1067 942 testimonium
1084 910 1248 949 Habacuc,
1274 946 1276 952 Ι

277 956 329 995 qui
355 954 431 986 dicit
454 954 575 985 iustum
599 953 661 985 fide
685 963 743 985 sua
767 954 884 986 vivere.
924 953 1018 986 Nunc
1042 953 1126 993 quod
1151 958 1248 983 resta·
1274 956 1276 960 “

277 999 329 1029 bat
365 997 513 1034 ostendit,
549 1006 615 1028 non
649 997 752 1037 magis
787 1007 806 1028 a
838 996 995 1036 patientia
1026 996 1122 1027 fidem
1153 994 1248 1025 avelli

277 1050 370 1081 quam
405 1050 423 1070 a
456 1040 561 1079 seipsa
596 1049 698 1080 posse.
755 1038 865 1078 Quare
904 1039 976 1070 talis
1013 1044 1061 1070 est
1094 1037 1249 1069 orationis

276 1084 383 1115 series.
438 1082 611 1122 Nunquam
646 1082 872 1123 perveniemus
906 1082 945 1113 ad
980 1081 1094 1113 salutis
1129 1085 1248 1110 metam

276 1126 337 1157 nisi
383 1125 537 1165 patientia
581 1125 681 1156 simus
726 1125 884 1157 instructi.
956 1123 1119 1163 Propheta
1163 1122 1248 1152 enim

276 1170 397 1200 iustum
432 1167 495 1199 fide
529 1167 690 1200 victurum
723 1168 847 1199 asserit.
893 1167 993 1206 Atqui
1025 1166 1103 1196 fides
1127 1164 1165 1196 ad
1197 1175 1249 1196 res

277 1211 388 1252 procul
417 1214 558 1242 remotas
589 1220 647 1241 nos
672 1216 773 1248 vocat,
804 1216 835 1241 et
859 1210 976 1250 quibus
1000 1208 1143 1240 nondum
1170 1207 1248 1247 poti-

278 1265 360 1286 mur.
404 1253 595 1285 Necessario
626 1253 727 1293 igitur
758 1253 945 1293 patientiam
977 1252 1010 1282 in
1039 1261 1072 1282 se
1095 1251 1248 1282 continet.

277 1297 389 1337 Itaque
423 1296 456 1327 in
490 1295 678 1336 syllogismo
713 1295 790 1326 haec
824 1296 929 1326 minor
963 1294 1138 1335 propositio
1172 1293 1250 1324 erit:

276 1339 399 1371 Fides
431 1344 490 1370 est
517 1339 777 1378 substantia,
807 1341 866 1369 ete.
914 1337 1008 1369 Unde
1031 1337 1128 1368 etiam
1152 1346 1249 1376 appa-

278 1388 327 1413 ret
350 1381 446 1422 longe
469 1381 537 1412 falli
561 1392 612 1413 eos
637 1382 690 1421 qui
714 1381 829 1412 iustem
853 1380 927 1412 fidei
953 1379 1173 1411 definitionem
1199 1379 1251 1410 hic

278 1425 355 1466 poni
384 1424 586 1456 existimant:
622 1434 725 1464 neque
753 1423 838 1454 enim
863 1423 915 1454 hic
939 1422 978 1454 de
1001 1427 1069 1453 tota
1092 1422 1168 1454 fidei
1193 1432 1250 1453 na-

280 1472 354 1499 tura
377 1467 505 1498 disserit
529 1466 699 1507 apostolus,
728 1465 783 1497 sed
808 1471 931 1504 partem
956 1465 1055 1506 elegit
1079 1475 1136 1496 suo
1158 1465 1250 1496 insti-

279 1514 349 1541 tuto
366 1515 614 1550 congruentem:
631 1519 747 1548 nempe
764 1509 847 1548 quod
865 1519 938 1540 eum
955 1508 1113 1548 patientia
1125 1518 1252 1548 semper

279 1553 451 1585 coniuncta
473 1553 525 1583 sit.
569 1552 665 1583 Nunc
689 1551 787 1583 verba
809 1551 1041 1592 expendamus.
1087 1551 1253 1590 Hyposta·

279 1597 330 1628 sin
371 1599 466 1627 vocat
505 1604 636 1626 rerum
676 1604 779 1634 quae
822 1599 1062 1634 sperantur.
1123 1593 1253 1625 Scimus

280 1643 388 1670 autem
417 1638 539 1678 sperari
562 1647 628 1668 non
652 1647 734 1677 quae
757 1637 848 1668 nobis
871 1637 910 1669 ad
934 1647 1066 1668 manum
1089 1641 1176 1674 sunt,
1199 1636 1254 1668 sed

279 1692 361 1722 quae
393 1681 497 1712 adhue
527 1680 642 1711 latent:
680 1679 733 1711 vel
763 1690 901 1720 quorum
935 1680 1050 1711 saltem
1082 1679 1192 1710 fruitio
1220 1680 1253 1710 in

279 1724 367 1755 aliud
408 1728 536 1763 tempus
581 1723 734 1754 reiicitur.

280 1820 375 1850 quam
400 1810 485 1840 enim
510 1808 604 1840 dixit:
629 1808 703 1839 Non
727 1807 832 1839 videri
853 1808 937 1848 quod
961 1814 1126 1848 speratur:
1153 1818 1194 1839 ex
1218 1819 1254 1839 eo

280 1853 393 1889 infert,
433 1863 490 1892 per
528 1851 717 1892 patientiam
755 1852 944 1891 exspectari.
1001 1850 1056 1883 Sic
1091 1850 1254 1890 apostolus

280 1903 389 1926 noster
413 1895 576 1932 admonet,
600 1904 666 1925 non
691 1893 801 1925 haberi
825 1893 897 1925 Deo
923 1893 1019 1925 fidem
1043 1893 1082 1924 de
1105 1903 1254 1934 praesen-

281 1938 375 1975 tibus,
407 1937 463 1969 sed
493 1947 629 1977 quorum
660 1937 857 1977 exspectatio
886 1936 992 1968 adhuc
1015 1946 1171 1976 suspensa
1194 1938 1254 1967 est.

283 1979 350 2010 Nec
385 1989 460 2011 vero
495 1980 599 2020 gratia
633 1984 720 2011 caret
755 1979 929 2020 antilogiae
963 1980 1094 2020 species.
1146 1978 1254 2016 Fides,

282 2022 398 2062 inquit,
421 2027 471 2054 est
493 2022 686 2063 hypostasis,
715 2022 774 2053 hoc
797 2027 847 2053 est
869 2022 990 2053 fultura
1013 2022 1064 2053 vel
1088 2021 1254 2061 possessio,

284 2064 318 2095 in
342 2074 404 2105 qua
427 2064 538 2104 pedem
563 2065 702 2104 figimus.
740 2063 806 2096 Sed
829 2075 965 2104 quarum
989 2064 1120 2096 rerum?
1143 2064 1255 2095 absen-

282 2108 374 2146 tium,
409 2117 490 2147 quae
521 2106 599 2138 adeo
622 2106 756 2147 pedibus
780 2108 898 2139 nostris
922 2117 986 2138 non
1010 2107 1186 2144 subiacent,
1220 2109 1256 2137 ut

282 2149 378 2190 longe
408 2154 562 2190 superent
591 2149 710 2190 ingenii
742 2150 843 2181 nostri
873 2155 1014 2190 captum.
1059 2149 1183 2181 Eadem
1207 2152 1256 2181 est

283 2193 364 2223 ratio
387 2191 521 2224 secundi
543 2192 691 2232 membri,
714 2191 768 2223 ubi
785 2191 968 2232 elenchum,
992 2192 1024 2223 id
1041 2197 1098 2231 est,
1123 2193 1255 2224 demon-

284 2235 472 2266 strationem
496 2239 589 2267 vocat
613 2244 721 2266 rerum
745 2243 810 2265 non
833 2235 1070 2275 apparentium.
1115 2234 1256 2266 Demon-

285 2277 396 2309 stratio
427 2278 512 2309 enim
535 2277 611 2308 facit
633 2281 670 2308 ut
693 2287 745 2308 res
768 2282 954 2317 appareant,
983 2287 1042 2309 nec
1065 2277 1161 2318 vulgo
1184 2288 1256 2318 per-

285 2320 368 2351 tinet
398 2320 461 2351 nisi
490 2319 531 2352 ad
565 2330 603 2351 ea
630 2329 710 2360 quae
740 2319 799 2351 sub
829 2329 941 2352 sensus
970 2325 1097 2352 nostros
1128 2320 1256 2351 cadunt.

285 2362 399 2403 Itaque
441 2367 587 2403 pugnant
620 2362 699 2393 haec
731 2361 794 2394 duo
826 2362 860 2393 in
894 2363 1050 2402 speciem:
1085 2366 1117 2394 et
1149 2368 1257 2394 tamen

285 2406 407 2446 optime
441 2405 637 2437 conveniunt
668 2404 722 2436 ubi
755 2404 794 2436 de
825 2405 887 2436 fide
918 2405 1034 2446 agitur.
1079 2405 1146 2437 Res
1169 2405 1256 2437 enim

286 2448 471 2480 absonditas
501 2448 593 2480 nobis
624 2448 825 2479 demonstrat
855 2447 987 2488 spiritus
1017 2447 1088 2486 Dei,
1121 2458 1257 2488 quarum

285 2490 376 2521 nulla
405 2491 445 2522 ad
473 2501 586 2523 sensus
617 2495 744 2523 nostros
773 2491 944 2530 pervenire
976 2495 1079 2531 potest
1106 2491 1257 2532 cognitio.

286 2532 387 2565 Nobis
415 2534 480 2565 vita
503 2539 634 2565 aeterna
656 2533 866 2574 promittitur,
901 2533 956 2564 sed
979 2533 1130 2565 mortuis:
1165 2534 1257 2566 nobis

287 2586 393 2607 sermo
422 2577 459 2607 fit
489 2576 527 2608 de
550 2577 644 2608 beata
667 2576 911 2614 resurrectione,
941 2576 1065 2608 interea
1088 2575 1257 2616 putredine

287 2628 400 2650 sumus
431 2618 592 2651 obvoluti:
626 2619 703 2651 iusti
732 2619 989 2660 pronuntiamur,
1024 2624 1055 2650 et
1077 2619 1200 2651 habitat
1223 2619 1256 2651 in

288 2660 381 2693 nobis
411 2666 593 2702 peccatum:
627 2661 776 2694 audimus
807 2671 865 2694 nos
889 2672 957 2694 esse
981 2662 1097 2700 beatos,
1132 2663 1256 2694 interea

1269 426 1271 447 l

794 1722 885 1754 Idem
925 1733 1001 1764 ergo
1039 1732 1126 1754 nunc
1164 1723 1254 1754 docet
1280 1750 1281 1755 ,

280 1766 444 1808 apostolus
458 1765 543 1806 quod
557 1765 681 1797 Paulus
693 1765 733 1796 ad
748 1765 914 1796 Romanos
927 1766 1033 1806 capite
1044 1766 1073 1803 8,
1086 1765 1136 1796 24.
1161 1765 1252 1797 Post·
1280 1785 1282 1793 .

2204 216 2261 247 144

1874 311 2071 351 premittitur
2109 311 2261 343 bonorum

1296 355 1438 386 omnium
1469 354 1653 392 affluentia,
1688 354 1810 394 prolixe
1850 364 1925 386 vero
1955 355 2114 386 esurimus
2141 358 2172 385 et
2195 354 2263 385 siti·

1269 413 1270 423 i
1296 407 1384 429 mus:
1416 397 1533 429 clamat
1557 397 1656 434 Deus,
1679 398 1787 428 statim
1812 408 1845 428 se
1869 397 1959 429 nobis
1982 397 2177 433 adfuturum,
2209 397 2264 428 sed

1297 439 1425 471 videtur
1463 440 1581 471 surdus
1620 450 1690 471 esso
1722 440 1761 470 ad
1795 440 1951 471 clamores
1985 444 2121 471 nostros.

2177 439 2263 479 Quid

1297 482 1388 514 fieret
1413 483 1473 514 nisi
1498 484 1565 523 spei
1589 483 1811 521 inniteremur,
1834 493 1869 514 ac
1893 492 1985 513 mens
2009 485 2119 513 nostra
2142 482 2265 522 praelu-

1296 529 1390 557 cente
1424 525 1485 557 Dei
1524 525 1622 557 verbo
1655 536 1691 557 ao
1725 526 1838 565 spiritu
1874 536 1929 565 per
1963 525 2084 557 medias
2117 525 2266 557 tenebras

1297 578 1395 608 supra
1429 568 1585 599 mundum
1620 568 1823 609 emergeret?
1880 568 1989 607 Quare
2031 567 2145 599 merito
2187 567 2266 599 fides

1298 610 1508 643 subsistentia
1539 616 1672 642 vocatur
1699 621 1816 649 rerum,
1847 621 1927 651 quae
1951 611 1983 641 in
2007 621 2063 651 spe
2085 609 2191 642 adhuc
2214 620 2267 650 po-

1299 654 1379 685 sitae
1412 660 1503 691 sunt,
1538 658 1569 684 et
1600 652 1761 684 evidentia
1792 664 1855 685 non
1885 653 2121 693 apparentium.
2172 652 2267 692 Quod

1302 697 1505 737 Augustinus
1547 705 1604 735 pro
1637 695 1770 727 elencho
1806 697 1974 736 aliquoties
2009 695 2268 728 coniunctionem

1302 739 1480 776 transtulit,
1505 747 1569 769 non
1588 737 1747 778 displicet:
1774 749 1846 770 nam
1864 739 2002 770 fideliter
2025 738 2159 779 apostoli
2184 748 2269 769 men-

1302 786 1366 812 tem
1391 781 1552 821 exprimit.
1591 780 1654 812 Sed
1674 791 1733 820 ego
1757 781 2038 813 demonstrationis
2061 786 2116 813 aut
2139 780 2269 813 eviden-

1303 824 1365 855 tiae
1390 832 1506 854 nomen
1532 822 1630 854 malo:
1655 823 1731 863 quia
1754 825 1862 856 minus
1885 829 1933 856 est
1956 827 2110 856 coactum.

1388 908 1416 939 2.
1448 907 1510 938 Per
1548 907 1625 939 lianc
1656 908 1736 939 enim
1765 909 1970 940 testimonium
1998 910 2174 949 consequuti
2202 912 2273 940 sunt

1302 951 1445 982 seniores.
1501 951 1529 981 3.
1566 949 1647 981 Fide
1680 950 1882 990 intettiyimus
1913 954 2022 990 aptata
2054 962 2119 984 esse
2150 952 2274 984 saecula

1301 993 1389 1024 verbo
1424 993 1503 1032 Dei,
1545 995 1577 1023 ut
1611 1003 1672 1024 non
1705 994 1923 1033 apparentium
1955 996 2128 1033 spectacula
2159 995 2274 1034 fierent.

1302 1036 1331 1067 4.
1357 1034 1437 1067 Fide
1459 1036 1537 1067 Abel
1560 1037 1821 1075 praestantiorem
1849 1035 1980 1068 hostiam
2008 1047 2101 1076 quam
2125 1037 2206 1069 Cain
2227 1037 2273 1068 ob-

1302 1079 1371 1110 tulit
1389 1079 1468 1111 Deo:
1488 1088 1546 1118 per
1563 1088 1657 1118 quam
1679 1078 1886 1110 testimonium
1908 1078 2046 1119 obtinuit,
2069 1079 2149 1119 quod
2172 1080 2275 1112 iustus

1302 1124 1390 1162 esset,
1424 1122 1628 1153 testimonium
1661 1121 1802 1153 reddente
1830 1121 1898 1153 Deo
1932 1122 2001 1153 eius
2029 1122 2135 1154 donis.-
2167 1125 2194 1153 et
2220 1132 2275 1161 per

1302 1165 1407 1203 ipsam
1428 1167 1568 1196 mortuus
1588 1164 1689 1196 adhue
1711 1164 1857 1204 loquitur.

1390 1250 1418 1281 2.
1450 1249 1512 1281 Per
1541 1249 1619 1281 lianc
1647 1250 1728 1280 enim
1757 1250 1973 1281 testimonium.
2019 1250 2186 1281 Tractabit
2215 1249 2276 1281 hoc

1304 1297 1533 1334 argumentum
1567 1303 1666 1332 usque
1694 1293 1734 1324 ad
1763 1293 1862 1324 finem
1891 1293 2023 1332 capitis:
2057 1303 2121 1324 non
2145 1292 2276 1324 aliunde

1304 1336 1441 1366 salutem
1472 1335 1605 1375 adeptos
1632 1346 1702 1367 esse
1725 1341 1843 1375 patres,
1873 1339 1930 1366 aut
1952 1335 2023 1367 Deo
2046 1340 2157 1375 gratos
2179 1336 2276 1367 fuisse

1304 1388 1400 1418 quam
1428 1389 1468 1409 ex
1498 1378 1570 1409 fide.
1616 1378 1696 1409 Erat
1725 1378 1834 1418 aliqua
1861 1379 1942 1409 ratio
1965 1388 2022 1409 cur
2044 1377 2156 1409 Iudaei
2180 1378 2276 1418 patri·

1305 1421 1365 1452 bus
1381 1422 1448 1452 suis
1463 1420 1604 1451 multum
1621 1421 1798 1452 deferrent:
1823 1421 1878 1452 sed
1895 1426 2101 1461 praepostera
2119 1420 2276 1460 quaedam

1305 1470 1433 1504 patrum
1450 1463 1620 1494 admiratio
1636 1465 1681 1495 sic
1697 1464 1780 1494 inter
1797 1474 1850 1494 eos
1863 1463 2054 1500 obtinuerat,
2070 1468 2107 1494 ut
2121 1473 2276 1504 magnum

1305 1507 1572 1547 impedimentum
1590 1512 1674 1537 esset
1690 1506 1864 1546 quominus
1879 1516 1913 1537 se
1926 1511 2011 1537 totos
2025 1505 2150 1537 Christi
2162 1506 2276 1546 guber-

1306 1550 1429 1581 nandos
1448 1549 1686 1589 permitterent:
1711 1549 1779 1580 sive
1803 1549 1861 1580 hoc
1885 1548 2016 1580 ambitio
2040 1547 2184 1588 faciebat,
2208 1547 2277 1580 sive

1306 1593 1501 1633 superstitio,
1535 1593 1605 1623 sive
1640 1600 1823 1632 utrumque.
1875 1591 1959 1622 Nam
1994 1601 2092 1630 quum
2127 1590 2277 1622 audirent

1308 1635 1511 1667 benedictum
1541 1646 1578 1666 ac
1608 1637 1755 1666 sanctum
1785 1645 1854 1666 esse
1877 1634 2029 1665 Abrahae
2055 1643 2181 1665 semen:
2216 1633 2278 1666 hoc

1307 1678 1410 1718 elegio
1445 1678 1557 1715 inflati,
1592 1678 1625 1708 in
1660 1677 1808 1709 homines
1842 1677 1948 1717 potius
1979 1686 2075 1716 quam
2104 1676 2138 1707 in
2169 1675 2277 1707 Deum

1308 1721 1520 1752 coniiciebant
1565 1720 1682 1751 oculos.
1744 1719 1871 1751 Deinde
1915 1720 2086 1751 accedebat
2125 1729 2278 1758 perversa

1309 1763 1492 1801 aemulatio,
1520 1764 1596 1802 quia
1618 1773 1684 1793 non
1707 1763 1953 1795 considerabant
1976 1762 2052 1802 quid
2074 1761 2108 1793 in
2132 1761 2278 1802 patribus

1309 1807 1448 1837 maxime
1489 1806 1669 1837 imitatione
1706 1806 1839 1846 dignum
1880 1810 1980 1838 esset:
2022 1806 2066 1836 ita
2106 1804 2202 1836 fiebat
2242 1808 2278 1835 ut

1309 1849 1517 1881 caeremoniis
1549 1848 1711 1880 veteribus
1740 1849 1936 1885 insisterent,
1967 1858 2003 1879 ac
2025 1848 2053 1879 si
2076 1852 2144 1878 tota
2165 1846 2278 1888 religio

1308 1893 1510 1932 perfectaque
1533 1891 1688 1923 sanctitas
1711 1891 1774 1922 illis
1797 1893 1971 1923 constaret.
2016 1890 2114 1921 Hunc
2137 1899 2278 1921 errorem

1308 1934 1425 1966 refellit
1448 1934 1621 1974 apostolus,
1647 1945 1683 1966 ac
1707 1933 1799 1966 docet
1822 1934 1897 1974 quid
1923 1935 1956 1964 in
1979 1933 2043 1964 illis
2067 1933 2164 1964 fuerit
2187 1941 2279 1973 prae-

1308 1978 1453 2017 cipuum:
1485 1983 1518 2008 ut
1545 1976 1731 2017 intelligant
1753 1978 1872 2018 posteri
1899 1976 2056 2016 quomodo
2080 1985 2156 2007 vere
2179 1975 2279 2007 futuri

1308 2021 1374 2052 sint
1397 2020 1526 2051 illorum
1550 2020 1681 2051 similes.
1722 2020 1810 2060 Ergo
1834 2019 2076 2050 meminerimus
2099 2018 2186 2050 hunc
2209 2027 2279 2049 esse

1308 2066 1428 2094 statum
1460 2071 1492 2093 et
1520 2063 1611 2101 quasi
1641 2062 1818 2100 cardinem,
1848 2063 1883 2093 in
1913 2072 1975 2102 quo
2005 2068 2152 2093 versatur
2174 2060 2276 2092 oratio

1309 2106 1452 2146 apostoli.
1506 2106 1618 2136 Patres
1652 2106 1832 2145 quicunque
1865 2105 1904 2136 ab
1938 2105 2028 2135 initio
2062 2103 2174 2135 mundi
2206 2102 2277 2134 Deo

1310 2148 1433 2188 probati
1450 2148 1591 2186 fuerunt,
1614 2158 1679 2178 non
1695 2148 1790 2178 aliter
1808 2158 1905 2187 quam
1922 2147 1984 2178 fide
2007 2146 2056 2178 illi
2078 2146 2178 2177 fuisse
2199 2155 2286 2179 con-⁷

1310 2192 1454 2223 iunctos:
1486 2196 1520 2222 ut
1543 2191 1645 2222 sciant
1668 2190 1780 2221 Iudaei
1804 2191 1871 2221 sola
1892 2190 1957 2221 fide
1981 2200 2015 2221 se
2037 2188 2180 2229 colligari
2203 2198 2277 2220 cum

1310 2234 1454 2274 patribus
1484 2235 1516 2265 in
1545 2238 1691 2265 sanctam
1714 2232 1890 2264 unitatem:
1921 2232 2017 2264 simul
2039 2240 2116 2263 vero
2140 2235 2235 2272 atque
2258 2241 2277 2263 a

1310 2277 1371 2308 fide
1403 2276 1617 2314 discesserint,
1650 2286 1684 2307 se
1714 2275 1854 2307 abdicari
1885 2275 1924 2307 ab
1955 2274 2097 2313 ecclesia,
2129 2284 2189 2306 nec
2212 2274 2277 2305 iam

1309 2319 1471 2361 legitimos
1509 2329 1577 2351 esse
1611 2318 1763 2350 Abrahae
1800 2318 1899 2356 filios,
1937 2317 1993 2349 sed
2031 2316 2207 2357 degeneres
2240 2325 2276 2349 ae

1309 2363 1444 2403 spurios.

1393 2405 1422 2437 3.
1447 2405 1527 2437 Fide
1548 2404 1761 2445 intelliyimus.
1802 2402 1936 2443 Optima
1957 2402 2123 2443 proximae
2146 2406 2276 2434 senten-

1310 2448 1372 2480 tiae
1402 2448 1480 2481 haec
1509 2447 1652 2488 probatio
1682 2452 1739 2478 est.
1790 2445 1881 2477 Nihil
1912 2446 1998 2476 enim
2027 2455 2046 2476 a
2074 2444 2178 2477 brutis
2208 2445 2276 2476 ani·

1310 2490 1446 2523 malibus
1469 2490 1656 2528 differimus,
1679 2490 1706 2521 si
1729 2499 1795 2520 non
1816 2491 1966 2520 tenemus
1988 2487 2145 2519 mundum
2169 2498 2188 2519 a
2205 2487 2277 2519 Deo

1309 2545 1377 2566 esse
1396 2534 1571 2566 conditum.
1607 2532 1771 2572 Quorsum
1795 2531 1880 2563 enim
1903 2531 2030 2563 ratione
2052 2540 2089 2562 ae
2110 2530 2276 2563 intellectu

1309 2576 1445 2618 praediti
1461 2581 1537 2609 sunt
1552 2575 1708 2614 homines,
1725 2574 1788 2606 nisi
1803 2579 1840 2605 ut
1855 2578 2034 2606 creatorem
2050 2583 2144 2605 suum
2161 2583 2275 2615 agnos-

1308 2619 1404 2652 cant?
1449 2619 1550 2660 Atqui
1579 2618 1648 2650 sola
1677 2617 1739 2649 fide
1768 2617 1964 2658 percipimus
1986 2616 2144 2648 mundum
2167 2626 2236 2648 esse
2257 2625 2276 2647 a

1310 2662 1379 2694 Deo
1402 2667 1556 2695 creatum.
1600 2661 1688 2702 Ergo
1718 2660 1800 2692 nihil
1827 2661 1944 2691 mirum
1968 2660 1995 2692 si
2018 2659 2098 2691 fides
2120 2660 2154 2690 in
2177 2657 2275 2699 patri·
