2912 4368
421 921 483 953 465

1316 917 1464 949 CAPUT
1490 918 1529 948 II.

2354 922 2415 951 4031}

421 1023 569 1056 tremere,
593 1026 690 1055 quum
716 1015 870 1046 adversus
892 1013 1009 1054 glorias
1034 1011 1185 1059 probiose
1204 1011 1386 1050 insurgunt
1416 1018 1417 1034 1
1446 1012 1492 1042 13.
1511 1012 1686 1050 recipientes
1709 1012 1874 1042 mercedem
1898 1014 2085 1044 (1111(.5’ἶῖ11[1(ιΡ;
2105 1024 2165 1053 pro
2187 1014 2340 1053 voluptate
2359 1016 2415 1046 (Ζιι-

421 1059 481 1088 Est
511 1059 596 1088 enim
631 1058 690 1089 hoc
723 1058 924 1103 prodigiosae
955 1054 1171 1093 arrogantiae,
1205 1064 1263 1093 pro
1287 1053 1389 1083 nihilo

422 1101 537 1132 ducere
571 1101 706 1141 gloriam
742 1110 822 1140 quae
856 1109 887 1128 ln
923 1097 1089 1128 ordinibus
1120 1107 1137 1127 a
1164 1079 1239 1127 'Deo
1278 1096 1390 1143 positis

421 1144 568 1183 refulget.
614 1144 714 1174 Porro
746 1153 807 1173 non
840 1140 970 1170 dubium
1002 1143 1051 1169 est
1074 1140 1148 1178 quin
1175 1140 1233 1170 hoc
1257 1139 1390 1169 nomine

421 1187 557 1225 imperia
598 1191 629 1217 et
670 1185 878 1225 magistratus
919 1183 1075 1222 designet.
1129 1182 1270 1211 Tametsi
1305 1181 1390 1212 enim

421 1229 543 1259 nullum
581 1233 628 1259 est
663 1228 839 1267 legitimum
877 1226 961 1256 vitae
997 1235 1099 1265 genus
1134 1224 1216 1264 quod
1252 1235 1315 1254 non
1351 1224 1418 1257 sit,

420 1271 514 1302 laude
549 1271 697 1311 dignum·
732 1269 849 1300 scimus
885 1273 991 1299 tamen
1025 1278 1100 1307 prae
1131 1268 1202 1297 aliis
1234 1267 1391 1297 excellere

421 1315 666 1353 magistratuum
687 1312 901 1342 functionem:
928 1311 1003 1350 quia
1020 1310 1081 1340 Dei
1108 1310 1192 1341 vices
1215 1314 1332 1350 gerunt
1358 1310 1389 1339 in

420 1356 631 1396 gubernando
662 1355 805 1384 humano
836 1364 961 1393 genere.
1008 1353 1093 1383 Vere
1124 1352 1224 1392 igitur
1251 1352 1391 1392 gloriosa

423 1404 471 1430 est
502 1399 578 1429 baec
601 1400 742 1437 potestas
766 1397 798 1427 in
823 1407 886 1436 qua
910 1396 1000 1426 Deus
1024 1396 1091 1435 ipse
1114 1396 1245 1425 eminet.
1290 1396 1390 1425 Tene-

422 1452 494 1472 mus
524 1450 608 1471 nune
639 1439 714 1479 quid
742 1439 801 1471 1100
825 1439 964 1470 seeundo
994 1438 1137 1469 membro
1167 1438 1246 1469 velit
1269 1443 1391 1477 aposto-

422 1484 487 1515 lus:
512 1493 626 1521 nempe
645 1483 723 1513 istos
748 1482 786 1512 de
810 1482 926 1521 quibus
950 1482 1098 1521 loquitur,
1123 1481 1220 1511 fuisse
1244 1480 1390 1510 homines

421 1527 634 1566 phreneticos,
658 1525 893 1563 turbarumque
918 1529 949 1555 et
972 1524 1169 1555 confusionis
1193 1528 1389 1563 appetentes.

422 1569 507 1607 Quia
537 1578 631 1598 nemo
662 1570 765 1607 petest
795 1567 949 1608 ἀναρχίαν
975 1567 1095 1597 0111οᾰ0
1120 1566 1280 1602 inducere,
1313 1566 1390 1605 quin

422 1610 550 1648 ἀταξίαν
567 1610 714 1641 inducat:
739 1611 790 1641 isti
808 1618 914 1641 autem
940 1610 1099 1649 intrepide
1124 1609 1241 1648 probra
1264 1619 1390 1639 evome-

420 1654 497 1684 bant
528 1654 560 1683 in
593 1654 813 1693 magistratus,
845 1658 880 1684 ut
907 1663 1033 1683 omnem
1059 1652 1178 1692 publici
1202 1652 1280 1682 iuris
1304 1661 1392 1681 reve-

420 1697 557 1727 rentiam
593 1696 751 1727 tollerent.
805 1696 875 1727 Hoc
910 1701 1017 1726 autem
1050 1700 1118 1726 erat
1148 1695 1254 1725 Deum
1285 1694 1391 1734 palam

421 1739 488 1770 suis
530 1738 739 1779 blasphemiis
776 1739 939 1778 impetere.
1000 1738 1098 1769 Multi
1136 1737 1232 1768 hodie
1270 1747 1393 1776 quoque

420 1781 577 1813 eiusmodi
607 1782 783 1812 turbulenti
808 1782 954 1812 homines
979 1781 1182 1816 exstiterunt,
1208 1780 1262 1819 qui
1287 1786 1391 1819 potes-

420 1827 521 1855 tatem
556 1824 653 1864 gladii
689 1825 855 1864 profanam
892 1830 920 1855 et
955 1824 1098 1855 illicitam
1129 1834 1198 1854 esse
1229 1824 1393 1859 iactantes,

420 1877 549 1898 omnem
579 1868 722 1907 politiam
748 1867 864 1898 furiose
889 1872 1033 1898 evertere
1058 1871 1252 1906 satagerent.
1299 1865 1394 1895 Tales

420 1909 519 1940 furias
550 1910 667 1941 excitat
692 1910 804 1948 Satan,
835 1921 914 1950 quae
939 1909 1099 1950 evangelii
1123 1919 1253 1939 cursum
1278 1908 1393 1938 distur-

421 1953 508 1983 bent.

422 2006 486 2026 non
516 1995 609 2026 modo
639 1997 678 2026 ab
709 1996 769 2027 hoe
801 1996 925 2026 exitiali
954 2006 1080 2026 veneno
1111 1995 1292 2026 cavendum
1325 2004 1394 2025 esse

422 2038 602 2069 admonuit:
637 2039 692 2069 sed
724 2040 824 2069 veteri
861 2040 956 2070 etiam
987 2038 1135 2077 exemplo
1166 2047 1224 2067 nos
1255 2036 1395 2067 munivit

422 2080 579 2112 adversus
603 2081 800 2113 scandalum.
846 2081 960 2121 Itaque
985 2082 1080 2111 nimis
1104 2079 1248 2120 improbe
1272 2080 1395 2110 faciunt

421 2124 573 2163 papistae,
610 2134 709 2164 quum
745 2124 912 2155 seditiosos
946 2124 1092 2155 homines
1116 2128 1224 2153 nostra
1250 2122 1396 2153 doctrina

423 2168 542 2197 armari
578 2168 802 2198 criminantur.
853 2167 954 2206 Quasi
990 2177 1065 2197 vero
1099 2177 1162 2197 non
1199 2166 1283 2196 idem
1318 2165 1395 2196 olim

421 2209 572 2248 apostolis
590 2210 778 2250 exprobrari
796 2210 946 2250 potuerit,
971 2210 1023 2250 qui
1043 2214 1151 2240 tamen
1169 2208 1207 2239 ab
1226 2208 1285 2239 hac
1302 2208 1396 2247 eulpa

421 2251 610 2292 longissime
633 2253 776 2285 aberant.

511 2295 559 2326 11.
588 2295 689 2334 Quum
712 2296 822 2336 aozyeti.
870 2295 1084 2335 Praecipitem
1110 2304 1220 2325 eorum
1244 2303 1396 2333 arrogan-

422 2337 499 2367 tiam
532 2338 605 2368 inde
629 2340 778 2376 ostendit,
811 2338 894 2378 quod
919 2339 990 2378 plus
1014 2337 1071 2368 sibi
1097 2337 1244 2367 licentiae
1267 2347 1394 2367 sumere

421 2380 541 2410 audent
573 2391 669 2419 quam
700 2382 807 2422 angeli
838 2382 908 2421 ipsi.
954 2381 1019 2412 Sed
1048 2381 1164 2410 mirum
1189 2383 1239 2410 est
1262 2389 1318 2409 eur
1342 2390 1395 2410 an-

422 2423 511 2462 gelos
528 2425 795 2455 contumeliosum
814 2424 852 2455 de
869 2424 1111 2465 magistratibus
1131 2422 1285 2453 iudicium
1311 2421 1394 2453 ferre

423 2471 527 2505 neget.
569 2466 732 2505 Quorsum
758 2468 839 2498 enim
865 2474 976 2498 saneto
1000 2466 1103 2497 ordini
1128 2465 1253 2496 adversi
1277 2470 1395 2503 essent,

423 2509 513 2539 euius
548 2515 692 2540 autorem
728 2511 833 2541 sciunt
868 2520 936 2541 esse
971 2508 1100 2540 Deum?
1161 2507 1327 2546 Quorsum
1362 2508 1394 2538 in

422 2556 595 2590 potestates
612 2553 827 2592 insurgerent,
851 2564 929 2593 quas
947 2558 1066 2583 norunt
1091 2553 1123 2581 in
1148 2551 1261 2581 eodem
1285 2561 1394 2582 secum

423 2604 492 2624 esse
525 2595 727 2626 ministerio?
774 2596 863 2627 Haec
886 2596 968 2627 ratio
997 2595 1151 2635 quosdam
1175 2594 1276 2624 movit
1299 2599 1333 2624 ut
1357 2594 1395 2624 de

423 2636 556 2668 diabolis
580 2638 640 2669 1100
664 2645 816 2677 putarent
840 2639 972 2670 dietum:
1006 2638 1061 2669 sed
1086 2638 1144 2668 boe
1167 2637 1261 2667 modo
1285 2637 1396 2667 absur-

424 2680 557 2710 ditatem
587 2682 718 2712 minime
742 2682 909 2722 effugiunt.
955 2681 1125 2720 Qu0m0do
1148 2681 1233 2710 enim
1260 2681 1395 2712 homini-

423 2722 481 2753 bus
498 2724 666 2762 parcendo,
690 2730 753 2755 tam
779 2726 903 2756 sobrius
928 2731 1011 2756 esset
1029 2723 1140 2761 Satan,
1163 2723 1216 2762 qui
1240 2724 1344 2753 omnis
1362 2725 1394 2754 in

421 2765 529 2795 Deum
549 2766 764 2806 blasphemiae
781 2773 874 2799 autor
890 2768 960 2799 est?
1002 2767 1129 2797 Deinde
1153 2776 1263 2797 eorum
1288 2766 1395 2805 opinio

421 2808 521 2838 Iudae
555 2810 662 2840 verbis
697 2811 861 2841 refellitur.
916 2811 966 2841 De
997 2810 1116 2841 sanetis
1147 2819 1241 2849 porro
1272 2810 1395 2848 angelis

422 2852 565 2899 apposite
600 2853 644 2883 sic
678 2852 827 2892 loquutus
862 2860 924 2892 est,
959 2854 984 2883 si
1020 2858 1208 2892 reputamus
1242 2854 1394 2891 temporis

422 2895 711 2926 circumstantiam.
750 2896 854 2926 Erant
878 2897 963 2927 enim
990 2902 1067 2926 tunc
1091 2905 1202 2926 omnes
1225 2896 1393 2934 magistra-

421 2941 473 2968 tus
497 2938 562 2968 fere
587 2938 674 2977 impii
692 2944 722 2969 et
739 2940 938 2979 sanguinarii
956 2938 1115 2978 evangelii
1133 2938 1251 2968 hostes.
1284 2937 1394 2975 Quare

421 2980 491 3010 fieri
524 2992 587 3011 non
620 2986 745 3020 poterat
776 2983 855 3021 quin
888 2982 1010 3021 angelis
1035 2982 1186 3012 eeclesiae
1210 2981 1394 3012 custodibus

423 3025 509 3054 exosi
542 3029 660 3055 essent.
715 3024 770 3055 Sic
805 3030 913 3055 tamen
949 3025 987 3054 ab
1022 3024 1100 3063 ipsis
1136 3024 1283 3053 damnari
1318 3024 1393 3055 dicit

423 3064 569 3098 homines
588 3067 661 3097 odio
686 3074 717 3097 et
737 3068 959 3098 exsecratione
977 3067 1102 3106 dignos,
1127 3070 1162 3096 ut
1179 3067 1394 3097 reverentiam

422 3106 566 3140 deferant
589 3112 739 3149 potestati
765 3111 921 3141 divinitus
946 3111 1123 3140 ordinatae.
1158 3108 1255 3145 Haec,
1280 3110 1394 3149 inquit,

422 3151 455 3180 in
490 3152 612 3192 angelis
646 3164 744 3192 quum
780 3154 821 3184 sit
855 3154 1045 3190 moderatio,
1079 3153 1131 3183 isti
1167 3152 1326 3191 intrepide
1360 3153 1393 3183 in

422 3192 592 3225 dissolutas
616 3200 647 3225 et
670 3197 828 3227 effraenes
853 3196 1070 3236 blasphemias
1094 3200 1201 3226 ruunt.

509 3280 557 3310 12.
583 3280 642 3310 Isti
665 3283 765 3311 autem
787 3284 934 3321 tanquam
957 3282 1047 3312 bruta
1071 3282 1236 3321 (mimalia,
1264 3284 1392 3312 natura-

420 3322 488 3357 liter
509 3323 612 3363 {lenita
640 3324 674 3353 in
696 3327 858 3362 capturam
881 3328 907 3355 et
924 3325 1102 3365 pernicicm,
1127 3326 1159 3355 tn
1182 3324 1292 3363 quibus
1315 3324 1395 3355 nihil

419 3366 593 3406 ffiztulliyzmt
623 3366 843 3407 maledicentes,
874 3368 907 3398 in
939 3378 998 3398 sua
1021 3368 1214 3406 corruptione
1233 3368 1394 3406 peribunt:

527 3425 637 3451 Calvini
656 3432 747 3458 opera.
778 3425 834 3452 Vol.
853 3426 914 3452 LV.

1418 1764 1548 1791 ÷uuent
1581 1760 1614 1789 in
1651 1741 1826 1790 multo'rum
1861 1762 2009 1800 gratiam

1416 1065 1417 1071 ¹
1442 1058 1540 1085 mamm
1571 1055 1603 1084 in
1634 1055 1716 1085 (tecm
1748 1054 1816 1093 frui
1851 1055 1974 1092 dc'liltis,
2010 1057 2091 1087 tabes
2121 1060 2145 1087 et
2176 1058 2315 1089 maculae
2342 1059 2414 1089 ‹lett-

1443 1098 1556 1127 nantas
1601 1098 1634 1128 in
1683 1096 1840 1127 (rioribus
1884 1098 1966 1135 .5·1ιὶ5·,
2015 1101 2203 1131 comsizentes
2247 1101 2416 1132 vobiscum

1446 1140 1493 1170 14.
1519 1140 1620 1171 oculos
1649 1139 1790 1170 habentes
1816 1140 1924 1178 plenos·
1951 1142 2117 1179 adulterae,
2153 1146 2178 1173 ut.
2201 1144 2352 1182 inquietos
2376 1145 2416 1174 ml

1438 1183 1637 1220 peccandum,
1671 1183 1840 1213 §vescentes
1861 1184 1985 1213 animas*
2008 1184 2174 1220 instabiles,
2206 1197 2255 1217 cor
2277 1186 2417 1217 habentes·

1444 1226 1644 1255 (9-10101111111111
1674 1225 1902 1265 cupiditatibus,
1937 1227 2139 1257 emeramus
2161 1228 2231 1265 filie
2280 1229 2327 1260 15.
2356 1230 2416 1268 Qut

1443 1267 1549 1298 rttieta
1580 1271 1660 1299 iecta
1690 1269 1742 1299 via
1766 1269 1995 1308 aberraverunt,
2025 1271 2147 1307 §assecuti
2170 1282 2252 1301 viam
2277 1272 2417 1304 halaam

1441 1310 1503 1348 filit
1527 1310 1639 1349 Bosor,
1663 1312 1717 1350 qut
1739 1312 1905 1341 mercedem
1929 1312 2102 1342 111ἰ(ι.5ίιίῑ(10
2124 1313 2245 1344 ditent.-
2295 1316 2340 1345 16.
2365 1316 2418 1346 sed

1444 1353 1628 1392 redamatus
1657 1354 1719 1392 fnit
1750 1354 1786 1385 (Ie
1816 1364 1875 1384 sata
1904 1355 2084 1393 iniquitate.
2119 1356 2237 1386 (eizznml
2259 1358 2417 1397 summae

1443 1398 1576 1432 auctum,
1612 1396 1746 1427 lizcmuim
1781 1407 1848 1427 νοω
1881 1397 2021 1437 loquens,
2060 1398 2222 1437 prolttbm't
2250 1401 2417 1439 prophetae

1442 1439 1634 1469 dementiam.

1533 1545 1581 1576 12.
1613 1545 1673 1576 Isti
1701 1548 1811 1585 autem,
1844 1549 1894 1577 ete.
1947 1547 2161 1587 Prosequitur
2192 1549 2277 1588 quod
2310 1550 2415 1581 dicere

1445 1593 1595 1627 coeperat
1631 1588 1668 1618 de
1704 1589 1808 1627 impiis
1842 1595 1873 1619 et
1903 1590 2046 1620 scelestis
2078 1590 2140 1621 illis
2163 1593 2413 1631 corruptoribus.

1446 1632 1594 1661 Primum
1612 1637 1719 1661 autem
1736 1642 1840 1663 mores
1858 1632 2029 1664 dissolutos
2049 1638 2080 1663 et
2103 1633 2292 1665 obscoenam
2318 1637 2418 1667 totius

1446 1675 1531 1704 vitae
1562 1674 1740 1713 nequitiim
1771 1677 1876 1705 taxat:
1912 1675 2028 1706 deinde
2058 1676 2103 1707 sie
2130 1677 2266 1708 audaces
2291 1682 2323 1708 et
2346 1690 2417 1727 pro-

1446 1722 1555 1748 tervos
1579 1727 1648 1747 esse
1673 1716 1758 1754 dicit,
1780 1723 1815 1747 ut
1838 1718 1965 1748 scurrili
1989 1728 2047 1749 sua
2070 1720 2262 1758 garrulitate
2286 1731 2319 1751 se
2344 1722 2418 1752 insi-

2070 1762 2216 1793 Primum
2252 1770 2419 1804 comparat

1447 1813 1500 1833 eos
1532 1802 1671 1833 brutis
1701 1803 1969 1842 animalibus,
2004 1814 2083 1843 quae
2113 1806 2145 1835 in
2176 1806 2235 1837 1100
2267 1806 2418 1837 videntur

1448 1850 1523 1876 nata
1541 1850 1575 1875 ut
1598 1856 1630 1876 se
1655 1846 1687 1875 in
1712 1845 1823 1885 plagas
1846 1846 1992 1885 induant,
2016 1853 2046 1877 et
2071 1847 2109 1877 ad
2134 1859 2225 1879 suum
2250 1849 2417 1881 interitum

1447 1888 1577 1927 proprio
1608 1889 1730 1927 impetu
1761 1890 1920 1919 terantur:
1954 1899 1989 1919 ac
2012 1890 2039 1920 si
2064 1890 2191 1927 diceret,
2228 1892 2325 1923 nullis
2349 1893 2418 1924 ille-

554 1952 618 1984 8οἀ
651 1954 814 1993 praeclare
844 1954 909 1993 egit
941 1952 1108 1983 nobiseum
1132 1951 1303 1989 Dominus,
1339 1951 1394 1990 qui
1419 1948 1421 1980 ,j
1447 1932 1549 1962 cebris
1579 1931 1734 1968 inductos,
1766 1936 1880 1970 sponte
1912 1942 2083 1972 properare
2106 1939 2141 1964 ut
2164 1944 2197 1964 se
2220 1934 2253 1964 in
2278 1934 2421 1966 Satanae

1448 1978 1479 2005 et
1504 1974 1615 2004 mertis
1640 1974 1772 2014 laqueos
1796 1974 1974 2013 proiieiant.
2010 1976 2073 2006 Pro
2096 1986 2133 2007 eo
2157 1977 2240 2016 quod
2266 1979 2422 2009 vertimus

1449 2017 1709 2048 naturaliter
1739 2017 1897 2057 genita,
1934 2018 2050 2049 Petrus
2085 2019 2125 2050 ad
2156 2019 2289 2051 verbum
2325 2021 2422 2052 habet

1450 2060 1610 2090 naturalia
1633 2060 1758 2099 genita:
1788 2060 1843 2089 sed
1868 2060 1906 2090 ad
1932 2071 2060 2091 0011011111
2086 2072 2196 2101 parum
2222 2063 2330 2101 refert,
2355 2065 2422 2094 sive

1450 2103 1589 2133 alterum
1616 2113 1655 2133 ex
1682 2103 1731 2133 his
1756 2103 1879 2133 duobus
1902 2105 1940 2133 ab
1964 2104 2024 2134 alio
2047 2106 2196 2152 quopiam
2221 2088 2421 2145 suppositum

1450 2146 1556 2182 1Ὓοοι11,
1580 2146 1648 2176 sive
1672 2152 1836 2184 utrunque
1861 2146 2015 2184 ponendo,
2042 2148 2145 2187 magis
2169 2150 2349 2187 exprimere
2370 2160 2422 2180 vo-

1450 2189 1546 2219 luerit
1576 2189 1658 2228 quod
1687 2189 1822 2219 dicabit.
1869 2189 1964 2227 Quod
1988 2190 2085 2226 addit
2121 2191 2421 2223 maledicentes

1450 2233 1488 2262 in
1513 2233 1657 2271 quibus
1682 2232 1787 2261 nihil
1812 2231 2076 2271 intelligunt,
2100 2234 2238 2272 pertinet
2254 2235 2293 2265 ad
2313 2246 2422 2274 super-

1451 2276 1533 2306 biam
1568 2275 1660 2305 euius
1694 2275 1841 2313 proxime
1875 2276 2030 2305 meminit.
2087 2277 2174 2307 Dicit
2208 2277 2316 2316 igitur,
2352 2278 2421 2309 ideo

1450 2318 1633 2357 petulanter
1663 2317 1701 2347 ab
1735 2318 1805 2348 aliis
1835 2319 1997 2348 contemni
2027 2329 2154 2349 omnem
2185 2320 2420 2357 excellentiam,

1450 2362 1524 2399 quia
1549 2371 1679 2400 prorsus
1704 2360 1938 2399 obstupuerint,
1962 2366 1997 2391 ut
2022 2361 2101 2391 nihil
2127 2373 2144 2392 a
2164 2362 2339 2401 pecudibus
2363 2364 2422 2393 dif-

1450 2404 1565 2434 ferant.
1598 2403 1769 2434 Caeterum
1787 2404 1838 2433 ubi
1856 2404 1956 2443 posui,
1981 2406 2018 2433 in
2036 2405 2282 2443 perniciem,
2306 2406 2421 2437 deinde

1449 2447 1488 2477 in
1513 2447 1758 2485 corruption
1771 2457 1803 2484 e,
1827 2453 1962 2485 utroque
1985 2447 2052 2477 1000
2076 2452 2124 2478 est
2149 2458 2264 2478 nomen
2285 2448 2420 2489 φθορᾶς,

1448 2490 1503 2520 sed
1535 2489 1622 2520 varie
1650 2494 1827 2528 acceptum.
1873 2489 1957 2520 Nam
1983 2500 2079 2529 quum
2104 2491 2262 2529 perituros
2286 2492 2363 2523 dicit
2387 2493 2421 2523 in

1447 2543 1505 2563 sua
1535 2533 1748 2572 corruptione,
1780 2532 1871 2563 docet
1899 2532 2048 2563 exitiales
2078 2533 2140 2564 illis
2170 2534 2235 2564 fore
2259 2544 2333 2565 suas
2356 2545 2421 2566 cor-

1448 2576 1601 2616 ruptelas.

1536 2639 1584 2670 13.
1610 2639 1675 2670 Pro
1704 2639 1857 2678 voluptate
1882 2640 2031 2671 ducentes.
2078 2641 2124 2671 Ae
2148 2641 2173 2671 si
2198 2640 2327 2680 diceret,
2352 2642 2420 2673 feli-

1448 2683 1576 2714 citatem
1608 2687 1756 2713 statuunt
1787 2683 1819 2713 in
1852 2683 2076 2722 praesentibus
2110 2683 2235 2715 delitiis.
2292 2684 2420 2716 Scimus

1449 2727 1480 2756 in
1506 2726 1565 2756 hoe
1588 2726 1782 2765 praecellere
1807 2726 1909 2757 brutis
1934 2726 2124 2756 animalibus
2149 2726 2304 2763 homines,

1448 2769 1590 2799 animum
1617 2768 1745 2808 longius
1769 2769 2001 2809 circumagunt.
2040 2769 2125 2808 Ergo
2142 2769 2226 2800 istud
2250 2769 2419 2811 indignum

1448 2816 1497 2842 est
1533 2812 1677 2849 homine,
1712 2812 1860 2851 occupari
1896 2812 1929 2842 in
1965 2812 2125 2851 praesenti
2160 2821 2267 2843 senta.
2325 2813 2419 2852 Quod

1447 2855 1599 2885 admonet
1629 2854 1834 2885 extricandas
1865 2865 1933 2885 esse
1964 2859 2087 2885 mentes
2115 2865 2132 2885 a
2155 2855 2261 2886 earnis
2291 2855 2418 2896 delitiis,

1448 2898 1509 2927 nisi
1545 2897 1682 2928 velimus
1715 2897 1747 2927 in
1783 2897 1940 2936 pecudum
1975 2897 2119 2928 ordinem
2155 2898 2266 2938 redigi.
2324 2898 2420 2937 Quod

1448 2940 1604 2980 sequitur,
1640 2940 1726 2971 hune
1757 2940 1854 2970 habet-
1884 2950 2024 2977 sensum,
2060 2940 2119 2971 Isti
2149 2950 2207 2971 vos
2234 2951 2270 2972 ae
2294 2947 2419 2973 coetum

1448 2989 1594 3014 vestrum
1619 2983 1719 3013 foedis
1743 2983 1876 3014 maculis
1900 2983 2113 3022 adspergunt:
2144 2993 2216 3014 nam
2245 2983 2321 3015 dum
2344 2994 2419 3024 epu-

1448 3027 1557 3057 lantur
1588 3025 1764 3063 vobiscum,
1795 3026 1890 3057 simul
1922 3026 2129 3056 luxuriantur
2161 3026 2192 3056 in
2217 3027 2282 3057 suis
2305 3027 2418 3058 errori-

1448 3070 1516 3107 bus,
1539 3079 1665 3100 amores
1689 3069 1888 3100 meretricios
1912 3074 1941 3098 et
1965 3068 2125 3107 perditam
2150 3069 2419 3101 incontinentiam

1446 3094 1546 3143 oculis
1577 3117 1734 3152 gestuque
1764 3113 1960 3151 expiimunt.
2007 3111 2164 3142 Erasmus
2196 3112 2240 3142 sic
2269 3112 2418 3153 reddidit,

1447 3155 1667 3186 Convivantes
1691 3155 1723 3184 in
1740 3154 1901 3185 erroribus
1925 3154 2002 3192 suis,
2026 3154 2183 3184 insultant
2206 3154 2306 3185 vebis.
2354 3154 2419 3187 Sed

1447 3198 1527 3228 illud
1560 3198 1655 3228 nimis
1689 3203 1833 3229 eoactum
1868 3202 1924 3227 est.
1982 3197 2094 3228 Posset
2133 3207 2196 3227 non
2231 3198 2340 3238 inepte
2374 3198 2419 3230 ita

1447 3241 1581 3280 exponi,
1624 3240 1790 3272 vobiscum
1830 3240 2014 3280 epulantes,
2044 3249 2102 3270 vos
2126 3240 2311 3278 petulanter
2335 3241 2418 3272 ludi-

1447 3284 1515 3313 brio
1551 3283 1671 3314 habent
1706 3284 1738 3313 in
1773 3284 1838 3314 suis
1868 3282 2039 3313 erroribus.
2094 3283 2163 3323 Ego
2194 3287 2302 3314 tamen
2335 3284 2418 3324 quod

1447 3326 1586 3356 maxime
1604 3326 1766 3365 probabile
1785 3325 1962 3361 videbatur,
1979 3325 2112 3356 reddidi.
2145 3325 2289 3357 Plenos
2305 3327 2417 3357 adul-

1449 3374 1562 3400 terae
1592 3369 1735 3400 oeulos
1768 3374 1858 3398 vocat
1890 3368 2085 3405 libidinosos,
2120 3372 2152 3399 et
2180 3369 2233 3407 qui
2259 3370 2416 3409 intempe-

2169 3427 2202 3453 30

2337 2728 2421 2767 quod
