2513 3126
280 223 342 253 210

283 319 379 351 sicuti
403 318 552 359 crapulae
568 321 599 347 et
615 314 731 346 somnii
749 313 953 354 indulgentia
968 317 1125 354 gravatur
1140 322 1255 354 corpus

283 373 324 394 ne
354 362 397 393 sit
427 361 464 392 ad
496 359 600 390 officia
629 368 687 389 sua
718 356 922 397 expeditum:
958 356 1003 387 ita
1026 366 1131 387 vanae
1159 355 1256 387 huius

283 404 398 436 mundi
429 412 523 434 curae
554 406 609 432 aut
639 399 768 431 delitiae
799 402 942 430 mentem
974 398 1154 437 inebriant,
1185 397 1255 430 red-

283 447 428 486 duntque
457 443 703 475 somnolentam.
749 441 858 481 Quum
889 441 977 473 addit
1006 442 1053 472 ad
1085 451 1258 481 precan-

283 490 388 524 dum,
410 487 458 518 vel
476 486 515 517 ad
533 496 654 526 preces,
674 486 816 516 maximo
832 484 1049 516 necessarium
1067 485 1257 516 exercitium

283 532 440 571 designat,
472 529 505 560 in
535 540 597 569 quo
629 527 739 559 fideles
771 528 959 568 praesertim
983 527 1131 567 occupari
1155 527 1257 564 decet,

283 583 382 614 quum
414 577 483 603 tota
513 582 623 603 eorum
650 570 804 602 fortitudo
829 581 847 602 a
870 569 1011 601 Domino
1034 569 1189 610 pendeat:
1222 580 1258 601 ac

283 617 309 648 si
345 615 481 653 diceret,
516 613 644 654 quando
679 614 816 644 nimium
847 623 865 644 a
897 613 986 644 vobis
1021 613 1140 644 infirmi
1171 613 1257 649 estis,

283 659 383 699 petite
406 669 424 689 a
446 657 587 689 Domino
611 662 646 687 ut
668 667 726 688 vos
749 656 925 687 confirmet.
962 655 1093 687 Interea
1116 656 1256 688 vicissim

284 702 446 736 admonet,
470 701 554 732 serio
578 710 641 730 non
667 699 886 739 perfunctorie
910 698 1107 739 precandum
1131 709 1209 730 esse.

370 744 399 776 8.
419 743 499 775 Ante
515 743 631 774 υυιηὶα.
667 741 845 774 Caritatem
862 742 894 772 in
913 741 1026 780 primis
1041 742 1257 781 commendat,

285 789 359 828 quia
385 786 548 818 vinculum
571 786 614 817 sit
636 785 850 825 perfectionis.
892 784 936 815 Et
958 785 1164 816 intentam
1189 794 1259 815 esse

284 830 383 867 iubet,
408 832 463 860 aut
482 828 717 866 vehementem,
740 827 825 867 quod
842 826 926 858 idem
943 831 1010 858 est:
1033 827 1108 867 quia
1123 827 1259 867 quisque

285 883 394 904 amore
417 872 465 903 sui
490 871 576 902 ultra
599 870 731 902 modum
756 871 896 907 fervens,
921 869 1000 902 alios
1024 869 1139 911 frigide
1162 874 1257 900 amat.

285 914 499 947 Commendat
533 918 642 945 autem
673 923 744 945 eam
776 923 793 943 a
826 913 950 945 fructu:
985 913 1059 952 quia
1090 914 1259 943 innumera

284 965 413 997 peccata
429 957 580 997 sepeliat:
605 966 668 996 quo
684 955 768 987 nihil
784 960 839 987 est
859 955 1039 996 optabilius.
1076 955 1136 986 Est
1151 960 1258 985 autem

285 1011 326 1032 ex
358 999 532 1032 Solomone
564 999 643 1030 haec
674 1004 805 1038 sumpta
833 999 1009 1036 sententia,
1043 998 1133 1029 cuius
1163 997 1260 1028 verba

285 1049 360 1075 sunt
377 1043 531 1075 Proverb.
551 1042 599 1079 10,
619 1042 669 1080 12,
692 1041 802 1072 odium
819 1041 964 1073 convicia
981 1040 1118 1081 detegit:
1141 1040 1259 1072 caritas

285 1092 393 1117 autem
417 1085 522 1126 operit
545 1084 789 1116 multitudinem
814 1089 1029 1124 peccatorum.
1071 1082 1158 1122 Quid
1183 1082 1260 1114 velit

285 1128 441 1161 Solomon
461 1129 539 1160 satis
555 1128 679 1159 clarum
696 1133 754 1159 est.
790 1126 938 1158 Membra
957 1126 1043 1157 enim
1060 1125 1258 1157 antitheseos

286 1173 372 1203 inter
401 1183 435 1203 se
464 1171 672 1211 respondent.
719 1169 829 1209 Quum
853 1170 961 1209 itaque
985 1169 1091 1209 priore
1114 1168 1259 1200 membro

286 1215 372 1246 dicat
404 1213 514 1246 odium
547 1214 580 1244 iu
610 1224 708 1245 causa
739 1223 809 1244 esse
837 1218 871 1243 ut
895 1217 1007 1243 mutuo
1030 1222 1065 1243 se
1089 1211 1260 1243 traducant

286 1268 322 1289 ac
345 1255 505 1288 infament
529 1256 686 1293 homines,
710 1259 743 1287 et
766 1254 920 1295 quidquid
944 1254 1053 1294 probri
1077 1259 1127 1285 est
1149 1264 1186 1286 ac
1204 1254 1258 1285 de-

285 1300 420 1338 decoris,
446 1300 481 1330 in
505 1299 647 1330 medium
673 1298 855 1338 proferant:
887 1298 1034 1337 sequitur
1057 1297 1156 1329 tribui
1178 1296 1258 1328 cari-

286 1344 344 1374 tati
372 1342 571 1374 contrarium
601 1342 767 1373 effectum:
803 1351 918 1380 nempe
949 1339 1032 1380 quod
1067 1340 1146 1371 dum
1174 1339 1258 1371 inter

286 1396 320 1417 se
343 1390 454 1416 amant
478 1385 633 1421 homines,
662 1384 798 1424 benigne
821 1389 854 1414 et
875 1383 1061 1414 humaniter
1084 1383 1187 1414 multa
1209 1383 1258 1414 in—

289 1429 394 1459 vicem
417 1427 616 1459 condonant:
641 1426 726 1458 unde
749 1426 786 1457 fit
810 1429 846 1457 ut
862 1426 997 1466 sepultis
1014 1426 1100 1457 ultro
1116 1426 1258 1466 citroque

289 1471 394 1508 vitiis,
424 1470 506 1501 alter
536 1470 668 1501 alterius
700 1469 854 1500 honorem
885 1469 1011 1501 salvum
1041 1479 1110 1500 esse
1141 1469 1258 1509 cupiat.

288 1513 361 1545 Hac
384 1513 508 1544 ratione
538 1523 629 1544 suam
654 1511 912 1543 exhortationem
935 1512 1108 1543 confirmat
1131 1511 1257 1550 Petrus,

288 1556 372 1596 quod
403 1556 484 1588 nihil
515 1557 591 1595 ipsis
620 1555 731 1586 utilius
762 1555 821 1593 sit,
851 1565 947 1595 quam
979 1554 1088 1586 fovere
1111 1559 1257 1586 mutuam

287 1600 465 1631 caritatem.
517 1598 598 1637 Quis
632 1598 718 1629 enim
750 1608 815 1629 non
849 1597 957 1628 multis
987 1597 1077 1629 vitiis
1110 1596 1258 1629 laborat?

287 1641 430 1673 Proinde
454 1642 549 1673 venia
572 1651 652 1681 opus
675 1640 797 1672 habent
821 1650 945 1680 omnes,
968 1646 1001 1671 et
1023 1651 1119 1672 nemo
1136 1645 1185 1672 est
1203 1640 1258 1680 qui

289 1695 356 1716 non
380 1683 442 1715 sibi
465 1684 552 1724 parci
575 1685 694 1724 cupiat.
740 1683 812 1714 Hoc
835 1683 1000 1724 singulare
1024 1684 1144 1715 bonum
1168 1682 1259 1715 nobis

287 1727 382 1758 affert
411 1728 544 1766 caritas,
574 1726 652 1758 dum
681 1726 767 1758 inter
797 1737 854 1758 nos
884 1727 990 1767 viget,
1025 1732 1061 1757 ut
1090 1727 1259 1758 innumera

289 1769 376 1801 mala
403 1770 566 1802 oblivione
597 1774 821 1809 contegantur.
868 1768 999 1808 Contra,
1031 1770 1084 1801 ubi
1114 1769 1259 1801 fraenum

287 1812 359 1844 odio
382 1812 520 1852 laxatur,
552 1823 681 1844 necesse
709 1815 759 1843 est
782 1817 818 1843 ut
841 1812 989 1843 homines
1011 1812 1152 1844 invicem
1175 1823 1259 1844 mor-

289 1855 391 1886 dendo
422 1862 453 1886 et
482 1855 664 1893 lacerande,
693 1866 728 1887 se
751 1860 959 1886 consumant:
991 1855 1260 1895 quemadmodum

289 1898 411 1930 Paulus
435 1898 512 1930 dicit
534 1897 659 1940 (Galat.
678 1898 707 1936 5,
734 1897 795 1939 15).
834 1898 878 1929 Et
901 1898 1081 1929 notandum
1105 1904 1155 1929 est
1177 1897 1260 1938 quod

289 1951 354 1972 non
384 1951 488 1981 pauca
519 1947 645 1972 tantum
677 1947 808 1981 peccata
831 1941 939 1981 obtegi
973 1941 1073 1972 tradit
1096 1940 1260 1978 Solomon,

288 1983 343 2014 sed
378 1983 633 2023 multitudinem,
671 1985 762 2014 iuxta
795 1983 919 2015 Christi
952 1984 1162 2022 sententiam,
1194 1994 1257 2024 qua

289 2025 380 2056 iubet
411 2028 575 2066 ignoscere
600 2027 755 2057 fratribus
779 2027 964 2067 septuagies
988 2027 1106 2067 septies
1129 2025 1259 2068 (Matth.

291 2068 341 2108 18,
365 2068 429 2108 22).
475 2068 649 2100 Caeterum
681 2079 742 2108 quo
773 2069 923 2108 pluribus
952 2069 1092 2109 peccatis
1115 2069 1262 2101 medetur

291 2112 418 2149 caritas,
435 2121 472 2143 eo
488 2112 586 2142 latius
603 2117 690 2151 patet
707 2112 775 2143 eius
791 2111 915 2143 utilitas
931 2112 971 2143 ad
985 2112 1262 2144 conservationem

290 2154 426 2185 humani
450 2154 590 2194 generis.
624 2153 688 2186 Hic
710 2154 848 2193 simplex
871 2160 920 2186 est
942 2155 1114 2186 verborum
1139 2165 1260 2186 senene.

289 2196 385 2228 Unde
408 2203 543 2237 apparet
566 2207 661 2236 quam
685 2196 812 2228 ridiculi
836 2197 901 2228 sint
925 2198 1080 2238 papistae,
1112 2198 1166 2238 qui
1188 2208 1263 2229 suas

290 2239 528 2271 satisfactiones
544 2239 659 2271 elicere
678 2239 753 2271 hinc
771 2239 899 2271 volunt:
920 2241 1010 2280 quasi
1029 2240 1261 2282 eleemosynae,

293 2285 326 2313 et
359 2282 422 2313 alia
455 2282 599 2314 caritatis
632 2283 751 2320 officia,
789 2283 1062 2322 compensationis
1096 2283 1166 2316 loco
1200 2284 1263 2315 sint

292 2325 377 2365 apud
401 2325 509 2356 Deum
539 2325 572 2356 in
604 2324 748 2356 delendis
778 2326 927 2365 peccatis.
974 2325 1127 2358 Crassam
1152 2336 1262 2358 eorum

293 2368 456 2399 inscitiam
486 2368 589 2399 obiter
619 2374 748 2399 notasse
781 2368 938 2400 sufficiat:
969 2370 1045 2409 quia
1074 2370 1106 2400 in
1136 2379 1170 2400 re
1193 2379 1263 2409 per-

294 2411 403 2450 spicua
426 2410 575 2450 pluribus
599 2410 765 2450 disputare
788 2421 1024 2450 supervacuum
1047 2412 1140 2443 foret.

379 2453 408 2485 9.
433 2453 571 2485 Invicem
593 2453 770 2493 hospitales.
810 2454 988 2494 Postquam
1011 2455 1046 2486 in
1069 2464 1188 2495 genere
1210 2453 1263 2485 ad-

296 2496 443 2527 hortatus
473 2503 521 2528 est
544 2497 583 2527 ad
607 2496 783 2535 caritatem,
814 2507 916 2527 unum
939 2498 1009 2529 eius
1031 2497 1172 2529 officium
1195 2507 1264 2537 spe-

295 2538 418 2570 cialiter
451 2544 691 2570 commemorat.
747 2539 828 2570 Erat
861 2539 918 2570 illo
955 2546 1098 2580 tempore
1135 2540 1170 2571 iu
1204 2550 1263 2571 usu

295 2582 459 2612 communi
483 2582 696 2622 hospitalitas,
720 2587 753 2612 et
774 2592 865 2613 sacra
888 2583 1122 2623 quodammodo
1142 2582 1263 2623 species

296 2623 510 2655 humanitatis
539 2625 600 2656 fuit
634 2625 760 2661 habita,
796 2631 830 2656 ut
863 2625 939 2657 alibi
969 2625 1119 2657 diximus.
1172 2625 1265 2656 Iubet

296 2676 375 2707 ergo
410 2674 444 2697 ut
479 2678 549 2698 eam
579 2673 692 2699 mutuo
721 2672 908 2699 exerceant:
944 2679 984 2700 ne
1019 2669 1090 2709 quis
1124 2668 1163 2699 ab
1193 2667 1264 2699 aliis

1115 215 1254 248 ffl’ls'r.
1279 217 1415 249 PETRI
1441 218 1454 249 1

2216 220 2279 251 276

1308 314 1380 354 plus
1417 315 1577 355 requirat,
1616 324 1708 354 quam
1749 315 1816 354 ipse
1854 319 2019 354 praestare
2057 316 2100 347 sit
2136 321 2277 355 paratus.

1308 357 1424 396 Addit,
1457 358 1550 389 sine
1585 357 1999 389 murmurationibus.
2053 357 2138 397 Quia
2168 369 2278 390 rarum

1309 407 1357 431 est
1379 401 1565 440 exemplum
1589 406 1626 431 ut
1649 400 1720 440 quie
1744 400 1892 440 proximo
1915 410 1949 431 se
1973 410 2010 432 ac
2028 411 2086 432 sua
2105 401 2280 441 impendat,

1310 443 1386 483 quin
1411 444 1552 483 maligno
1575 443 1743 474 obtrectet.
1790 442 1871 474 Vult
1894 453 1971 483 ergo
1998 443 2171 483 apostolus.
2202 443 2279 476 libe—

1310 485 1419 517 raliter
1440 492 1472 517 et
1495 485 1589 517 hilari
1612 485 1718 516 animo
1742 485 1985 518 beneficentiam
2009 496 2028 517 a
2052 487 2143 518 nobis
2166 486 2237 518 coli.

1398 528 1446 560 10.
1485 529 1522 561 Ut
1552 529 1681 568 quisque
1711 529 1832 568 accepit.
1884 528 2048 560 Admonet
2082 529 2159 569 quid
2191 529 2280 561 nobis

1311 570 1352 601 sit
1391 572 1675 608 considerandum,
1720 581 1817 611 quum
1853 570 2072 603 benefacimus
2112 572 2279 612 proximis.

1313 613 1402 645 Nihil
1435 615 1520 646 enim
1555 614 1594 645 ad
1623 613 1828 654 corrigendas
1859 615 2134 646 murmurationes
2163 616 2280 655 aptius,

1311 666 1407 696 quam
1437 657 1515 688 dum
1545 662 1732 696 reputamus
1763 667 1829 687 non
1860 656 1971 697 largiri
2001 667 2058 688 nos
2082 657 2120 688 de
2144 658 2280 697 proprio,

1312 699 1367 730 sed
1397 706 1523 731 tantum
1548 700 1733 739 dispensare
1759 699 1844 739 quod
1868 710 1887 731 a
1909 699 2050 731 Domino
2074 700 2280 731 commissum

1312 748 1369 773 est.
1404 741 1513 782 Quum
1538 752 1614 783 ergo
1635 742 1726 773 dicit:
1753 742 2028 774 Administrantes
2044 743 2128 782 quod
2145 743 2283 783 quisque

1313 788 1436 825 accepit
1465 787 1595 823 donum,
1626 786 1786 826 significat
1815 785 1875 817 hac
1905 785 1977 826 lege
2008 785 2145 826 singulis
2174 785 2281 817 distri-

1315 828 1427 858 butum
1458 828 1541 867 quod
1574 828 1694 859 habent
1721 827 1895 868 facultatis,
1926 834 1961 859 ut
1991 828 2024 859 in
2048 827 2198 860 iuvandis
2222 828 2284 859 fra-

1312 869 1415 902 tribus
1446 870 1508 902 Dei
1538 871 1605 902 sint
1635 871 1782 902 ministri.
1840 871 1953 911 Itaque
1985 870 2159 903 secundum
2185 881 2284 902 mem-

1314 912 1406 944 brum
1431 914 1548 954 prioris
1567 920 1615 944 cst
1630 915 1803 953 expositio:
1830 924 1903 945 uam
1924 913 1991 945 loco
2008 914 2179 945 ministerii
2196 915 2285 954 ponit

1311 957 1540 987 oeconomiam.
1598 957 1662 988 Pro
1699 966 1736 988 eo
1773 957 1856 997 quod
1895 956 2034 988 dixerat:
2074 962 2108 988 ut
2146 958 2284 996 quisque

1313 997 1432 1030 donum
1469 999 1609 1039 accepit,
1647 1005 1877 1031 commemorat
1915 999 2111 1039 multiplices
2149 1000 2283 1040 gratias,

1312 1051 1390 1081 quas
1422 1042 1510 1073 varie
1540 1042 1703 1073 distribuit
1735 1042 1827 1074 nobis
1854 1042 1954 1080 Deus,
1987 1049 2022 1073 ut
2051 1042 2084 1073 in
2114 1052 2284 1074 commune

1312 1084 1431 1125 singuli
1467 1085 1628 1124 portiones
1662 1095 1735 1116 suas
1763 1085 1938 1117 conferant.
1991 1084 2132 1116 Proinde
2163 1086 2189 1116 si
2222 1095 2285 1125 qua

1312 1126 1468 1167 pollemus
1501 1127 1653 1159 facultate
1685 1138 1783 1167 supra
1818 1128 1914 1167 alios,
1949 1128 2193 1159 meminerimus
2225 1138 2285 1159 nos

1311 1175 1443 1200 eatenus
1464 1180 1652 1202 oeconomos
1669 1181 1739 1202 esse
1756 1171 1828 1210 Dei,
1851 1176 1888 1201 ut
1907 1172 2041 1202 comiter
2058 1171 2284 1211 impar-tiamne

1311 1213 1475 1251 proximis,
1503 1218 1596 1253 prout
1620 1224 1730 1244 eorum
1755 1213 1931 1245 necessitas
1955 1213 2005 1245 vel
2028 1224 2106 1244 usus
2130 1213 2284 1254 postulat.

1312 1254 1363 1286 Ita
1393 1256 1449 1286 fiet
1473 1262 1507 1287 ut
1529 1255 1568 1286 ad
1592 1257 1918 1288 communicationem
1949 1256 2099 1296 propensi
2123 1256 2225 1287 simus
2247 1266 2284 1288 ac

1312 1297 1429 1329 faciles.
1467 1298 1530 1330 Sed
1556 1298 1634 1330 haec
1657 1310 1780 1339 quoque
1800 1299 2012 1331 consideratio
2032 1299 2169 1330 multum
2186 1298 2284 1336 valet,

1311 1340 1397 1380 quod
1419 1341 1465 1372 sic
1484 1341 1644 1373 Dominus
1667 1341 1861 1382 multiplices
1884 1342 2005 1382 gratias
2028 1342 2113 1373 inter
2137 1341 2285 1373 homines

1312 1383 1439 1420 divisit,
1475 1388 1511 1415 ut
1545 1395 1641 1415 nemo
1674 1395 1708 1416 se
1742 1395 1806 1416 uno
1840 1388 1873 1415 et
1901 1385 1969 1416 suis
2003 1384 2211 1416 facultatibus
2243 1384 2285 1416 sit

1311 1431 1501 1467 contentus,
1536 1427 1591 1459 sed
1622 1429 1755 1468 quisque
1785 1428 1893 1459 fratris
1926 1428 1977 1459 sui
2011 1437 2070 1467 ope
2098 1427 2282 1467 auxilioque

1311 1468 1465 1509 indigeat.
1518 1469 1589 1501 Hoc
1618 1470 1747 1510 inquam
1779 1470 1945 1501 vinculum
1980 1469 2170 1501 retinendae
2201 1470 2287 1501 inter

1312 1510 1457 1543 homines
1488 1513 1649 1544 societatis
1679 1513 1792 1544 statuit
1816 1512 1922 1549 Deus,
1958 1513 2041 1553 quod
2071 1512 2141 1543 sine
2172 1518 2286 1543 mutuo

1311 1553 1434 1585 auxilio
1468 1555 1578 1586 vivere
1611 1560 1783 1596 nequeant.
1840 1555 1890 1586 Ita
1923 1555 1960 1586 fit
1993 1561 2028 1586 ut
2058 1555 2113 1595 qui
2149 1556 2285 1586 fratrum

1311 1607 1403 1636 opem
1436 1597 1544 1629 multis
1575 1598 1608 1628 in
1634 1598 1729 1629 rebus
1754 1597 1916 1638 implorat,
1948 1597 2102 1629 libentius
2125 1598 2209 1638 quod
2233 1607 2287 1629 ac-

1311 1641 1406 1680 cepit,
1430 1651 1504 1672 cum
1528 1641 1591 1672 illis
1613 1641 1839 1673 communicet.
1874 1641 1945 1673 Hoc
1968 1640 2127 1672 fovendae
2151 1640 2286 1672 unitatis

1312 1682 1477 1714 vinculum
1502 1694 1520 1714 a
1543 1683 1686 1723 profanis
1710 1683 1896 1716 hominibus
1920 1683 2182 1716 animadversum
2206 1683 2283 1715 fuit:

1311 1725 1366 1757 sed
1390 1725 1509 1758 Petrus
1533 1726 1585 1758 hic
1610 1726 1703 1758 docet
1719 1726 1826 1757 Deum
1851 1727 1911 1758 hoc
1935 1726 2081 1758 consulto
2105 1727 2227 1765 fecisse,
2251 1733 2287 1757 ut

1312 1768 1393 1799 alios
1418 1769 1490 1800 aliis
1513 1769 1680 1809 obligaret.

1398 1812 1446 1843 11.
1479 1811 1516 1843 Si
1549 1813 1620 1852 quis
1649 1811 1794 1852 loquitur.
1839 1813 1925 1852 Quia
1954 1813 1993 1844 de
2024 1817 2110 1844 recto
2141 1822 2287 1853 puroque

1313 1854 1469 1886 donorum
1501 1865 1562 1886 usu
1591 1854 1746 1895 loquutus
1775 1860 1853 1893 erat,
1884 1857 2006 1896 species
2030 1855 2118 1893 duas,
2146 1854 2285 1894 exempli

1313 1907 1418 1936 eausa,
1448 1898 1579 1929 recitat:
1611 1904 1644 1929 et
1668 1908 1721 1930 eas
1744 1898 1873 1938 quidem
1897 1899 1994 1939 elegit
2018 1899 2051 1929 in
2076 1899 2191 1938 quibus
2214 1897 2286 1938 plus

1313 1946 1362 1971 est
1392 1941 1617 1980 praestantiae,
1649 1941 1699 1972 vel
1731 1952 1813 1981 quae
1836 1947 1914 1973 sunt
1936 1952 2013 1981 prae
2038 1941 2110 1972 aliis
2132 1942 2285 1972 illustres.

1314 1982 1462 2015 Docendi
1484 1994 1604 2016 munus
1627 1983 1661 2014 in
1685 1984 1829 2024 ecclesia,
1854 1990 1903 2016 est
1926 1984 2063 2015 eximiae
2082 1984 2206 2025 gratiae
2224 1983 2286 2014 Dei

1315 2026 1510 2058 distributio:
1546 2027 1703 2067 praecipit
1737 2037 1813 2067 ergo
1848 2027 2055 2065 nominatim,
2091 2032 2126 2058 ut
2160 2027 2215 2067 qui
2245 2025 2285 2057 ad

1314 2068 1394 2099 illud
1426 2070 1527 2101 vocati
1559 2074 1644 2108 sunt,
1675 2069 1814 2101 fideliter
1844 2080 1878 2101 se
1909 2074 2033 2111 gerant.
2080 2069 2284 2109 Quamquam

1315 2111 1367 2142 hic
1396 2121 1460 2143 non
1486 2117 1612 2144 tantum
1637 2112 1712 2152 quid
1738 2112 1912 2144 debeamus
1937 2112 2133 2149 hominibus,
2168 2111 2285 2143 tradit:

1315 2154 1369 2186 sed
1404 2155 1481 2194 quid
1516 2155 1613 2186 etiam
1644 2155 1730 2187 Deo:
1768 2166 1808 2187 ne
1841 2155 1964 2187 scilicet
1995 2166 2067 2186 eum
2098 2155 2286 2186 fraudemus

1315 2208 1372 2229 sua
1395 2199 1514 2238 gloria:
1545 2199 1600 2238 qui
1624 2198 1765 2238 loquitur
1789 2209 1875 2239 ergo,
1906 2198 1966 2229 hoc
1989 2205 2047 2237 est,
2076 2198 2130 2238 qui
2157 2197 2286 2237 publica

1317 2241 1487 2272 autoritate
1519 2241 1580 2272 rite
1609 2240 1777 2273 ordinatus
1808 2247 1870 2279 est,
1900 2241 2103 2281 loquatur
2133 2246 2174 2271 ut
2203 2240 2286 2271 elo-

1316 2283 1410 2323 quia
1450 2284 1542 2315 Dei:
1581 2284 1640 2316 hoc
1678 2290 1742 2322 est,
1781 2290 1968 2316 reverenter
2004 2284 2038 2314 in
2072 2283 2188 2314 timore
2222 2281 2286 2314 Dei

1316 2327 1503 2366 sinceroque
1527 2327 1644 2358 affectu
1668 2326 1799 2367 defungi
1819 2328 1964 2358 iniuncta.
1979 2327 2038 2357 sibi
2055 2335 2132 2357 cura
2147 2325 2285 2362 studeat,

1316 2374 1468 2409 reputans
1503 2380 1536 2401 se
1569 2370 1604 2400 in
1635 2370 1786 2410 gerendis
1816 2370 1878 2401 Dei
1911 2369 2047 2409 negotiis
2082 2369 2220 2400 versari:
2255 2373 2287 2399 et

1317 2412 1450 2443 verbum
1468 2413 1530 2444 Dei
1549 2423 1629 2450 esse,
1654 2423 1717 2443 non
1735 2423 1838 2451 suum,
1862 2412 1945 2452 quod
1962 2412 2134 2443 ministrat.
2167 2411 2286 2442 Adhuc

1317 2455 1402 2486 enim
1426 2456 1548 2487 insistit
1570 2456 1603 2486 in
1627 2455 1682 2486 illa
1707 2455 1862 2493 doctrina,
1886 2465 1984 2494 quum
2008 2453 2131 2494 aliquid
2150 2453 2285 2485 conferi—

1316 2508 1388 2529 mus
1420 2498 1453 2529 in
1482 2499 1597 2529 fratres
1628 2504 1763 2536 nostros,
1795 2497 1855 2528 Dei
1880 2497 2032 2528 mandato
2056 2508 2114 2528 nos
2137 2496 2201 2527 illis
2224 2497 2286 2527 mi-

1317 2541 1455 2572 nistrare
1478 2540 1562 2581 quod
1585 2541 1620 2571 in
1643 2552 1717 2572 eum
1741 2542 1838 2572 finem
1862 2540 1947 2581 apud
1972 2550 2030 2571 nos
2050 2540 2208 2580 deposuit.
2242 2539 2287 2569 Et

1316 2593 1393 2614 sane
1424 2584 1451 2615 si
1481 2583 1541 2615 hoc
1572 2594 1673 2615 unum
1703 2582 1926 2624 expenderent
1955 2583 2137 2623 quicunque
2160 2592 2194 2613 se
2217 2580 2287 2613 doc-

1317 2630 1402 2657 tores
1432 2626 1581 2658 ecclesiae
1611 2627 1820 2666 profitentur,
1852 2626 1954 2657 maior
1984 2626 2018 2656 in
2048 2625 2113 2657 illis
2142 2625 2222 2656 fides
2250 2633 2287 2655 ae

1318 2669 1430 2710 religio
1465 2674 1560 2701 esset.
1617 2669 1782 2708 Quantum
1817 2669 1903 2699 enim
1937 2668 1997 2700 hoc
2031 2671 2097 2707 est,
2135 2667 2219 2708 quod
2251 2666 2285 2697 in
