<?xml version="1.0" encoding="UTF-8"?>
<!DOCTYPE html PUBLIC "-//W3C//DTD XHTML 1.0 Transitional//EN"
    "http://www.w3.org/TR/xhtml1/DTD/xhtml1-transitional.dtd">
<html xmlns="http://www.w3.org/1999/xhtml" xml:lang="en" lang="en">
 <head>
  <title>
</title>
<meta http-equiv="Content-Type" content="text/html;charset=utf-8" />
  <meta name='ocr-system' content='tesseract 3.04.00' />
  <meta name='ocr-capabilities' content='ocr_page ocr_carea ocr_par ocr_line ocrx_word'/>
</head>
<body>
  <div class='ocr_page' id='page_1' title='image "./ioanniscalviniop55calv_0049.png"; bbox 0 0 2513 3126; ppageno 0'>
   <div class='ocr_carea' id='block_1_1' title="bbox 200 195 2205 230">
    <p class='ocr_par' dir='ltr' id='par_1_1' title="bbox 200 195 2205 230">
     <span class='ocr_line' id='line_1_1' title="bbox 200 195 2205 230; baseline -0.002 -1"><span class='ocrx_word' id='word_1_1' title='bbox 200 198 240 229; x_wconf 81' lang='lat'><strong>73</strong></span> <span class='ocrx_word' id='word_1_2' title='bbox 1090 195 1239 227; x_wconf 75' lang='lat' dir='ltr'><strong>CAPUT</strong></span> <span class='ocrx_word' id='word_1_3' title='bbox 1266 196 1322 227; x_wconf 85' lang='lat' dir='ltr'><strong>VI.</strong></span> <span class='ocrx_word' id='word_1_4' title='bbox 2165 200 2205 230; x_wconf 81' lang='lat'><strong>74</strong></span> 
     </span>
    </p>
   </div>
   <div class='ocr_carea' id='block_1_2' title="bbox 200 290 1178 760">
    <p class='ocr_par' dir='ltr' id='par_1_2' title="bbox 200 290 1178 760">
     <span class='ocr_line' id='line_1_2' title="bbox 200 290 1176 333; baseline -0.002 -10"><span class='ocrx_word' id='word_1_5' title='bbox 200 292 261 323; x_wconf 90' lang='lat' dir='ltr'><strong>Est</strong></span> <span class='ocrx_word' id='word_1_6' title='bbox 277 292 361 323; x_wconf 90' lang='lat' dir='ltr'><strong>enim</strong></span> <span class='ocrx_word' id='word_1_7' title='bbox 378 291 549 333; x_wconf 83' lang='lat' dir='ltr'><strong>indignum</strong></span> <span class='ocrx_word' id='word_1_8' title='bbox 567 295 601 322; x_wconf 90' lang='lat' dir='ltr'><strong>ut</strong></span> <span class='ocrx_word' id='word_1_9' title='bbox 618 290 708 322; x_wconf 89' lang='lat' dir='ltr'><strong>Deus</strong></span> <span class='ocrx_word' id='word_1_10' title='bbox 732 290 927 331; x_wconf 85' lang='lat' dir='ltr'><strong>ignoscendo</strong></span> <span class='ocrx_word' id='word_1_11' title='bbox 952 290 1176 330; x_wconf 78' lang='lat' dir='ltr'>defectoribus,</span> 
     </span>
     <span class='ocr_line' id='line_1_3' title="bbox 200 333 1177 374; baseline -0.003 -8"><span class='ocrx_word' id='word_1_12' title='bbox 200 335 306 366; x_wconf 90' lang='lat' dir='ltr'><strong>filium</strong></span> <span class='ocrx_word' id='word_1_13' title='bbox 336 345 430 366; x_wconf 88' lang='lat' dir='ltr'><strong>suum</strong></span> <span class='ocrx_word' id='word_1_14' title='bbox 463 334 599 365; x_wconf 90' lang='lat' dir='ltr'><strong>ludibrio</strong></span> <span class='ocrx_word' id='word_1_15' title='bbox 634 340 783 373; x_wconf 85' lang='lat' dir='ltr'><strong>exponat.</strong></span> <span class='ocrx_word' id='word_1_16' title='bbox 838 333 970 374; x_wconf 87' lang='lat' dir='ltr'><strong>Indigni</strong></span> <span class='ocrx_word' id='word_1_17' title='bbox 998 343 1076 372; x_wconf 87' lang='lat' dir='ltr'><strong>ergo</strong></span> <span class='ocrx_word' id='word_1_18' title='bbox 1099 338 1177 363; x_wconf 87' lang='lat' dir='ltr'><strong>sunt</strong></span> 
     </span>
     <span class='ocr_line' id='line_1_4' title="bbox 201 375 1177 418; baseline -0.003 -10"><span class='ocrx_word' id='word_1_19' title='bbox 201 378 255 418; x_wconf 89' lang='lat' dir='ltr'><strong>qui</strong></span> <span class='ocrx_word' id='word_1_20' title='bbox 284 377 536 409; x_wconf 86' lang='lat' dir='ltr'><strong>misericordiam</strong></span> <span class='ocrx_word' id='word_1_21' title='bbox 567 382 811 416; x_wconf 85' lang='lat' dir='ltr'><strong>consequantur.</strong></span> <span class='ocrx_word' id='word_1_22' title='bbox 858 376 960 407; x_wconf 88' lang='lat' dir='ltr'><strong>Porro</strong></span> <span class='ocrx_word' id='word_1_23' title='bbox 990 375 1069 406; x_wconf 84' lang='lat' dir='ltr'><strong>haec</strong></span> <span class='ocrx_word' id='word_1_24' title='bbox 1097 375 1177 405; x_wconf 88' lang='lat' dir='ltr'><strong>ratio</strong></span> 
     </span>
     <span class='ocr_line' id='line_1_5' title="bbox 202 418 1177 458; baseline -0.004 -6"><span class='ocrx_word' id='word_1_25' title='bbox 202 426 251 452; x_wconf 89' lang='lat' dir='ltr'><strong>est</strong></span> <span class='ocrx_word' id='word_1_26' title='bbox 284 431 341 452; x_wconf 91' lang='lat' dir='ltr'><strong>cur</strong></span> <span class='ocrx_word' id='word_1_27' title='bbox 370 421 488 451; x_wconf 88' lang='lat' dir='ltr'><strong>iterum</strong></span> <span class='ocrx_word' id='word_1_28' title='bbox 520 420 604 451; x_wconf 90' lang='lat' dir='ltr'><strong>dicat</strong></span> <span class='ocrx_word' id='word_1_29' title='bbox 627 419 793 450; x_wconf 76' lang='lat' dir='ltr'>Christum</span> <span class='ocrx_word' id='word_1_30' title='bbox 826 419 981 458; x_wconf 90' lang='lat' dir='ltr'><strong>crucifigi,</strong></span> <span class='ocrx_word' id='word_1_31' title='bbox 1015 418 1090 457; x_wconf 87' lang='lat' dir='ltr'><strong>quia</strong></span> <span class='ocrx_word' id='word_1_32' title='bbox 1119 427 1177 448; x_wconf 83' lang='lat' dir='ltr'><strong>nos</strong></span> 
     </span>
     <span class='ocr_line' id='line_1_6' title="bbox 201 461 1178 499; baseline -0.004 -5"><span class='ocrx_word' id='word_1_33' title='bbox 201 463 263 495; x_wconf 90' lang='lat' dir='ltr'><strong>hac</strong></span> <span class='ocrx_word' id='word_1_34' title='bbox 286 463 470 494; x_wconf 89' lang='lat' dir='ltr'><strong>conditione</strong></span> <span class='ocrx_word' id='word_1_35' title='bbox 494 463 540 493; x_wconf 92' lang='lat' dir='ltr'><strong>illi</strong></span> <span class='ocrx_word' id='word_1_36' title='bbox 564 462 803 499; x_wconf 86' lang='lat' dir='ltr'><strong>commorimur,</strong></span> <span class='ocrx_word' id='word_1_37' title='bbox 831 467 868 492; x_wconf 90' lang='lat' dir='ltr'><strong>ut</strong></span> <span class='ocrx_word' id='word_1_38' title='bbox 891 461 1085 492; x_wconf 80' lang='lat' dir='ltr'><strong>meditemur</strong></span> <span class='ocrx_word' id='word_1_39' title='bbox 1109 469 1178 499; x_wconf 90' lang='lat' dir='ltr'><strong>per-</strong></span> 
     </span>
     <span class='ocr_line' id='line_1_7' title="bbox 201 504 1178 546; baseline -0.004 -9"><span class='ocrx_word' id='word_1_40' title='bbox 201 512 349 546; x_wconf 81' lang='lat' dir='ltr'><strong>pertuam</strong></span> <span class='ocrx_word' id='word_1_41' title='bbox 380 506 465 537; x_wconf 83' lang='lat' dir='ltr'><strong>vitae</strong></span> <span class='ocrx_word' id='word_1_42' title='bbox 492 505 678 536; x_wconf 90' lang='lat' dir='ltr'><strong>novitatem.</strong></span> <span class='ocrx_word' id='word_1_43' title='bbox 724 504 789 543; x_wconf 79' lang='lat' dir='ltr'><strong>Qui</strong></span> <span class='ocrx_word' id='word_1_44' title='bbox 813 514 890 544; x_wconf 86' lang='lat' dir='ltr'><strong>ergo</strong></span> <span class='ocrx_word' id='word_1_45' title='bbox 913 504 945 534; x_wconf 92' lang='lat' dir='ltr'><strong>in</strong></span> <span class='ocrx_word' id='word_1_46' title='bbox 970 509 1104 534; x_wconf 89' lang='lat' dir='ltr'><strong>mortem</strong></span> <span class='ocrx_word' id='word_1_47' title='bbox 1130 512 1178 533; x_wconf 91' lang='lat' dir='ltr'><strong>re-</strong></span> 
     </span>
     <span class='ocr_line' id='line_1_8' title="bbox 201 544 1178 588; baseline -0.005 -8"><span class='ocrx_word' id='word_1_48' title='bbox 201 548 323 587; x_wconf 88' lang='lat' dir='ltr'><strong>cidunt,</strong></span> <span class='ocrx_word' id='word_1_49' title='bbox 357 559 438 588; x_wconf 89' lang='lat' dir='ltr'><strong>opus</strong></span> <span class='ocrx_word' id='word_1_50' title='bbox 473 549 592 579; x_wconf 89' lang='lat' dir='ltr'><strong>habent</strong></span> <span class='ocrx_word' id='word_1_51' title='bbox 625 548 765 578; x_wconf 87' lang='lat' dir='ltr'><strong>secundo</strong></span> <span class='ocrx_word' id='word_1_52' title='bbox 799 546 971 578; x_wconf 88' lang='lat' dir='ltr'><strong>sacrificio:</strong></span> <span class='ocrx_word' id='word_1_53' title='bbox 1007 551 1043 576; x_wconf 89' lang='lat' dir='ltr'><strong>ut</strong></span> <span class='ocrx_word' id='word_1_54' title='bbox 1073 544 1178 585; x_wconf 89' lang='lat' dir='ltr'><strong>capite</strong></span> 
     </span>
     <span class='ocr_line' id='line_1_9' title="bbox 203 588 1176 630; baseline -0.005 -7"><span class='ocrx_word' id='word_1_55' title='bbox 203 592 327 623; x_wconf 89' lang='lat' dir='ltr'><strong>decimo</strong></span> <span class='ocrx_word' id='word_1_56' title='bbox 344 591 543 622; x_wconf 90' lang='lat' dir='ltr'><strong>habebimus.</strong></span> <span class='ocrx_word' id='word_1_57' title='bbox 574 590 810 630; x_wconf 85' lang='lat' dir='ltr'><strong>Crucifigentes</strong></span> <span class='ocrx_word' id='word_1_58' title='bbox 827 588 897 626; x_wconf 88' lang='lat' dir='ltr'><strong>sibi,</strong></span> <span class='ocrx_word' id='word_1_59' title='bbox 920 588 980 619; x_wconf 92' lang='lat' dir='ltr'><strong>hoc</strong></span> <span class='ocrx_word' id='word_1_60' title='bbox 1003 591 1052 619; x_wconf 88' lang='lat' dir='ltr'><strong>est</strong></span> <span class='ocrx_word' id='word_1_61' title='bbox 1076 597 1176 627; x_wconf 91' lang='lat' dir='ltr'><strong>quan-</strong></span> 
     </span>
     <span class='ocr_line' id='line_1_10' title="bbox 203 630 1178 670; baseline -0.006 -4"><span class='ocrx_word' id='word_1_62' title='bbox 203 638 273 666; x_wconf 79' lang='lat' dir='ltr'><strong>tum</strong></span> <span class='ocrx_word' id='word_1_63' title='bbox 298 635 330 665; x_wconf 92' lang='lat' dir='ltr'><strong>in</strong></span> <span class='ocrx_word' id='word_1_64' title='bbox 355 645 389 665; x_wconf 90' lang='lat' dir='ltr'><strong>se</strong></span> <span class='ocrx_word' id='word_1_65' title='bbox 412 640 468 665; x_wconf 91' lang='lat' dir='ltr'><strong>est.</strong></span> <span class='ocrx_word' id='word_1_66' title='bbox 513 633 596 664; x_wconf 90' lang='lat' dir='ltr'><strong>Nam</strong></span> <span class='ocrx_word' id='word_1_67' title='bbox 622 632 681 663; x_wconf 88' lang='lat' dir='ltr'><strong>hoo</strong></span> <span class='ocrx_word' id='word_1_68' title='bbox 704 632 804 669; x_wconf 87' lang='lat' dir='ltr'><strong>fieret,</strong></span> <span class='ocrx_word' id='word_1_69' title='bbox 828 630 984 670; x_wconf 77' lang='lat' dir='ltr'>quasique</span> <span class='ocrx_word' id='word_1_70' title='bbox 1007 631 1040 661; x_wconf 90' lang='lat' dir='ltr'><strong>in</strong></span> <span class='ocrx_word' id='word_1_71' title='bbox 1064 631 1178 660; x_wconf 88' lang='lat' dir='ltr'><strong>trium-</strong></span> 
     </span>
     <span class='ocr_line' id='line_1_11' title="bbox 203 672 1177 718; baseline -0.005 -10"><span class='ocrx_word' id='word_1_72' title='bbox 203 678 268 718; x_wconf 92' lang='lat' dir='ltr'><strong>pho</strong></span> <span class='ocrx_word' id='word_1_73' title='bbox 303 677 526 708; x_wconf 78' lang='lat' dir='ltr'><strong>traduceretur</strong></span> <span class='ocrx_word' id='word_1_74' title='bbox 560 675 721 711; x_wconf 87' lang='lat' dir='ltr'><strong>Christus,</strong></span> <span class='ocrx_word' id='word_1_75' title='bbox 759 674 785 704; x_wconf 92' lang='lat' dir='ltr'><strong>si</strong></span> <span class='ocrx_word' id='word_1_76' title='bbox 820 673 1006 704; x_wconf 90' lang='lat' dir='ltr'><strong>hominibus</strong></span> <span class='ocrx_word' id='word_1_77' title='bbox 1040 672 1177 704; x_wconf 88' lang='lat' dir='ltr'><strong>liberum</strong></span> 
     </span>
     <span class='ocr_line' id='line_1_12' title="bbox 203 715 923 760; baseline -0.01 -8"><span class='ocrx_word' id='word_1_78' title='bbox 203 725 298 760; x_wconf 89' lang='lat' dir='ltr'><strong>esset,</strong></span> <span class='ocrx_word' id='word_1_79' title='bbox 321 724 392 759; x_wconf 88' lang='lat' dir='ltr'><strong>post</strong></span> <span class='ocrx_word' id='word_1_80' title='bbox 415 718 625 750; x_wconf 87' lang='lat' dir='ltr'><strong>defectionem</strong></span> <span class='ocrx_word' id='word_1_81' title='bbox 649 716 688 747; x_wconf 92' lang='lat' dir='ltr'><strong>ad</strong></span> <span class='ocrx_word' id='word_1_82' title='bbox 713 726 786 746; x_wconf 89' lang='lat' dir='ltr'><strong>eum</strong></span> <span class='ocrx_word' id='word_1_83' title='bbox 809 715 923 746; x_wconf 88' lang='lat' dir='ltr'><strong>redire.</strong></span> 
     </span>
    </p>
   </div>
   <div class='ocr_carea' id='block_1_3' title="bbox 200 799 1181 1268">
    <p class='ocr_par' dir='ltr' id='par_1_3' title="bbox 200 799 1181 1268">
     <span class='ocr_line' id='line_1_13' title="bbox 289 799 1179 842; baseline -0.006 -7"><span class='ocrx_word' id='word_1_84' title='bbox 289 804 317 835; x_wconf 81' lang='lat'><strong>7.</strong></span> <span class='ocrx_word' id='word_1_85' title='bbox 343 802 380 834; x_wconf 81' lang='lat' dir='ltr'><strong>Si</strong></span> <span class='ocrx_word' id='word_1_86' title='bbox 407 802 529 842; x_wconf 79' lang='lat' dir='ltr'><strong>quidem</strong></span> <span class='ocrx_word' id='word_1_87' title='bbox 559 803 653 840; x_wconf 75' lang='lat' dir='ltr'><strong>terra⁷</strong></span> <span class='ocrx_word' id='word_1_88' title='bbox 688 810 767 839; x_wconf 81' lang='lat' dir='ltr'><strong>quae</strong></span> <span class='ocrx_word' id='word_1_89' title='bbox 788 799 918 831; x_wconf 79' lang='lat' dir='ltr'><strong>imbrem</strong></span> <span class='ocrx_word' id='word_1_90' title='bbox 941 800 1068 839; x_wconf 77' lang='lat' dir='ltr'><strong>saepius</strong></span> <span class='ocrx_word' id='word_1_91' title='bbox 1089 800 1124 831; x_wconf 81' lang='lat' dir='ltr'><strong>iu</strong></span> <span class='ocrx_word' id='word_1_92' title='bbox 1146 810 1179 831; x_wconf 82' lang='lat' dir='ltr'><strong>se</strong></span> 
     </span>
     <span class='ocr_line' id='line_1_14' title="bbox 202 842 1180 884; baseline -0.006 -5"><span class='ocrx_word' id='word_1_93' title='bbox 202 847 366 880; x_wconf 75' lang='lat' dir='ltr'><strong>venientem</strong></span> <span class='ocrx_word' id='word_1_94' title='bbox 388 845 538 884; x_wconf 78' lang='lat' dir='ltr'><strong>combibit,</strong></span> <span class='ocrx_word' id='word_1_95' title='bbox 560 846 586 874; x_wconf 85' lang='lat' dir='ltr'><strong>et</strong></span> <span class='ocrx_word' id='word_1_96' title='bbox 603 844 763 883; x_wconf 73' lang='lat' dir='ltr'><strong>proyiyuit</strong></span> <span class='ocrx_word' id='word_1_97' title='bbox 784 842 909 874; x_wconf 77' lang='lat' dir='ltr'><strong>herbam</strong></span> <span class='ocrx_word' id='word_1_98' title='bbox 931 843 1118 874; x_wconf 84' lang='lat' dir='ltr'><strong>commodam</strong></span> <span class='ocrx_word' id='word_1_99' title='bbox 1136 843 1180 874; x_wconf 78' lang='lat' dir='ltr'><strong>iis</strong></span> 
     </span>
     <span class='ocr_line' id='line_1_15' title="bbox 202 885 1177 929; baseline -0.003 -9"><span class='ocrx_word' id='word_1_100' title='bbox 202 899 295 929; x_wconf 79' lang='lat' dir='ltr'><strong>opera</strong></span> <span class='ocrx_word' id='word_1_101' title='bbox 323 897 454 928; x_wconf 79' lang='lat' dir='ltr'><strong>quorum</strong></span> <span class='ocrx_word' id='word_1_102' title='bbox 476 889 505 918; x_wconf 85' lang='lat' dir='ltr'><strong>et</strong></span> <span class='ocrx_word' id='word_1_103' title='bbox 525 886 643 924; x_wconf 83' lang='lat' dir='ltr'><strong>colitur,</strong></span> <span class='ocrx_word' id='word_1_104' title='bbox 673 886 783 926; x_wconf 76' lang='lat' dir='ltr'><strong>recipit</strong></span> <span class='ocrx_word' id='word_1_105' title='bbox 803 886 1036 917; x_wconf 72' lang='lat' dir='ltr'><em>benedictionem</em></span> <span class='ocrx_word' id='word_1_106' title='bbox 1058 896 1079 916; x_wconf 86' lang='lat' dir='ltr'><strong>a</strong></span> <span class='ocrx_word' id='word_1_107' title='bbox 1100 885 1177 917; x_wconf 82' lang='lat' dir='ltr'><strong>Deo.</strong></span> 
     </span>
     <span class='ocr_line' id='line_1_16' title="bbox 202 928 1177 971; baseline -0.004 -8"><span class='ocrx_word' id='word_1_108' title='bbox 202 932 231 963; x_wconf 86' lang='lat'><strong>8.</strong></span> <span class='ocrx_word' id='word_1_109' title='bbox 255 931 300 962; x_wconf 86' lang='lat' dir='ltr'><strong>At</strong></span> <span class='ocrx_word' id='word_1_110' title='bbox 322 941 401 971; x_wconf 79' lang='lat' dir='ltr'><strong>quae</strong></span> <span class='ocrx_word' id='word_1_111' title='bbox 417 930 608 969; x_wconf 74' lang='lat' dir='ltr'><strong>produxerit</strong></span> <span class='ocrx_word' id='word_1_112' title='bbox 629 929 740 968; x_wconf 76' lang='lat' dir='ltr'><strong>spinas</strong></span> <span class='ocrx_word' id='word_1_113' title='bbox 762 931 788 960; x_wconf 80' lang='lat' dir='ltr'><strong>et</strong></span> <span class='ocrx_word' id='word_1_114' title='bbox 810 928 948 968; x_wconf 76' lang='lat' dir='ltr'><strong>tribulos,</strong></span> <span class='ocrx_word' id='word_1_115' title='bbox 972 928 1102 968; x_wconf 79' lang='lat' dir='ltr'><strong>reproba</strong></span> <span class='ocrx_word' id='word_1_116' title='bbox 1124 931 1177 966; x_wconf 85' lang='lat' dir='ltr'><strong>est,</strong></span> 
     </span>
     <span class='ocr_line' id='line_1_17' title="bbox 201 971 1177 1010; baseline -0.004 -4"><span class='ocrx_word' id='word_1_117' title='bbox 201 976 230 1006; x_wconf 82' lang='lat' dir='ltr'><strong>et</strong></span> <span class='ocrx_word' id='word_1_118' title='bbox 259 973 392 1005; x_wconf 73' lang='lat' dir='ltr'><strong>obnoxia</strong></span> <span class='ocrx_word' id='word_1_119' title='bbox 414 972 631 1010; x_wconf 78' lang='lat' dir='ltr'><em>maledictioni,</em></span> <span class='ocrx_word' id='word_1_120' title='bbox 661 972 751 1003; x_wconf 83' lang='lat' dir='ltr'><strong>cuius</strong></span> <span class='ocrx_word' id='word_1_121' title='bbox 779 972 882 1003; x_wconf 77' lang='lat' dir='ltr'><strong>exitus</strong></span> <span class='ocrx_word' id='word_1_122' title='bbox 913 971 1011 1003; x_wconf 83' lang='lat' dir='ltr'><strong>tendit</strong></span> <span class='ocrx_word' id='word_1_123' title='bbox 1033 972 1075 1003; x_wconf 91' lang='lat' dir='ltr'><strong>ad</strong></span> <span class='ocrx_word' id='word_1_124' title='bbox 1097 981 1177 1002; x_wconf 86' lang='lat' dir='ltr'><strong>com·</strong></span> 
     </span>
     <span class='ocr_line' id='line_1_18' title="bbox 201 1014 1179 1054; baseline -0.002 -6"><span class='ocrx_word' id='word_1_125' title='bbox 201 1017 378 1049; x_wconf 78' lang='lat' dir='ltr'><strong>bustionem.</strong></span> <span class='ocrx_word' id='word_1_126' title='bbox 425 1016 453 1047; x_wconf 86' lang='lat'><strong>9.</strong></span> <span class='ocrx_word' id='word_1_127' title='bbox 479 1015 640 1047; x_wconf 81' lang='lat' dir='ltr'><strong>Caeterum</strong></span> <span class='ocrx_word' id='word_1_128' title='bbox 664 1015 886 1054; x_wconf 76' lang='lat' dir='ltr'><strong>persuasimus</strong></span> <span class='ocrx_word' id='word_1_129' title='bbox 914 1014 1000 1045; x_wconf 80' lang='lat' dir='ltr'><strong>uobis</strong></span> <span class='ocrx_word' id='word_1_130' title='bbox 1028 1015 1066 1046; x_wconf 82' lang='lat' dir='ltr'><strong>de</strong></span> <span class='ocrx_word' id='word_1_131' title='bbox 1094 1014 1179 1046; x_wconf 83' lang='lat' dir='ltr'><strong>vobis</strong></span> 
     </span>
     <span class='ocr_line' id='line_1_19' title="bbox 203 1057 1180 1100; baseline -0.003 -9"><span class='ocrx_word' id='word_1_132' title='bbox 203 1059 316 1100; x_wconf 82' lang='lat' dir='ltr'><strong>dilecti,</strong></span> <span class='ocrx_word' id='word_1_133' title='bbox 339 1069 419 1099; x_wconf 77' lang='lat' dir='ltr'><strong>quae</strong></span> <span class='ocrx_word' id='word_1_134' title='bbox 434 1059 497 1091; x_wconf 79' lang='lat' dir='ltr'><strong>siut</strong></span> <span class='ocrx_word' id='word_1_135' title='bbox 518 1058 560 1089; x_wconf 79' lang='lat' dir='ltr'><strong>iis</strong></span> <span class='ocrx_word' id='word_1_136' title='bbox 582 1058 722 1098; x_wconf 80' lang='lat' dir='ltr'><strong>meliora,</strong></span> <span class='ocrx_word' id='word_1_137' title='bbox 745 1060 772 1089; x_wconf 84' lang='lat' dir='ltr'><strong>et</strong></span> <span class='ocrx_word' id='word_1_138' title='bbox 793 1067 862 1089; x_wconf 83' lang='lat' dir='ltr'><strong>oum</strong></span> <span class='ocrx_word' id='word_1_139' title='bbox 884 1057 983 1089; x_wconf 81' lang='lat' dir='ltr'><strong>salute</strong></span> <span class='ocrx_word' id='word_1_140' title='bbox 1005 1058 1180 1088; x_wconf 76' lang='lat' dir='ltr'><strong>coniuncta:</strong></span> 
     </span>
     <span class='ocr_line' id='line_1_20' title="bbox 200 1100 1181 1141; baseline -0.002 -8"><span class='ocrx_word' id='word_1_141' title='bbox 200 1102 323 1134; x_wconf 83' lang='lat' dir='ltr'><strong>tametsi</strong></span> <span class='ocrx_word' id='word_1_142' title='bbox 355 1103 401 1133; x_wconf 83' lang='lat' dir='ltr'><strong>sic</strong></span> <span class='ocrx_word' id='word_1_143' title='bbox 434 1101 609 1141; x_wconf 77' lang='lat' dir='ltr'><strong>loquamur.</strong></span> <span class='ocrx_word' id='word_1_144' title='bbox 656 1100 706 1133; x_wconf 89' lang='lat'><strong>10.</strong></span> <span class='ocrx_word' id='word_1_145' title='bbox 738 1101 811 1132; x_wconf 77' lang='lat' dir='ltr'><strong>Nori</strong></span> <span class='ocrx_word' id='word_1_146' title='bbox 845 1101 927 1132; x_wconf 79' lang='lat' dir='ltr'><strong>enim</strong></span> <span class='ocrx_word' id='word_1_147' title='bbox 963 1100 1101 1131; x_wconf 77' lang='lat' dir='ltr'><strong>iniustus</strong></span> <span class='ocrx_word' id='word_1_148' title='bbox 1135 1102 1181 1132; x_wconf 82' lang='lat' dir='ltr'><strong>est</strong></span> 
     </span>
     <span class='ocr_line' id='line_1_21' title="bbox 201 1142 1178 1184; baseline -0.003 -7"><span class='ocrx_word' id='word_1_149' title='bbox 201 1145 304 1184; x_wconf 82' lang='lat' dir='ltr'><strong>Deus,</strong></span> <span class='ocrx_word' id='word_1_150' title='bbox 326 1147 360 1176; x_wconf 94' lang='lat' dir='ltr'><strong>ut</strong></span> <span class='ocrx_word' id='word_1_151' title='bbox 381 1144 577 1176; x_wconf 81' lang='lat' dir='ltr'><strong>obliviscatur</strong></span> <span class='ocrx_word' id='word_1_152' title='bbox 599 1145 702 1183; x_wconf 84' lang='lat' dir='ltr'><strong>operis</strong></span> <span class='ocrx_word' id='word_1_153' title='bbox 724 1144 828 1181; x_wconf 79' lang='lat' dir='ltr'><strong>vestri,</strong></span> <span class='ocrx_word' id='word_1_154' title='bbox 857 1147 883 1175; x_wconf 86' lang='lat' dir='ltr'><strong>et</strong></span> <span class='ocrx_word' id='word_1_155' title='bbox 905 1142 1022 1175; x_wconf 81' lang='lat' dir='ltr'><strong>laboris</strong></span> <span class='ocrx_word' id='word_1_156' title='bbox 1044 1144 1079 1174; x_wconf 81' lang='lat' dir='ltr'><strong>iu</strong></span> <span class='ocrx_word' id='word_1_157' title='bbox 1100 1144 1178 1174; x_wconf 86' lang='lat' dir='ltr'><strong>cari-</strong></span> 
     </span>
     <span class='ocr_line' id='line_1_22' title="bbox 202 1186 1178 1227; baseline -0.002 -8"><span class='ocrx_word' id='word_1_158' title='bbox 202 1190 293 1220; x_wconf 83' lang='lat' dir='ltr'><strong>tatem</strong></span> <span class='ocrx_word' id='word_1_159' title='bbox 325 1187 476 1226; x_wconf 79' lang='lat' dir='ltr'><strong>impensi:</strong></span> <span class='ocrx_word' id='word_1_160' title='bbox 516 1196 610 1226; x_wconf 79' lang='lat' dir='ltr'><strong>quam</strong></span> <span class='ocrx_word' id='word_1_161' title='bbox 645 1187 820 1218; x_wconf 76' lang='lat' dir='ltr'><strong>ostendistis</strong></span> <span class='ocrx_word' id='word_1_162' title='bbox 853 1197 927 1227; x_wconf 72' lang='lat' dir='ltr'><strong>crya</strong></span> <span class='ocrx_word' id='word_1_163' title='bbox 959 1196 1067 1218; x_wconf 79' lang='lat' dir='ltr'><strong>nomeu</strong></span> <span class='ocrx_word' id='word_1_164' title='bbox 1101 1186 1178 1224; x_wconf 80' lang='lat' dir='ltr'><strong>eius,</strong></span> 
     </span>
     <span class='ocr_line' id='line_1_23' title="bbox 200 1230 922 1268; baseline -0.004 -5"><span class='ocrx_word' id='word_1_165' title='bbox 200 1231 275 1263; x_wconf 84' lang='lat' dir='ltr'><strong>dum</strong></span> <span class='ocrx_word' id='word_1_166' title='bbox 297 1230 503 1262; x_wconf 75' lang='lat' dir='ltr'><strong>ministrastis</strong></span> <span class='ocrx_word' id='word_1_167' title='bbox 525 1230 649 1268; x_wconf 70' lang='lat' dir='ltr'><strong>sanetis,</strong></span> <span class='ocrx_word' id='word_1_168' title='bbox 673 1233 700 1261; x_wconf 82' lang='lat' dir='ltr'><strong>et</strong></span> <span class='ocrx_word' id='word_1_169' title='bbox 722 1230 922 1262; x_wconf 76' lang='lat' dir='ltr'><strong>ministratis.</strong></span> 
     </span>
    </p>
   </div>
   <div class='ocr_carea' id='block_1_4' title="bbox 199 1314 1181 2686">
    <p class='ocr_par' dir='ltr' id='par_1_4' title="bbox 199 1314 1181 2686">
     <span class='ocr_line' id='line_1_24' title="bbox 288 1314 1179 1355; baseline -0.002 -8"><span class='ocrx_word' id='word_1_170' title='bbox 288 1316 316 1347; x_wconf 83' lang='lat'><strong>7.</strong></span> <span class='ocrx_word' id='word_1_171' title='bbox 348 1315 386 1347; x_wconf 64' lang='lat' dir='ltr'><strong>St</strong></span> <span class='ocrx_word' id='word_1_172' title='bbox 415 1316 538 1355; x_wconf 77' lang='lat' dir='ltr'><strong>quidem</strong></span> <span class='ocrx_word' id='word_1_173' title='bbox 571 1318 664 1347; x_wconf 84' lang='lat' dir='ltr'><strong>terra.</strong></span> <span class='ocrx_word' id='word_1_174' title='bbox 717 1315 896 1355; x_wconf 76' lang='lat' dir='ltr'><strong>Aptissima</strong></span> <span class='ocrx_word' id='word_1_175' title='bbox 930 1314 1106 1347; x_wconf 76' lang='lat' dir='ltr'><strong>similitudo</strong></span> <span class='ocrx_word' id='word_1_176' title='bbox 1139 1315 1179 1346; x_wconf 86' lang='lat' dir='ltr'><strong>ad</strong></span> 
     </span>
     <span class='ocr_line' id='line_1_25' title="bbox 203 1357 1179 1399; baseline -0.002 -8"><span class='ocrx_word' id='word_1_177' title='bbox 203 1359 411 1391; x_wconf 80' lang='lat' dir='ltr'><strong>excitandum</strong></span> <span class='ocrx_word' id='word_1_178' title='bbox 430 1365 556 1390; x_wconf 86' lang='lat' dir='ltr'><strong>mature</strong></span> <span class='ocrx_word' id='word_1_179' title='bbox 576 1358 768 1399; x_wconf 90' lang='lat' dir='ltr'><strong>proficiendi</strong></span> <span class='ocrx_word' id='word_1_180' title='bbox 792 1359 949 1390; x_wconf 84' lang='lat' dir='ltr'><strong>studium.</strong></span> <span class='ocrx_word' id='word_1_181' title='bbox 986 1358 1071 1389; x_wconf 85' lang='lat' dir='ltr'><strong>Nam</strong></span> <span class='ocrx_word' id='word_1_182' title='bbox 1095 1357 1179 1389; x_wconf 90' lang='lat' dir='ltr'><strong>sicut</strong></span> 
     </span>
     <span class='ocr_line' id='line_1_26' title="bbox 201 1399 1180 1442; baseline -0.002 -8"><span class='ocrx_word' id='word_1_183' title='bbox 201 1406 290 1434; x_wconf 86' lang='lat' dir='ltr'><strong>terra</strong></span> <span class='ocrx_word' id='word_1_184' title='bbox 311 1402 427 1433; x_wconf 83' lang='lat' dir='ltr'><strong>bonam</strong></span> <span class='ocrx_word' id='word_1_185' title='bbox 451 1408 594 1442; x_wconf 77' lang='lat' dir='ltr'><strong>segetem</strong></span> <span class='ocrx_word' id='word_1_186' title='bbox 619 1399 761 1441; x_wconf 88' lang='lat' dir='ltr'><strong>proferre</strong></span> <span class='ocrx_word' id='word_1_187' title='bbox 785 1401 818 1432; x_wconf 92' lang='lat' dir='ltr'><strong>in</strong></span> <span class='ocrx_word' id='word_1_188' title='bbox 842 1412 947 1432; x_wconf 89' lang='lat' dir='ltr'><strong>messe</strong></span> <span class='ocrx_word' id='word_1_189' title='bbox 969 1401 1093 1441; x_wconf 79' lang='lat' dir='ltr'><strong>nequit,</strong></span> <span class='ocrx_word' id='word_1_190' title='bbox 1118 1401 1180 1432; x_wconf 87' lang='lat' dir='ltr'><strong>nisi</strong></span> 
     </span>
     <span class='ocr_line' id='line_1_27' title="bbox 199 1444 1180 1485; baseline -0.002 -8"><span class='ocrx_word' id='word_1_191' title='bbox 199 1455 275 1477; x_wconf 84' lang='lat' dir='ltr'><strong>mox</strong></span> <span class='ocrx_word' id='word_1_192' title='bbox 305 1451 449 1476; x_wconf 78' lang='lat' dir='ltr'><strong>semente</strong></span> <span class='ocrx_word' id='word_1_193' title='bbox 479 1446 563 1476; x_wconf 75' lang='lat' dir='ltr'><strong>iacta</strong></span> <span class='ocrx_word' id='word_1_194' title='bbox 593 1444 842 1485; x_wconf 88' lang='lat' dir='ltr'><strong>germinaverit:</strong></span> <span class='ocrx_word' id='word_1_195' title='bbox 877 1444 922 1475; x_wconf 88' lang='lat' dir='ltr'><strong>ita</strong></span> <span class='ocrx_word' id='word_1_196' title='bbox 950 1444 977 1476; x_wconf 92' lang='lat' dir='ltr'><strong>si</strong></span> <span class='ocrx_word' id='word_1_197' title='bbox 1008 1445 1180 1484; x_wconf 89' lang='lat' dir='ltr'><strong>pervenire</strong></span> 
     </span>
     <span class='ocr_line' id='line_1_28' title="bbox 201 1486 1180 1528; baseline -0.001 -9"><span class='ocrx_word' id='word_1_198' title='bbox 201 1488 241 1519; x_wconf 91' lang='lat' dir='ltr'><strong>ad</strong></span> <span class='ocrx_word' id='word_1_199' title='bbox 277 1487 392 1519; x_wconf 91' lang='lat' dir='ltr'><strong>bonam</strong></span> <span class='ocrx_word' id='word_1_200' title='bbox 438 1487 563 1528; x_wconf 83' lang='lat' dir='ltr'><strong>frugem</strong></span> <span class='ocrx_word' id='word_1_201' title='bbox 609 1486 768 1526; x_wconf 90' lang='lat' dir='ltr'><strong>volumus,</strong></span> <span class='ocrx_word' id='word_1_202' title='bbox 806 1486 1000 1526; x_wconf 78' lang='lat' dir='ltr'><strong>simulatque</strong></span> <span class='ocrx_word' id='word_1_203' title='bbox 1045 1486 1180 1518; x_wconf 90' lang='lat' dir='ltr'><strong>verbum</strong></span> 
     </span>
     <span class='ocr_line' id='line_1_29' title="bbox 201 1529 1181 1570; baseline -0.001 -8"><span class='ocrx_word' id='word_1_204' title='bbox 201 1541 295 1562; x_wconf 89' lang='lat' dir='ltr'><strong>suum</strong></span> <span class='ocrx_word' id='word_1_205' title='bbox 327 1531 405 1562; x_wconf 87' lang='lat' dir='ltr'><strong>serit</strong></span> <span class='ocrx_word' id='word_1_206' title='bbox 428 1530 595 1568; x_wconf 89' lang='lat' dir='ltr'><strong>Dominus,</strong></span> <span class='ocrx_word' id='word_1_207' title='bbox 625 1530 751 1561; x_wconf 82' lang='lat' dir='ltr'><strong>radices</strong></span> <span class='ocrx_word' id='word_1_208' title='bbox 780 1531 813 1561; x_wconf 89' lang='lat' dir='ltr'><strong>in</strong></span> <span class='ocrx_word' id='word_1_209' title='bbox 844 1529 938 1561; x_wconf 90' lang='lat' dir='ltr'><strong>nobis</strong></span> <span class='ocrx_word' id='word_1_210' title='bbox 967 1540 1063 1570; x_wconf 88' lang='lat' dir='ltr'><strong>agere</strong></span> <span class='ocrx_word' id='word_1_211' title='bbox 1087 1529 1181 1561; x_wconf 87' lang='lat' dir='ltr'><strong>debet</strong></span> 
     </span>
     <span class='ocr_line' id='line_1_30' title="bbox 201 1572 1180 1614; baseline -0.001 -9"><span class='ocrx_word' id='word_1_212' title='bbox 201 1583 282 1614; x_wconf 86' lang='lat' dir='ltr'><strong>quae</strong></span> <span class='ocrx_word' id='word_1_213' title='bbox 306 1575 415 1605; x_wconf 87' lang='lat' dir='ltr'><strong>statim</strong></span> <span class='ocrx_word' id='word_1_214' title='bbox 439 1578 617 1614; x_wconf 85' lang='lat' dir='ltr'><strong>emergant.</strong></span> <span class='ocrx_word' id='word_1_215' title='bbox 664 1572 776 1613; x_wconf 87' lang='lat' dir='ltr'><strong>Neque</strong></span> <span class='ocrx_word' id='word_1_216' title='bbox 800 1573 886 1604; x_wconf 92' lang='lat' dir='ltr'><strong>enim</strong></span> <span class='ocrx_word' id='word_1_217' title='bbox 911 1572 1106 1613; x_wconf 88' lang='lat' dir='ltr'><strong>sperandum</strong></span> <span class='ocrx_word' id='word_1_218' title='bbox 1130 1577 1180 1604; x_wconf 87' lang='lat' dir='ltr'><strong>est</strong></span> 
     </span>
     <span class='ocr_line' id='line_1_31' title="bbox 200 1615 1180 1656; baseline -0.002 -8"><span class='ocrx_word' id='word_1_219' title='bbox 200 1622 237 1648; x_wconf 91' lang='lat' dir='ltr'><strong>ut</strong></span> <span class='ocrx_word' id='word_1_220' title='bbox 267 1616 448 1655; x_wconf 87' lang='lat' dir='ltr'><strong>fructificet,</strong></span> <span class='ocrx_word' id='word_1_221' title='bbox 479 1616 504 1648; x_wconf 88' lang='lat' dir='ltr'><strong>si</strong></span> <span class='ocrx_word' id='word_1_222' title='bbox 529 1615 582 1647; x_wconf 88' lang='lat' dir='ltr'><strong>vel</strong></span> <span class='ocrx_word' id='word_1_223' title='bbox 606 1616 783 1647; x_wconf 83' lang='lat' dir='ltr'><strong>suffocatur</strong></span> <span class='ocrx_word' id='word_1_224' title='bbox 806 1616 857 1647; x_wconf 89' lang='lat' dir='ltr'><strong>vel</strong></span> <span class='ocrx_word' id='word_1_225' title='bbox 883 1615 1068 1656; x_wconf 85' lang='lat' dir='ltr'><strong>degenerat.</strong></span> <span class='ocrx_word' id='word_1_226' title='bbox 1115 1615 1180 1648; x_wconf 88' lang='lat' dir='ltr'><strong>Sed</strong></span> 
     </span>
     <span class='ocr_line' id='line_1_32' title="bbox 200 1658 1181 1700; baseline -0.001 -10"><span class='ocrx_word' id='word_1_227' title='bbox 200 1658 472 1700; x_wconf 88' lang='lat' dir='ltr'><strong>quemadmodum</strong></span> <span class='ocrx_word' id='word_1_228' title='bbox 511 1658 606 1691; x_wconf 90' lang='lat' dir='ltr'><strong>valde</strong></span> <span class='ocrx_word' id='word_1_229' title='bbox 646 1659 778 1699; x_wconf 88' lang='lat' dir='ltr'><strong>propria</strong></span> <span class='ocrx_word' id='word_1_230' title='bbox 812 1664 862 1690; x_wconf 90' lang='lat' dir='ltr'><strong>est</strong></span> <span class='ocrx_word' id='word_1_231' title='bbox 896 1658 1090 1690; x_wconf 83' lang='lat' dir='ltr'><strong>similitudo:</strong></span> <span class='ocrx_word' id='word_1_232' title='bbox 1133 1659 1181 1690; x_wconf 87' lang='lat' dir='ltr'><strong>ita</strong></span> 
     </span>
     <span class='ocr_line' id='line_1_33' title="bbox 200 1701 1180 1743; baseline -0.001 -10"><span class='ocrx_word' id='word_1_233' title='bbox 200 1703 380 1743; x_wconf 88' lang='lat' dir='ltr'><strong>prudenter</strong></span> <span class='ocrx_word' id='word_1_234' title='bbox 414 1702 454 1733; x_wconf 91' lang='lat' dir='ltr'><strong>ad</strong></span> <span class='ocrx_word' id='word_1_235' title='bbox 496 1701 683 1733; x_wconf 87' lang='lat' dir='ltr'><strong>institutum</strong></span> <span class='ocrx_word' id='word_1_236' title='bbox 726 1702 863 1741; x_wconf 87' lang='lat' dir='ltr'><strong>apostoli</strong></span> <span class='ocrx_word' id='word_1_237' title='bbox 906 1701 1180 1733; x_wconf 85' lang='lat' dir='ltr'><strong>accommodanda</strong></span> 
     </span>
     <span class='ocr_line' id='line_1_34' title="bbox 201 1744 1180 1785; baseline 0 -9"><span class='ocrx_word' id='word_1_238' title='bbox 201 1750 261 1777; x_wconf 86' lang='lat' dir='ltr'><strong>est.</strong></span> <span class='ocrx_word' id='word_1_239' title='bbox 306 1745 417 1782; x_wconf 80' lang='lat' dir='ltr'><strong>Terra,</strong></span> <span class='ocrx_word' id='word_1_240' title='bbox 451 1744 565 1784; x_wconf 85' lang='lat' dir='ltr'><strong>inquit.</strong></span> <span class='ocrx_word' id='word_1_241' title='bbox 600 1755 680 1785; x_wconf 88' lang='lat' dir='ltr'><strong>quae</strong></span> <span class='ocrx_word' id='word_1_242' title='bbox 707 1745 854 1785; x_wconf 86' lang='lat' dir='ltr'><strong>pluviam</strong></span> <span class='ocrx_word' id='word_1_243' title='bbox 877 1745 1032 1785; x_wconf 83' lang='lat' dir='ltr'><strong>sugendo,</strong></span> <span class='ocrx_word' id='word_1_244' title='bbox 1067 1744 1180 1776; x_wconf 86' lang='lat' dir='ltr'><strong>statim</strong></span> 
     </span>
     <span class='ocr_line' id='line_1_35' title="bbox 202 1787 1181 1828; baseline 0 -10"><span class='ocrx_word' id='word_1_245' title='bbox 202 1798 222 1819; x_wconf 86' lang='lat' dir='ltr'><strong>a.</strong></span> <span class='ocrx_word' id='word_1_246' title='bbox 245 1788 372 1819; x_wconf 89' lang='lat' dir='ltr'><strong>satione</strong></span> <span class='ocrx_word' id='word_1_247' title='bbox 394 1798 460 1819; x_wconf 89' lang='lat' dir='ltr'><strong>non</strong></span> <span class='ocrx_word' id='word_1_248' title='bbox 484 1787 678 1828; x_wconf 86' lang='lat' dir='ltr'><strong>degenerem</strong></span> <span class='ocrx_word' id='word_1_249' title='bbox 696 1787 828 1819; x_wconf 88' lang='lat' dir='ltr'><strong>herbam</strong></span> <span class='ocrx_word' id='word_1_250' title='bbox 846 1788 976 1828; x_wconf 85' lang='lat' dir='ltr'><strong>profert,</strong></span> <span class='ocrx_word' id='word_1_251' title='bbox 1001 1787 1063 1818; x_wconf 90' lang='lat' dir='ltr'><strong>Dei</strong></span> <span class='ocrx_word' id='word_1_252' title='bbox 1087 1787 1181 1819; x_wconf 90' lang='lat' dir='ltr'><strong>bene-</strong></span> 
     </span>
     <span class='ocr_line' id='line_1_36' title="bbox 202 1830 1179 1871; baseline 0 -10"><span class='ocrx_word' id='word_1_253' title='bbox 202 1830 340 1862; x_wconf 75' lang='lat' dir='ltr'><strong>dictione</strong></span> <span class='ocrx_word' id='word_1_254' title='bbox 369 1830 501 1862; x_wconf 86' lang='lat' dir='ltr'><strong>tandem</strong></span> <span class='ocrx_word' id='word_1_255' title='bbox 525 1830 566 1861; x_wconf 82' lang='lat' dir='ltr'><strong>ad</strong></span> <span class='ocrx_word' id='word_1_256' title='bbox 589 1832 707 1871; x_wconf 87' lang='lat' dir='ltr'><strong>segetis</strong></span> <span class='ocrx_word' id='word_1_257' title='bbox 730 1831 953 1862; x_wconf 85' lang='lat' dir='ltr'><strong>maturitatem</strong></span> <span class='ocrx_word' id='word_1_258' title='bbox 977 1830 1179 1871; x_wconf 86' lang='lat' dir='ltr'><strong>perducitur.</strong></span> 
     </span>
     <span class='ocr_line' id='line_1_37' title="bbox 201 1872 1178 1914; baseline 0.001 -10"><span class='ocrx_word' id='word_1_259' title='bbox 201 1872 253 1905; x_wconf 88' lang='lat' dir='ltr'><strong>Ita</strong></span> <span class='ocrx_word' id='word_1_260' title='bbox 268 1873 322 1914; x_wconf 89' lang='lat' dir='ltr'><strong>qui</strong></span> <span class='ocrx_word' id='word_1_261' title='bbox 346 1874 532 1914; x_wconf 85' lang='lat' dir='ltr'><strong>concipiunt</strong></span> <span class='ocrx_word' id='word_1_262' title='bbox 554 1873 717 1914; x_wconf 87' lang='lat' dir='ltr'><strong>evangelii</strong></span> <span class='ocrx_word' id='word_1_263' title='bbox 740 1884 848 1905; x_wconf 91' lang='lat' dir='ltr'><strong>semen</strong></span> <span class='ocrx_word' id='word_1_264' title='bbox 872 1875 904 1904; x_wconf 89' lang='lat' dir='ltr'><strong>in</strong></span> <span class='ocrx_word' id='word_1_265' title='bbox 929 1873 1079 1905; x_wconf 82' lang='lat' dir='ltr'><strong>cordibus</strong></span> <span class='ocrx_word' id='word_1_266' title='bbox 1101 1875 1178 1911; x_wconf 87' lang='lat' dir='ltr'><strong>suis,</strong></span> 
     </span>
     <span class='ocr_line' id='line_1_38' title="bbox 203 1915 1179 1958; baseline 0 -10"><span class='ocrx_word' id='word_1_267' title='bbox 203 1919 236 1948; x_wconf 85' lang='lat' dir='ltr'><strong>et</strong></span> <span class='ocrx_word' id='word_1_268' title='bbox 259 1916 433 1957; x_wconf 84' lang='lat' dir='ltr'><strong>genuinam</strong></span> <span class='ocrx_word' id='word_1_269' title='bbox 457 1916 532 1947; x_wconf 90' lang='lat' dir='ltr'><strong>inde</strong></span> <span class='ocrx_word' id='word_1_270' title='bbox 555 1915 689 1947; x_wconf 89' lang='lat' dir='ltr'><strong>herbam</strong></span> <span class='ocrx_word' id='word_1_271' title='bbox 715 1917 891 1956; x_wconf 85' lang='lat' dir='ltr'><strong>proferunt,</strong></span> <span class='ocrx_word' id='word_1_272' title='bbox 914 1927 1044 1957; x_wconf 81' lang='lat' dir='ltr'><strong>semper</strong></span> <span class='ocrx_word' id='word_1_273' title='bbox 1066 1927 1179 1958; x_wconf 88' lang='lat' dir='ltr'><strong>auges-</strong></span> 
     </span>
     <span class='ocr_line' id='line_1_39' title="bbox 201 1958 1180 1999; baseline 0.001 -9"><span class='ocrx_word' id='word_1_274' title='bbox 201 1965 276 1991; x_wconf 87' lang='lat' dir='ltr'><strong>cent</strong></span> <span class='ocrx_word' id='word_1_275' title='bbox 296 1960 329 1990; x_wconf 93' lang='lat' dir='ltr'><strong>in</strong></span> <span class='ocrx_word' id='word_1_276' title='bbox 352 1959 477 1999; x_wconf 88' lang='lat' dir='ltr'><strong>melius,</strong></span> <span class='ocrx_word' id='word_1_277' title='bbox 500 1958 601 1991; x_wconf 91' lang='lat' dir='ltr'><strong>donec</strong></span> <span class='ocrx_word' id='word_1_278' title='bbox 624 1966 790 1991; x_wconf 90' lang='lat' dir='ltr'><strong>maturum</strong></span> <span class='ocrx_word' id='word_1_279' title='bbox 815 1960 958 1992; x_wconf 81' lang='lat' dir='ltr'><strong>fructum</strong></span> <span class='ocrx_word' id='word_1_280' title='bbox 981 1960 1089 1991; x_wconf 84' lang='lat' dir='ltr'><strong>edant.</strong></span> <span class='ocrx_word' id='word_1_281' title='bbox 1126 1959 1180 1991; x_wconf 82' lang='lat' dir='ltr'><strong>Ex</strong></span> 
     </span>
     <span class='ocr_line' id='line_1_40' title="bbox 201 2002 1179 2043; baseline 0 -10"><span class='ocrx_word' id='word_1_282' title='bbox 201 2002 347 2039; x_wconf 89' lang='lat' dir='ltr'><strong>adverso,</strong></span> <span class='ocrx_word' id='word_1_283' title='bbox 379 2007 476 2041; x_wconf 89' lang='lat' dir='ltr'><strong>terra,</strong></span> <span class='ocrx_word' id='word_1_284' title='bbox 506 2012 587 2042; x_wconf 90' lang='lat' dir='ltr'><strong>quae</strong></span> <span class='ocrx_word' id='word_1_285' title='bbox 621 2008 695 2042; x_wconf 88' lang='lat' dir='ltr'><strong>post</strong></span> <span class='ocrx_word' id='word_1_286' title='bbox 717 2002 876 2034; x_wconf 85' lang='lat' dir='ltr'><strong>culturam</strong></span> <span class='ocrx_word' id='word_1_287' title='bbox 902 2008 934 2034; x_wconf 89' lang='lat' dir='ltr'><strong>et</strong></span> <span class='ocrx_word' id='word_1_288' title='bbox 954 2003 1179 2043; x_wconf 81' lang='lat' dir='ltr'><strong>irrigationem</strong></span> 
     </span>
     <span class='ocr_line' id='line_1_41' title="bbox 200 2044 1179 2086; baseline 0 -10"><span class='ocrx_word' id='word_1_289' title='bbox 200 2044 283 2076; x_wconf 88' lang='lat' dir='ltr'><strong>nihil</strong></span> <span class='ocrx_word' id='word_1_290' title='bbox 308 2045 402 2076; x_wconf 86' lang='lat' dir='ltr'><strong>affert</strong></span> <span class='ocrx_word' id='word_1_291' title='bbox 425 2050 554 2085; x_wconf 87' lang='lat' dir='ltr'><strong>praeter</strong></span> <span class='ocrx_word' id='word_1_292' title='bbox 577 2046 699 2086; x_wconf 88' lang='lat' dir='ltr'><strong>spinas,</strong></span> <span class='ocrx_word' id='word_1_293' title='bbox 728 2056 818 2086; x_wconf 85' lang='lat' dir='ltr'><strong>spem</strong></span> <span class='ocrx_word' id='word_1_294' title='bbox 846 2045 969 2076; x_wconf 87' lang='lat' dir='ltr'><strong>nullam</strong></span> <span class='ocrx_word' id='word_1_295' title='bbox 993 2046 1108 2076; x_wconf 86' lang='lat' dir='ltr'><strong>messis</strong></span> <span class='ocrx_word' id='word_1_296' title='bbox 1132 2056 1179 2077; x_wconf 91' lang='lat' dir='ltr'><strong>re-</strong></span> 
     </span>
     <span class='ocr_line' id='line_1_42' title="bbox 201 2087 1179 2129; baseline 0.001 -11"><span class='ocrx_word' id='word_1_297' title='bbox 201 2087 335 2128; x_wconf 86' lang='lat' dir='ltr'><strong>linquit:</strong></span> <span class='ocrx_word' id='word_1_298' title='bbox 360 2089 425 2119; x_wconf 87' lang='lat' dir='ltr'><strong>imo</strong></span> <span class='ocrx_word' id='word_1_299' title='bbox 441 2097 504 2128; x_wconf 90' lang='lat' dir='ltr'><strong>quo</strong></span> <span class='ocrx_word' id='word_1_300' title='bbox 520 2088 623 2129; x_wconf 86' lang='lat' dir='ltr'><strong>magis</strong></span> <span class='ocrx_word' id='word_1_301' title='bbox 648 2089 760 2120; x_wconf 86' lang='lat' dir='ltr'><strong>crescit</strong></span> <span class='ocrx_word' id='word_1_302' title='bbox 785 2088 868 2129; x_wconf 90' lang='lat' dir='ltr'><strong>quod</strong></span> <span class='ocrx_word' id='word_1_303' title='bbox 893 2088 960 2120; x_wconf 84' lang='lat' dir='ltr'><strong>illio</strong></span> <span class='ocrx_word' id='word_1_304' title='bbox 983 2095 1094 2119; x_wconf 89' lang='lat' dir='ltr'><strong>natum</strong></span> <span class='ocrx_word' id='word_1_305' title='bbox 1119 2094 1179 2126; x_wconf 86' lang='lat' dir='ltr'><strong>est,</strong></span> 
     </span>
     <span class='ocr_line' id='line_1_43' title="bbox 201 2130 1178 2172; baseline 0 -10"><span class='ocrx_word' id='word_1_306' title='bbox 201 2141 239 2162; x_wconf 91' lang='lat' dir='ltr'><strong>eo</strong></span> <span class='ocrx_word' id='word_1_307' title='bbox 273 2131 378 2172; x_wconf 82' lang='lat' dir='ltr'><strong>magis</strong></span> <span class='ocrx_word' id='word_1_308' title='bbox 411 2136 461 2162; x_wconf 91' lang='lat' dir='ltr'><strong>est</strong></span> <span class='ocrx_word' id='word_1_309' title='bbox 492 2131 670 2171; x_wconf 84' lang='lat' dir='ltr'><strong>desperata.</strong></span> <span class='ocrx_word' id='word_1_310' title='bbox 725 2130 803 2162; x_wconf 90' lang='lat' dir='ltr'><strong>Ideo</strong></span> <span class='ocrx_word' id='word_1_311' title='bbox 838 2132 967 2162; x_wconf 91' lang='lat' dir='ltr'><strong>unicum</strong></span> <span class='ocrx_word' id='word_1_312' title='bbox 999 2131 1178 2162; x_wconf 88' lang='lat' dir='ltr'><strong>remedium</strong></span> 
     </span>
     <span class='ocr_line' id='line_1_44' title="bbox 201 2173 1177 2215; baseline 0.001 -11"><span class='ocrx_word' id='word_1_313' title='bbox 201 2178 262 2213; x_wconf 87' lang='lat' dir='ltr'><strong>est,</strong></span> <span class='ocrx_word' id='word_1_314' title='bbox 296 2179 332 2205; x_wconf 89' lang='lat' dir='ltr'><strong>ut</strong></span> <span class='ocrx_word' id='word_1_315' title='bbox 366 2173 491 2206; x_wconf 81' lang='lat' dir='ltr'><strong>vitiosis</strong></span> <span class='ocrx_word' id='word_1_316' title='bbox 525 2184 562 2206; x_wconf 88' lang='lat' dir='ltr'><strong>ac</strong></span> <span class='ocrx_word' id='word_1_317' title='bbox 591 2173 764 2205; x_wconf 89' lang='lat' dir='ltr'><strong>inutilibus</strong></span> <span class='ocrx_word' id='word_1_318' title='bbox 796 2173 904 2205; x_wconf 81' lang='lat' dir='ltr'><strong>herbis</strong></span> <span class='ocrx_word' id='word_1_319' title='bbox 934 2173 1039 2205; x_wconf 90' lang='lat' dir='ltr'><strong>cultor</strong></span> <span class='ocrx_word' id='word_1_320' title='bbox 1069 2175 1177 2215; x_wconf 87' lang='lat' dir='ltr'><strong>ignem</strong></span> 
     </span>
     <span class='ocr_line' id='line_1_45' title="bbox 201 2216 1179 2258; baseline 0.001 -11"><span class='ocrx_word' id='word_1_321' title='bbox 201 2216 359 2249; x_wconf 82' lang='lat' dir='ltr'><strong>subiiciat.</strong></span> <span class='ocrx_word' id='word_1_322' title='bbox 406 2216 458 2248; x_wconf 87' lang='lat' dir='ltr'><strong>Ita</strong></span> <span class='ocrx_word' id='word_1_323' title='bbox 487 2217 543 2257; x_wconf 91' lang='lat' dir='ltr'><strong>qui</strong></span> <span class='ocrx_word' id='word_1_324' title='bbox 570 2217 732 2258; x_wconf 88' lang='lat' dir='ltr'><strong>evangelii</strong></span> <span class='ocrx_word' id='word_1_325' title='bbox 756 2227 865 2248; x_wconf 88' lang='lat' dir='ltr'><strong>semen</strong></span> <span class='ocrx_word' id='word_1_326' title='bbox 889 2223 1103 2257; x_wconf 87' lang='lat' dir='ltr'><strong>corrumpunt</strong></span> <span class='ocrx_word' id='word_1_327' title='bbox 1127 2217 1179 2248; x_wconf 91' lang='lat' dir='ltr'><strong>vel</strong></span> 
     </span>
     <span class='ocr_line' id='line_1_46' title="bbox 202 2259 1178 2300; baseline 0.001 -10"><span class='ocrx_word' id='word_1_328' title='bbox 202 2263 330 2299; x_wconf 84' lang='lat' dir='ltr'><strong>torpore</strong></span> <span class='ocrx_word' id='word_1_329' title='bbox 361 2269 428 2295; x_wconf 88' lang='lat' dir='ltr'><strong>suo,</strong></span> <span class='ocrx_word' id='word_1_330' title='bbox 462 2259 514 2291; x_wconf 91' lang='lat' dir='ltr'><strong>vel</strong></span> <span class='ocrx_word' id='word_1_331' title='bbox 543 2260 653 2300; x_wconf 85' lang='lat' dir='ltr'><strong>pravis</strong></span> <span class='ocrx_word' id='word_1_332' title='bbox 682 2259 860 2297; x_wconf 86' lang='lat' dir='ltr'><strong>affectibus,</strong></span> <span class='ocrx_word' id='word_1_333' title='bbox 893 2266 929 2291; x_wconf 89' lang='lat' dir='ltr'><strong>ut</strong></span> <span class='ocrx_word' id='word_1_334' title='bbox 953 2260 1078 2291; x_wconf 90' lang='lat' dir='ltr'><strong>nullum</strong></span> <span class='ocrx_word' id='word_1_335' title='bbox 1104 2260 1178 2291; x_wconf 91' lang='lat' dir='ltr'><strong>boni</strong></span> 
     </span>
     <span class='ocr_line' id='line_1_47' title="bbox 201 2302 1178 2343; baseline 0.001 -10"><span class='ocrx_word' id='word_1_336' title='bbox 201 2303 364 2342; x_wconf 88' lang='lat' dir='ltr'><strong>profectus</strong></span> <span class='ocrx_word' id='word_1_337' title='bbox 396 2302 524 2343; x_wconf 91' lang='lat' dir='ltr'><strong>signum</strong></span> <span class='ocrx_word' id='word_1_338' title='bbox 559 2303 593 2333; x_wconf 92' lang='lat' dir='ltr'><strong>in</strong></span> <span class='ocrx_word' id='word_1_339' title='bbox 627 2303 696 2334; x_wconf 85' lang='lat' dir='ltr'><strong>vita</strong></span> <span class='ocrx_word' id='word_1_340' title='bbox 725 2313 783 2334; x_wconf 89' lang='lat' dir='ltr'><strong>sua</strong></span> <span class='ocrx_word' id='word_1_341' title='bbox 813 2303 927 2334; x_wconf 85' lang='lat' dir='ltr'><strong>edant:</strong></span> <span class='ocrx_word' id='word_1_342' title='bbox 961 2313 995 2334; x_wconf 89' lang='lat' dir='ltr'><strong>se</strong></span> <span class='ocrx_word' id='word_1_343' title='bbox 1025 2303 1178 2343; x_wconf 89' lang='lat' dir='ltr'><strong>reprobos</strong></span> 
     </span>
     <span class='ocr_line' id='line_1_48' title="bbox 202 2345 1177 2386; baseline 0.002 -11"><span class='ocrx_word' id='word_1_344' title='bbox 202 2354 273 2376; x_wconf 86' lang='lat' dir='ltr'><strong>esse</strong></span> <span class='ocrx_word' id='word_1_345' title='bbox 301 2345 486 2383; x_wconf 88' lang='lat' dir='ltr'><strong>ostendunt,</strong></span> <span class='ocrx_word' id='word_1_346' title='bbox 516 2350 554 2377; x_wconf 91' lang='lat' dir='ltr'><strong>ut</strong></span> <span class='ocrx_word' id='word_1_347' title='bbox 583 2345 674 2377; x_wconf 88' lang='lat' dir='ltr'><strong>nulla</strong></span> <span class='ocrx_word' id='word_1_348' title='bbox 702 2345 779 2377; x_wconf 88' lang='lat' dir='ltr'><strong>inde</strong></span> <span class='ocrx_word' id='word_1_349' title='bbox 806 2346 920 2377; x_wconf 88' lang='lat' dir='ltr'><strong>messis</strong></span> <span class='ocrx_word' id='word_1_350' title='bbox 942 2346 1103 2386; x_wconf 84' lang='lat' dir='ltr'><strong>speranda</strong></span> <span class='ocrx_word' id='word_1_351' title='bbox 1126 2347 1177 2377; x_wconf 90' lang='lat' dir='ltr'><strong>sit.</strong></span> 
     </span>
     <span class='ocr_line' id='line_1_49' title="bbox 203 2386 1178 2429; baseline 0.002 -12"><span class='ocrx_word' id='word_1_352' title='bbox 203 2386 279 2418; x_wconf 90' lang='lat' dir='ltr'><strong>Non</strong></span> <span class='ocrx_word' id='word_1_353' title='bbox 313 2398 390 2429; x_wconf 85' lang='lat' dir='ltr'><strong>ergo</strong></span> <span class='ocrx_word' id='word_1_354' title='bbox 424 2388 476 2420; x_wconf 92' lang='lat' dir='ltr'><strong>hic</strong></span> <span class='ocrx_word' id='word_1_355' title='bbox 510 2388 550 2419; x_wconf 90' lang='lat' dir='ltr'><strong>de</strong></span> <span class='ocrx_word' id='word_1_356' title='bbox 583 2388 652 2420; x_wconf 89' lang='lat' dir='ltr'><strong>solo</strong></span> <span class='ocrx_word' id='word_1_357' title='bbox 682 2388 841 2429; x_wconf 87' lang='lat' dir='ltr'><strong>evangelii</strong></span> <span class='ocrx_word' id='word_1_358' title='bbox 875 2390 982 2420; x_wconf 78' lang='lat' dir='ltr'><strong>fructu</strong></span> <span class='ocrx_word' id='word_1_359' title='bbox 1013 2388 1178 2428; x_wconf 87' lang='lat' dir='ltr'><strong>apostolus</strong></span> 
     </span>
     <span class='ocr_line' id='line_1_50' title="bbox 204 2428 1178 2472; baseline 0.002 -13"><span class='ocrx_word' id='word_1_360' title='bbox 204 2428 362 2469; x_wconf 87' lang='lat' dir='ltr'><strong>disputat:</strong></span> <span class='ocrx_word' id='word_1_361' title='bbox 396 2431 450 2462; x_wconf 90' lang='lat' dir='ltr'><strong>sed</strong></span> <span class='ocrx_word' id='word_1_362' title='bbox 485 2431 744 2463; x_wconf 87' lang='lat' dir='ltr'><strong>exhortationem</strong></span> <span class='ocrx_word' id='word_1_363' title='bbox 778 2441 871 2462; x_wconf 84' lang='lat' dir='ltr'><strong>suam</strong></span> <span class='ocrx_word' id='word_1_364' title='bbox 906 2433 1111 2472; x_wconf 81' lang='lat' dir='ltr'><strong>prosequitur</strong></span> <span class='ocrx_word' id='word_1_365' title='bbox 1141 2436 1178 2463; x_wconf 90' lang='lat' dir='ltr'><strong>ut</strong></span> 
     </span>
     <span class='ocr_line' id='line_1_51' title="bbox 205 2473 1176 2514; baseline 0.005 -13"><span class='ocrx_word' id='word_1_366' title='bbox 205 2479 352 2512; x_wconf 85' lang='lat' dir='ltr'><strong>prompto</strong></span> <span class='ocrx_word' id='word_1_367' title='bbox 385 2473 547 2514; x_wconf 89' lang='lat' dir='ltr'><strong>alacrique</strong></span> <span class='ocrx_word' id='word_1_368' title='bbox 570 2476 679 2505; x_wconf 87' lang='lat' dir='ltr'><strong>animo</strong></span> <span class='ocrx_word' id='word_1_369' title='bbox 702 2475 936 2514; x_wconf 84' lang='lat' dir='ltr'><strong>amplectamur</strong></span> <span class='ocrx_word' id='word_1_370' title='bbox 959 2474 1176 2514; x_wconf 84' lang='lat' dir='ltr'><strong>evangelium.</strong></span> 
     </span>
     <span class='ocr_line' id='line_1_52' title="bbox 207 2512 1176 2557; baseline 0.003 -13"><span class='ocrx_word' id='word_1_371' title='bbox 207 2512 334 2546; x_wconf 88' lang='lat' dir='ltr'><strong>Deinde</strong></span> <span class='ocrx_word' id='word_1_372' title='bbox 357 2520 393 2546; x_wconf 90' lang='lat' dir='ltr'><strong>ut</strong></span> <span class='ocrx_word' id='word_1_373' title='bbox 415 2526 491 2547; x_wconf 83' lang='lat' dir='ltr'><strong>mox</strong></span> <span class='ocrx_word' id='word_1_374' title='bbox 515 2522 587 2557; x_wconf 88' lang='lat' dir='ltr'><strong>post</strong></span> <span class='ocrx_word' id='word_1_375' title='bbox 611 2524 788 2549; x_wconf 87' lang='lat' dir='ltr'><strong>sementem</strong></span> <span class='ocrx_word' id='word_1_376' title='bbox 816 2518 932 2548; x_wconf 77' lang='lat' dir='ltr'><strong>factam</strong></span> <span class='ocrx_word' id='word_1_377' title='bbox 956 2516 1057 2547; x_wconf 82' lang='lat' dir='ltr'><strong>herba</strong></span> <span class='ocrx_word' id='word_1_378' title='bbox 1079 2527 1176 2557; x_wconf 87' lang='lat' dir='ltr'><strong>appa-</strong></span> 
     </span>
     <span class='ocr_line' id='line_1_53' title="bbox 205 2557 1176 2600; baseline 0.005 -15"><span class='ocrx_word' id='word_1_379' title='bbox 205 2562 286 2586; x_wconf 80' lang='lat' dir='ltr'><strong>reat.</strong></span> <span class='ocrx_word' id='word_1_380' title='bbox 326 2557 444 2597; x_wconf 77' lang='lat' dir='ltr'><strong>Tertio⁷</strong></span> <span class='ocrx_word' id='word_1_381' title='bbox 467 2564 504 2589; x_wconf 92' lang='lat' dir='ltr'><strong>ut</strong></span> <span class='ocrx_word' id='word_1_382' title='bbox 526 2560 729 2599; x_wconf 85' lang='lat' dir='ltr'><strong>quotidianas</strong></span> <span class='ocrx_word' id='word_1_383' title='bbox 752 2564 906 2600; x_wconf 87' lang='lat' dir='ltr'><strong>sequatur</strong></span> <span class='ocrx_word' id='word_1_384' title='bbox 929 2560 1176 2598; x_wconf 88' lang='lat' dir='ltr'><strong>incrementum,</strong></span> 
     </span>
     <span class='ocr_line' id='line_1_54' title="bbox 206 2596 1176 2643; baseline 0.006 -15"><span class='ocrx_word' id='word_1_385' title='bbox 206 2596 344 2640; x_wconf 79' lang='grc' dir='ltr'>βοτάνην</span> <span class='ocrx_word' id='word_1_386' title='bbox 363 2599 505 2640; x_wconf 77' lang='grc' dir='ltr'>εὔθετον,</span> <span class='ocrx_word' id='word_1_387' title='bbox 529 2602 583 2632; x_wconf 89' lang='lat' dir='ltr'><strong>alii</strong></span> <span class='ocrx_word' id='word_1_388' title='bbox 607 2610 820 2643; x_wconf 86' lang='lat' dir='ltr'><strong>opportunam</strong></span> <span class='ocrx_word' id='word_1_389' title='bbox 844 2608 990 2642; x_wconf 86' lang='lat' dir='ltr'><strong>vertunt,</strong></span> <span class='ocrx_word' id='word_1_390' title='bbox 1013 2602 1067 2633; x_wconf 86' lang='lat' dir='ltr'><strong>alii</strong></span> <span class='ocrx_word' id='word_1_391' title='bbox 1091 2612 1176 2634; x_wconf 92' lang='lat' dir='ltr'><strong>com-</strong></span> 
     </span>
     <span class='ocr_line' id='line_1_55' title="bbox 206 2641 1177 2686; baseline 0.005 -14"><span class='ocrx_word' id='word_1_392' title='bbox 206 2641 345 2673; x_wconf 85' lang='lat' dir='ltr'><strong>modam.</strong></span> <span class='ocrx_word' id='word_1_393' title='bbox 390 2642 536 2682; x_wconf 82' lang='lat' dir='ltr'><strong>Utraque</strong></span> <span class='ocrx_word' id='word_1_394' title='bbox 566 2645 757 2685; x_wconf 85' lang='lat' dir='ltr'><strong>significatio</strong></span> <span class='ocrx_word' id='word_1_395' title='bbox 792 2646 960 2677; x_wconf 88' lang='lat' dir='ltr'><strong>convenit:</strong></span> <span class='ocrx_word' id='word_1_396' title='bbox 1000 2645 1055 2676; x_wconf 87' lang='lat' dir='ltr'><strong>sed</strong></span> <span class='ocrx_word' id='word_1_397' title='bbox 1087 2648 1177 2686; x_wconf 91' lang='lat' dir='ltr'><strong>prior</strong></span> 
     </span>
    </p>
   </div>
   <div class='ocr_carea' id='block_1_5' title="bbox 1203 201 1210 1887">
    <p class='ocr_par' dir='ltr' id='par_1_5' title="bbox 1203 201 1210 1887">
     <span class='ocr_line' id='line_1_56' title="bbox 1203 201 1210 1887; baseline 0 0"><span class='ocrx_word' id='word_1_398' title='bbox 1203 201 1210 1887; x_wconf 95' lang='lat' dir='ltr'><strong> </strong></span> 
     </span>
    </p>
   </div>
   <div class='ocr_carea' id='block_1_6' title="bbox 1230 290 2211 2685">
    <p class='ocr_par' dir='ltr' id='par_1_6' title="bbox 1231 290 2205 416">
     <span class='ocr_line' id='line_1_57' title="bbox 1231 290 2204 331; baseline 0.005 -11"><span class='ocrx_word' id='word_1_399' title='bbox 1231 290 1269 320; x_wconf 85' lang='lat' dir='ltr'><strong>ad</strong></span> <span class='ocrx_word' id='word_1_400' title='bbox 1300 295 1436 330; x_wconf 88' lang='lat' dir='ltr'><strong>tempus,</strong></span> <span class='ocrx_word' id='word_1_401' title='bbox 1468 290 1622 330; x_wconf 84' lang='lat' dir='ltr'><strong>posterior</strong></span> <span class='ocrx_word' id='word_1_402' title='bbox 1654 291 1693 322; x_wconf 88' lang='lat' dir='ltr'><strong>ad</strong></span> <span class='ocrx_word' id='word_1_403' title='bbox 1725 292 1913 331; x_wconf 82' lang='lat' dir='ltr'><strong>qualitatem</strong></span> <span class='ocrx_word' id='word_1_404' title='bbox 1941 292 2110 324; x_wconf 85' lang='lat' dir='ltr'><strong>referenda</strong></span> <span class='ocrx_word' id='word_1_405' title='bbox 2134 294 2204 325; x_wconf 84' lang='lat' dir='ltr'><strong>erit.</strong></span> 
     </span>
     <span class='ocr_line' id='line_1_58' title="bbox 1231 332 2205 375; baseline 0.004 -12"><span class='ocrx_word' id='word_1_406' title='bbox 1231 332 1356 364; x_wconf 81' lang='lat' dir='ltr'><strong>Sensus</strong></span> <span class='ocrx_word' id='word_1_407' title='bbox 1390 333 1590 373; x_wconf 84' lang='lat' dir='ltr'><strong>allegoricos,</strong></span> <span class='ocrx_word' id='word_1_408' title='bbox 1623 334 1739 374; x_wconf 92' lang='lat' dir='ltr'><strong>quibus</strong></span> <span class='ocrx_word' id='word_1_409' title='bbox 1773 334 1825 365; x_wconf 87' lang='lat' dir='ltr'><strong>hic</strong></span> <span class='ocrx_word' id='word_1_410' title='bbox 1854 335 1971 366; x_wconf 91' lang='lat' dir='ltr'><strong>ludunt</strong></span> <span class='ocrx_word' id='word_1_411' title='bbox 2001 335 2205 375; x_wconf 84' lang='lat' dir='ltr'><strong>interpretes,</strong></span> 
     </span>
     <span class='ocr_line' id='line_1_59' title="bbox 1231 375 2098 416; baseline 0.005 -11"><span class='ocrx_word' id='word_1_412' title='bbox 1231 375 1353 413; x_wconf 86' lang='lat' dir='ltr'><strong>omitto,</strong></span> <span class='ocrx_word' id='word_1_413' title='bbox 1377 375 1453 413; x_wconf 83' lang='lat' dir='ltr'><strong>quia</strong></span> <span class='ocrx_word' id='word_1_414' title='bbox 1477 386 1494 406; x_wconf 88' lang='lat' dir='ltr'><strong>a</strong></span> <span class='ocrx_word' id='word_1_415' title='bbox 1518 381 1625 407; x_wconf 89' lang='lat' dir='ltr'><strong>mente</strong></span> <span class='ocrx_word' id='word_1_416' title='bbox 1647 378 1814 416; x_wconf 86' lang='lat' dir='ltr'><strong>scriptoris</strong></span> <span class='ocrx_word' id='word_1_417' title='bbox 1839 378 1948 416; x_wconf 89' lang='lat' dir='ltr'><strong>procul</strong></span> <span class='ocrx_word' id='word_1_418' title='bbox 1972 378 2098 409; x_wconf 86' lang='lat' dir='ltr'><strong>absunt.</strong></span> 
     </span>
    </p>

    <p class='ocr_par' dir='ltr' id='par_1_7' title="bbox 1231 417 2208 1046">
     <span class='ocr_line' id='line_1_60' title="bbox 1316 417 2205 461; baseline 0.004 -13"><span class='ocrx_word' id='word_1_419' title='bbox 1316 418 1346 449; x_wconf 85' lang='lat'><strong>9.</strong></span> <span class='ocrx_word' id='word_1_420' title='bbox 1370 417 1522 449; x_wconf 78' lang='lat' dir='ltr'><strong>Persuasi</strong></span> <span class='ocrx_word' id='word_1_421' title='bbox 1545 421 1646 450; x_wconf 83' lang='lat' dir='ltr'><strong>autem</strong></span> <span class='ocrx_word' id='word_1_422' title='bbox 1668 429 1788 451; x_wconf 82' lang='lat' dir='ltr'><strong>sumus.</strong></span> <span class='ocrx_word' id='word_1_423' title='bbox 1825 420 1910 459; x_wconf 83' lang='lat' dir='ltr'><strong>Quia</strong></span> <span class='ocrx_word' id='word_1_424' title='bbox 1933 421 2116 461; x_wconf 86' lang='lat' dir='ltr'><strong>superiores</strong></span> <span class='ocrx_word' id='word_1_425' title='bbox 2136 432 2205 453; x_wconf 86' lang='lat' dir='ltr'><strong>sen-</strong></span> 
     </span>
     <span class='ocr_line' id='line_1_61' title="bbox 1231 461 2205 504; baseline 0.006 -15"><span class='ocrx_word' id='word_1_426' title='bbox 1231 461 1351 491; x_wconf 86' lang='lat' dir='ltr'><strong>tentiae</strong></span> <span class='ocrx_word' id='word_1_427' title='bbox 1374 461 1465 500; x_wconf 88' lang='lat' dir='ltr'><strong>quasi</strong></span> <span class='ocrx_word' id='word_1_428' title='bbox 1489 461 1624 493; x_wconf 83' lang='lat' dir='ltr'><strong>fulmina</strong></span> <span class='ocrx_word' id='word_1_429' title='bbox 1647 462 1788 499; x_wconf 79' lang='lat' dir='ltr'><strong>fuerunt,</strong></span> <span class='ocrx_word' id='word_1_430' title='bbox 1812 463 1927 502; x_wconf 89' lang='lat' dir='ltr'><strong>quibus</strong></span> <span class='ocrx_word' id='word_1_431' title='bbox 1951 464 2132 494; x_wconf 79' lang='lat' dir='ltr'><strong>exanimari</strong></span> <span class='ocrx_word' id='word_1_432' title='bbox 2153 474 2205 504; x_wconf 90' lang='lat' dir='ltr'><strong>po-</strong></span> 
     </span>
     <span class='ocr_line' id='line_1_62' title="bbox 1232 502 2206 546; baseline 0.006 -14"><span class='ocrx_word' id='word_1_433' title='bbox 1232 508 1340 533; x_wconf 88' lang='lat' dir='ltr'><strong>terant</strong></span> <span class='ocrx_word' id='word_1_434' title='bbox 1363 502 1508 541; x_wconf 90' lang='lat' dir='ltr'><strong>lectores,</strong></span> <span class='ocrx_word' id='word_1_435' title='bbox 1533 505 1743 545; x_wconf 85' lang='lat' dir='ltr'><strong>temperanda</strong></span> <span class='ocrx_word' id='word_1_436' title='bbox 1766 505 1826 536; x_wconf 85' lang='lat' dir='ltr'><strong>fuit</strong></span> <span class='ocrx_word' id='word_1_437' title='bbox 1850 505 1905 536; x_wconf 81' lang='lat' dir='ltr'><strong>illa</strong></span> <span class='ocrx_word' id='word_1_438' title='bbox 1928 506 2102 546; x_wconf 83' lang='lat' dir='ltr'><strong>asperitas:</strong></span> <span class='ocrx_word' id='word_1_439' title='bbox 2135 507 2206 538; x_wconf 87' lang='lat' dir='ltr'><strong>ideo</strong></span> 
     </span>
     <span class='ocr_line' id='line_1_63' title="bbox 1232 546 2207 588; baseline 0.005 -13"><span class='ocrx_word' id='word_1_440' title='bbox 1232 555 1318 576; x_wconf 91' lang='lat' dir='ltr'><strong>nunc</strong></span> <span class='ocrx_word' id='word_1_441' title='bbox 1353 546 1430 577; x_wconf 90' lang='lat' dir='ltr'><strong>dicit</strong></span> <span class='ocrx_word' id='word_1_442' title='bbox 1461 557 1523 576; x_wconf 94' lang='lat' dir='ltr'><strong>non</strong></span> <span class='ocrx_word' id='word_1_443' title='bbox 1555 548 1602 577; x_wconf 84' lang='lat' dir='ltr'><strong>ita</strong></span> <span class='ocrx_word' id='word_1_444' title='bbox 1631 558 1665 579; x_wconf 88' lang='lat' dir='ltr'><strong>se</strong></span> <span class='ocrx_word' id='word_1_445' title='bbox 1696 547 1875 588; x_wconf 86' lang='lat' dir='ltr'><strong>loquutum‚</strong></span> <span class='ocrx_word' id='word_1_446' title='bbox 1911 549 2002 588; x_wconf 89' lang='lat' dir='ltr'><strong>quasi</strong></span> <span class='ocrx_word' id='word_1_447' title='bbox 2037 549 2133 580; x_wconf 89' lang='lat' dir='ltr'><strong>talem</strong></span> <span class='ocrx_word' id='word_1_448' title='bbox 2169 549 2207 580; x_wconf 82' lang='lat' dir='ltr'><strong>de</strong></span> 
     </span>
     <span class='ocr_line' id='line_1_64' title="bbox 1232 588 2207 632; baseline 0.006 -15"><span class='ocrx_word' id='word_1_449' title='bbox 1232 588 1312 627; x_wconf 87' lang='lat' dir='ltr'><strong>ipsis</strong></span> <span class='ocrx_word' id='word_1_450' title='bbox 1341 589 1525 628; x_wconf 86' lang='lat' dir='ltr'><strong>opinionem</strong></span> <span class='ocrx_word' id='word_1_451' title='bbox 1556 591 1747 630; x_wconf 85' lang='lat' dir='ltr'><strong>conceperit.</strong></span> <span class='ocrx_word' id='word_1_452' title='bbox 1793 591 1836 621; x_wconf 88' lang='lat' dir='ltr'><strong>Et</strong></span> <span class='ocrx_word' id='word_1_453' title='bbox 1865 597 1951 622; x_wconf 86' lang='lat' dir='ltr'><strong>certe</strong></span> <span class='ocrx_word' id='word_1_454' title='bbox 1983 593 2129 632; x_wconf 91' lang='lat' dir='ltr'><strong>quisquis</strong></span> <span class='ocrx_word' id='word_1_455' title='bbox 2152 591 2207 623; x_wconf 91' lang='lat' dir='ltr'><strong>do-</strong></span> 
     </span>
     <span class='ocr_line' id='line_1_65' title="bbox 1232 630 2206 672; baseline 0.007 -12"><span class='ocrx_word' id='word_1_456' title='bbox 1232 630 1332 661; x_wconf 91' lang='lat' dir='ltr'><strong>cendo</strong></span> <span class='ocrx_word' id='word_1_457' title='bbox 1354 631 1506 670; x_wconf 84' lang='lat' dir='ltr'><strong>prodesse</strong></span> <span class='ocrx_word' id='word_1_458' title='bbox 1529 633 1626 672; x_wconf 82' lang='lat' dir='ltr'><strong>cupit,</strong></span> <span class='ocrx_word' id='word_1_459' title='bbox 1658 633 1704 665; x_wconf 90' lang='lat' dir='ltr'><strong>sic</strong></span> <span class='ocrx_word' id='word_1_460' title='bbox 1734 638 1873 665; x_wconf 83' lang='lat' dir='ltr'><strong>tractare</strong></span> <span class='ocrx_word' id='word_1_461' title='bbox 1897 633 1991 664; x_wconf 88' lang='lat' dir='ltr'><strong>debet</strong></span> <span class='ocrx_word' id='word_1_462' title='bbox 2014 644 2089 666; x_wconf 87' lang='lat' dir='ltr'><strong>suos</strong></span> <span class='ocrx_word' id='word_1_463' title='bbox 2113 635 2206 667; x_wconf 88' lang='lat' dir='ltr'><strong>disci-</strong></span> 
     </span>
     <span class='ocr_line' id='line_1_66' title="bbox 1234 673 2207 717; baseline 0.006 -15"><span class='ocrx_word' id='word_1_464' title='bbox 1234 673 1334 711; x_wconf 87' lang='lat' dir='ltr'><strong>pulos,</strong></span> <span class='ocrx_word' id='word_1_465' title='bbox 1364 679 1401 703; x_wconf 85' lang='lat' dir='ltr'><strong>ut.</strong></span> <span class='ocrx_word' id='word_1_466' title='bbox 1430 675 1573 705; x_wconf 89' lang='lat' dir='ltr'><strong>animum</strong></span> <span class='ocrx_word' id='word_1_467' title='bbox 1604 675 1669 707; x_wconf 91' lang='lat' dir='ltr'><strong>illis</strong></span> <span class='ocrx_word' id='word_1_468' title='bbox 1698 686 1825 716; x_wconf 86' lang='lat' dir='ltr'><strong>semper</strong></span> <span class='ocrx_word' id='word_1_469' title='bbox 1853 675 1950 707; x_wconf 90' lang='lat' dir='ltr'><strong>addat</strong></span> <span class='ocrx_word' id='word_1_470' title='bbox 1981 677 2086 716; x_wconf 88' lang='lat' dir='ltr'><strong>potius</strong></span> <span class='ocrx_word' id='word_1_471' title='bbox 2110 688 2207 717; x_wconf 84' lang='lat' dir='ltr'><strong>quam</strong></span> 
     </span>
     <span class='ocr_line' id='line_1_67' title="bbox 1233 714 2208 762; baseline 0.007 -19"><span class='ocrx_word' id='word_1_472' title='bbox 1233 714 1398 762; x_wconf 76' lang='lat' dir='ltr'><strong>diminuat.</strong></span> <span class='ocrx_word' id='word_1_473' title='bbox 1445 716 1536 748; x_wconf 90' lang='lat' dir='ltr'><strong>Nihil</strong></span> <span class='ocrx_word' id='word_1_474' title='bbox 1569 719 1653 749; x_wconf 92' lang='lat' dir='ltr'><strong>enim</strong></span> <span class='ocrx_word' id='word_1_475' title='bbox 1685 725 1733 750; x_wconf 92' lang='lat' dir='ltr'><strong>est</strong></span> <span class='ocrx_word' id='word_1_476' title='bbox 1762 719 1846 759; x_wconf 92' lang='lat' dir='ltr'><strong>quod</strong></span> <span class='ocrx_word' id='word_1_477' title='bbox 1878 729 1936 750; x_wconf 84' lang='lat' dir='ltr'><strong>nos</strong></span> <span class='ocrx_word' id='word_1_478' title='bbox 1965 720 2068 759; x_wconf 88' lang='lat' dir='ltr'><strong>magis</strong></span> <span class='ocrx_word' id='word_1_479' title='bbox 2090 720 2208 751; x_wconf 87' lang='lat' dir='ltr'><strong>alienet</strong></span> 
     </span>
     <span class='ocr_line' id='line_1_68' title="bbox 1233 756 2207 801; baseline 0.008 -15"><span class='ocrx_word' id='word_1_480' title='bbox 1233 756 1274 787; x_wconf 86' lang='lat' dir='ltr'><strong>ab</strong></span> <span class='ocrx_word' id='word_1_481' title='bbox 1298 757 1459 788; x_wconf 84' lang='lat' dir='ltr'><strong>audienda</strong></span> <span class='ocrx_word' id='word_1_482' title='bbox 1483 760 1636 799; x_wconf 83' lang='lat' dir='ltr'><strong>doctrina,</strong></span> <span class='ocrx_word' id='word_1_483' title='bbox 1666 771 1764 801; x_wconf 90' lang='lat' dir='ltr'><strong>quam</strong></span> <span class='ocrx_word' id='word_1_484' title='bbox 1795 762 1873 793; x_wconf 90' lang='lat' dir='ltr'><strong>dum</strong></span> <span class='ocrx_word' id='word_1_485' title='bbox 1896 761 2044 793; x_wconf 86' lang='lat' dir='ltr'><strong>videmus</strong></span> <span class='ocrx_word' id='word_1_486' title='bbox 2068 773 2126 794; x_wconf 88' lang='lat' dir='ltr'><strong>nos</strong></span> <span class='ocrx_word' id='word_1_487' title='bbox 2150 763 2207 794; x_wconf 85' lang='lat' dir='ltr'><strong>ha·</strong></span> 
     </span>
     <span class='ocr_line' id='line_1_69' title="bbox 1234 799 2207 846; baseline 0.007 -17"><span class='ocrx_word' id='word_1_488' title='bbox 1234 799 1301 830; x_wconf 88' lang='lat' dir='ltr'><strong>beri</strong></span> <span class='ocrx_word' id='word_1_489' title='bbox 1341 810 1398 839; x_wconf 93' lang='lat' dir='ltr'><strong>pro</strong></span> <span class='ocrx_word' id='word_1_490' title='bbox 1432 800 1619 841; x_wconf 85' lang='lat' dir='ltr'><strong>desperatis.</strong></span> <span class='ocrx_word' id='word_1_491' title='bbox 1675 805 1830 836; x_wconf 82' lang='lat' dir='ltr'><strong>Testatur</strong></span> <span class='ocrx_word' id='word_1_492' title='bbox 1865 815 1941 846; x_wconf 89' lang='lat' dir='ltr'><strong>ergo</strong></span> <span class='ocrx_word' id='word_1_493' title='bbox 1976 805 2141 845; x_wconf 84' lang='lat' dir='ltr'><strong>apostolus</strong></span> <span class='ocrx_word' id='word_1_494' title='bbox 2173 816 2207 837; x_wconf 90' lang='lat' dir='ltr'><strong>se</strong></span> 
     </span>
     <span class='ocr_line' id='line_1_70' title="bbox 1232 842 2208 888; baseline 0.007 -16"><span class='ocrx_word' id='word_1_495' title='bbox 1232 842 1303 873; x_wconf 90' lang='lat' dir='ltr'><strong>ideo</strong></span> <span class='ocrx_word' id='word_1_496' title='bbox 1338 852 1472 873; x_wconf 87' lang='lat' dir='ltr'><strong>monere</strong></span> <span class='ocrx_word' id='word_1_497' title='bbox 1504 844 1657 883; x_wconf 89' lang='lat' dir='ltr'><strong>Iudaeos,</strong></span> <span class='ocrx_word' id='word_1_498' title='bbox 1692 848 1769 887; x_wconf 90' lang='lat' dir='ltr'><strong>quia</strong></span> <span class='ocrx_word' id='word_1_499' title='bbox 1803 847 1842 879; x_wconf 89' lang='lat' dir='ltr'><strong>de</strong></span> <span class='ocrx_word' id='word_1_500' title='bbox 1876 848 1939 879; x_wconf 89' lang='lat' dir='ltr'><strong>illis</strong></span> <span class='ocrx_word' id='word_1_501' title='bbox 1975 847 2057 879; x_wconf 90' lang='lat' dir='ltr'><strong>bene</strong></span> <span class='ocrx_word' id='word_1_502' title='bbox 2090 852 2208 888; x_wconf 88' lang='lat' dir='ltr'><strong>speret,</strong></span> 
     </span>
     <span class='ocr_line' id='line_1_71' title="bbox 1233 885 2207 931; baseline 0.008 -17"><span class='ocrx_word' id='word_1_503' title='bbox 1233 892 1330 925; x_wconf 86' lang='lat' dir='ltr'><strong>atque</strong></span> <span class='ocrx_word' id='word_1_504' title='bbox 1353 885 1392 916; x_wconf 88' lang='lat' dir='ltr'><strong>ad</strong></span> <span class='ocrx_word' id='word_1_505' title='bbox 1416 885 1552 916; x_wconf 88' lang='lat' dir='ltr'><strong>salutem</strong></span> <span class='ocrx_word' id='word_1_506' title='bbox 1576 888 1738 920; x_wconf 87' lang='lat' dir='ltr'><strong>adducere</strong></span> <span class='ocrx_word' id='word_1_507' title='bbox 1757 891 1872 930; x_wconf 88' lang='lat' dir='ltr'><strong>cupiat.</strong></span> <span class='ocrx_word' id='word_1_508' title='bbox 1910 890 1997 922; x_wconf 91' lang='lat' dir='ltr'><strong>Hinc</strong></span> <span class='ocrx_word' id='word_1_509' title='bbox 2013 890 2207 931; x_wconf 84' lang='lat' dir='ltr'><strong>colligimus,</strong></span> 
     </span>
     <span class='ocr_line' id='line_1_72' title="bbox 1233 928 2208 972; baseline 0.008 -15"><span class='ocrx_word' id='word_1_510' title='bbox 1233 939 1297 959; x_wconf 90' lang='lat' dir='ltr'><strong>non</strong></span> <span class='ocrx_word' id='word_1_511' title='bbox 1340 928 1493 967; x_wconf 91' lang='lat' dir='ltr'><strong>reprobos</strong></span> <span class='ocrx_word' id='word_1_512' title='bbox 1527 932 1653 961; x_wconf 87' lang='lat' dir='ltr'><strong>tantum</strong></span> <span class='ocrx_word' id='word_1_513' title='bbox 1689 942 1801 972; x_wconf 91' lang='lat' dir='ltr'><strong>aspere</strong></span> <span class='ocrx_word' id='word_1_514' title='bbox 1835 939 1866 964; x_wconf 87' lang='lat' dir='ltr'><strong>et</strong></span> <span class='ocrx_word' id='word_1_515' title='bbox 1900 934 1967 964; x_wconf 92' lang='lat' dir='ltr'><strong>acri</strong></span> <span class='ocrx_word' id='word_1_516' title='bbox 2001 933 2208 965; x_wconf 86' lang='lat' dir='ltr'><strong>vehementia</strong></span> 
     </span>
     <span class='ocr_line' id='line_1_73' title="bbox 1233 971 2208 1017; baseline 0.007 -16"><span class='ocrx_word' id='word_1_517' title='bbox 1233 971 1451 1011; x_wconf 85' lang='lat' dir='ltr'><strong>obiurgandos</strong></span> <span class='ocrx_word' id='word_1_518' title='bbox 1474 981 1553 1010; x_wconf 86' lang='lat' dir='ltr'><strong>esse,</strong></span> <span class='ocrx_word' id='word_1_519' title='bbox 1579 973 1634 1003; x_wconf 92' lang='lat' dir='ltr'><strong>sed</strong></span> <span class='ocrx_word' id='word_1_520' title='bbox 1659 974 1777 1006; x_wconf 89' lang='lat' dir='ltr'><strong>electos</strong></span> <span class='ocrx_word' id='word_1_521' title='bbox 1799 986 1923 1016; x_wconf 93' lang='lat' dir='ltr'><strong>quoque</strong></span> <span class='ocrx_word' id='word_1_522' title='bbox 1946 976 2042 1017; x_wconf 66' lang='lat' dir='ltr'><strong>ipsmz,</strong></span> <span class='ocrx_word' id='word_1_523' title='bbox 2073 979 2106 1007; x_wconf 86' lang='lat' dir='ltr'><strong>et</strong></span> <span class='ocrx_word' id='word_1_524' title='bbox 2128 987 2208 1017; x_wconf 85' lang='lat' dir='ltr'><strong>quos</strong></span> 
     </span>
     <span class='ocr_line' id='line_1_74' title="bbox 1233 1013 1651 1046; baseline 0.007 -3"><span class='ocrx_word' id='word_1_525' title='bbox 1233 1014 1266 1044; x_wconf 90' lang='lat' dir='ltr'><strong>in</strong></span> <span class='ocrx_word' id='word_1_526' title='bbox 1291 1013 1364 1044; x_wconf 90' lang='lat' dir='ltr'><strong>filiis</strong></span> <span class='ocrx_word' id='word_1_527' title='bbox 1387 1013 1449 1044; x_wconf 91' lang='lat' dir='ltr'><strong>Dei</strong></span> <span class='ocrx_word' id='word_1_528' title='bbox 1473 1024 1651 1046; x_wconf 87' lang='lat' dir='ltr'><strong>censemus.</strong></span> 
     </span>
    </p>

    <p class='ocr_par' dir='ltr' id='par_1_8' title="bbox 1230 1056 2211 2685">
     <span class='ocr_line' id='line_1_75' title="bbox 1321 1056 2208 1093; baseline 0.008 -7"><span class='ocrx_word' id='word_1_529' title='bbox 1321 1056 1372 1087; x_wconf 92' lang='lat'><strong>10.</strong></span> <span class='ocrx_word' id='word_1_530' title='bbox 1397 1056 1469 1088; x_wconf 76' lang='lat' dir='ltr'><strong>Nou</strong></span> <span class='ocrx_word' id='word_1_531' title='bbox 1493 1058 1574 1088; x_wconf 77' lang='lat' dir='ltr'><strong>enim</strong></span> <span class='ocrx_word' id='word_1_532' title='bbox 1598 1058 1744 1091; x_wconf 73' lang='lat' dir='ltr'><strong>iniustus,</strong></span> <span class='ocrx_word' id='word_1_533' title='bbox 1779 1060 1868 1092; x_wconf 89' lang='lat' dir='ltr'><strong>Haec</strong></span> <span class='ocrx_word' id='word_1_534' title='bbox 1892 1061 1990 1093; x_wconf 83' lang='lat' dir='ltr'><strong>verba</strong></span> <span class='ocrx_word' id='word_1_535' title='bbox 2014 1061 2208 1093; x_wconf 85' lang='lat' dir='ltr'><strong>tantundem</strong></span> 
     </span>
     <span class='ocr_line' id='line_1_76' title="bbox 1233 1099 2207 1144; baseline 0.005 -13"><span class='ocrx_word' id='word_1_536' title='bbox 1233 1099 1345 1131; x_wconf 86' lang='lat' dir='ltr'><strong>valent</strong></span> <span class='ocrx_word' id='word_1_537' title='bbox 1376 1109 1413 1130; x_wconf 90' lang='lat' dir='ltr'><strong>ac</strong></span> <span class='ocrx_word' id='word_1_538' title='bbox 1436 1100 1461 1130; x_wconf 83' lang='lat' dir='ltr'><strong>si</strong></span> <span class='ocrx_word' id='word_1_539' title='bbox 1494 1099 1624 1138; x_wconf 90' lang='lat' dir='ltr'><strong>diceret,</strong></span> <span class='ocrx_word' id='word_1_540' title='bbox 1656 1112 1696 1132; x_wconf 86' lang='lat' dir='ltr'><strong>ex</strong></span> <span class='ocrx_word' id='word_1_541' title='bbox 1727 1103 1818 1134; x_wconf 86' lang='lat' dir='ltr'><strong>bonis</strong></span> <span class='ocrx_word' id='word_1_542' title='bbox 1848 1104 2011 1144; x_wconf 88' lang='lat' dir='ltr'><strong>principiis</strong></span> <span class='ocrx_word' id='word_1_543' title='bbox 2030 1115 2065 1135; x_wconf 89' lang='lat' dir='ltr'><strong>se</strong></span> <span class='ocrx_word' id='word_1_544' title='bbox 2088 1105 2207 1136; x_wconf 89' lang='lat' dir='ltr'><strong>bonum</strong></span> 
     </span>
     <span class='ocr_line' id='line_1_77' title="bbox 1232 1142 2208 1187; baseline 0.004 -13"><span class='ocrx_word' id='word_1_545' title='bbox 1232 1143 1331 1174; x_wconf 88' lang='lat' dir='ltr'><strong>finem</strong></span> <span class='ocrx_word' id='word_1_546' title='bbox 1355 1152 1496 1182; x_wconf 87' lang='lat' dir='ltr'><strong>sperare.</strong></span> <span class='ocrx_word' id='word_1_547' title='bbox 1542 1142 1607 1175; x_wconf 86' lang='lat' dir='ltr'><strong>Sed</strong></span> <span class='ocrx_word' id='word_1_548' title='bbox 1632 1144 1708 1176; x_wconf 91' lang='lat' dir='ltr'><strong>hinc</strong></span> <span class='ocrx_word' id='word_1_549' title='bbox 1732 1147 1877 1177; x_wconf 89' lang='lat' dir='ltr'><strong>nascitur</strong></span> <span class='ocrx_word' id='word_1_550' title='bbox 1907 1147 2091 1187; x_wconf 73' lang='lat' dir='ltr'><strong>difficultas,</strong></span> <span class='ocrx_word' id='word_1_551' title='bbox 2123 1147 2208 1187; x_wconf 87' lang='lat' dir='ltr'><strong>quod</strong></span> 
     </span>
     <span class='ocr_line' id='line_1_78' title="bbox 1234 1184 2208 1231; baseline 0.005 -15"><span class='ocrx_word' id='word_1_552' title='bbox 1234 1186 1364 1217; x_wconf 87' lang='lat' dir='ltr'><strong>videtur</strong></span> <span class='ocrx_word' id='word_1_553' title='bbox 1394 1184 1562 1217; x_wconf 91' lang='lat' dir='ltr'><strong>hominum</strong></span> <span class='ocrx_word' id='word_1_554' title='bbox 1595 1188 1708 1219; x_wconf 82' lang='lat' dir='ltr'><strong>officiis</strong></span> <span class='ocrx_word' id='word_1_555' title='bbox 1731 1187 1838 1219; x_wconf 88' lang='lat' dir='ltr'><strong>Deum</strong></span> <span class='ocrx_word' id='word_1_556' title='bbox 1868 1189 2080 1230; x_wconf 87' lang='lat' dir='ltr'><strong>obstringere.</strong></span> <span class='ocrx_word' id='word_1_557' title='bbox 2126 1190 2208 1231; x_wconf 84' lang='lat' dir='ltr'><strong>Ego,</strong></span> 
     </span>
     <span class='ocr_line' id='line_1_79' title="bbox 1234 1228 2206 1272; baseline 0.005 -13"><span class='ocrx_word' id='word_1_558' title='bbox 1234 1229 1347 1268; x_wconf 87' lang='lat' dir='ltr'><strong>inquit,</strong></span> <span class='ocrx_word' id='word_1_559' title='bbox 1379 1228 1418 1259; x_wconf 92' lang='lat' dir='ltr'><strong>de</strong></span> <span class='ocrx_word' id='word_1_560' title='bbox 1449 1230 1554 1260; x_wconf 88' lang='lat' dir='ltr'><strong>salute</strong></span> <span class='ocrx_word' id='word_1_561' title='bbox 1578 1236 1686 1261; x_wconf 83' lang='lat' dir='ltr'><strong>vestra</strong></span> <span class='ocrx_word' id='word_1_562' title='bbox 1709 1241 1782 1262; x_wconf 90' lang='lat' dir='ltr'><strong>sum</strong></span> <span class='ocrx_word' id='word_1_563' title='bbox 1805 1241 1988 1271; x_wconf 86' lang='lat' dir='ltr'><strong>persuasus,</strong></span> <span class='ocrx_word' id='word_1_564' title='bbox 2021 1234 2094 1272; x_wconf 84' lang='lat' dir='ltr'><strong>quia</strong></span> <span class='ocrx_word' id='word_1_565' title='bbox 2118 1233 2206 1264; x_wconf 86' lang='lat' dir='ltr'><strong>Deus</strong></span> 
     </span>
     <span class='ocr_line' id='line_1_80' title="bbox 1234 1275 2209 1314; baseline 0.006 -13"><span class='ocrx_word' id='word_1_566' title='bbox 1234 1281 1367 1311; x_wconf 90' lang='lat' dir='ltr'><strong>operum</strong></span> <span class='ocrx_word' id='word_1_567' title='bbox 1400 1277 1582 1303; x_wconf 85' lang='lat' dir='ltr'><strong>vestrorum</strong></span> <span class='ocrx_word' id='word_1_568' title='bbox 1614 1283 1679 1304; x_wconf 91' lang='lat' dir='ltr'><strong>non</strong></span> <span class='ocrx_word' id='word_1_569' title='bbox 1710 1278 1817 1314; x_wconf 88' lang='lat' dir='ltr'><strong>potest</strong></span> <span class='ocrx_word' id='word_1_570' title='bbox 1839 1275 1997 1306; x_wconf 88' lang='lat' dir='ltr'><strong>oblivisci:</strong></span> <span class='ocrx_word' id='word_1_571' title='bbox 2033 1275 2092 1307; x_wconf 91' lang='lat' dir='ltr'><strong>hoc</strong></span> <span class='ocrx_word' id='word_1_572' title='bbox 2115 1275 2209 1307; x_wconf 88' lang='lat' dir='ltr'><strong>modo</strong></span> 
     </span>
     <span class='ocr_line' id='line_1_81' title="bbox 1234 1314 2210 1357; baseline 0.005 -12"><span class='ocrx_word' id='word_1_573' title='bbox 1234 1314 1364 1345; x_wconf 88' lang='lat' dir='ltr'><strong>videtur</strong></span> <span class='ocrx_word' id='word_1_574' title='bbox 1404 1324 1514 1345; x_wconf 91' lang='lat' dir='ltr'><strong>eorum</strong></span> <span class='ocrx_word' id='word_1_575' title='bbox 1558 1315 1696 1347; x_wconf 87' lang='lat' dir='ltr'><strong>salutem</strong></span> <span class='ocrx_word' id='word_1_576' title='bbox 1734 1317 1769 1348; x_wconf 92' lang='lat' dir='ltr'><strong>in</strong></span> <span class='ocrx_word' id='word_1_577' title='bbox 1804 1318 1954 1357; x_wconf 86' lang='lat' dir='ltr'><strong>operibus</strong></span> <span class='ocrx_word' id='word_1_578' title='bbox 1988 1316 2137 1355; x_wconf 87' lang='lat' dir='ltr'><strong>fundare,</strong></span> <span class='ocrx_word' id='word_1_579' title='bbox 2177 1323 2210 1350; x_wconf 90' lang='lat' dir='ltr'><strong>et</strong></span> 
     </span>
     <span class='ocr_line' id='line_1_82' title="bbox 1235 1357 2208 1401; baseline 0.005 -14"><span class='ocrx_word' id='word_1_580' title='bbox 1235 1358 1342 1388; x_wconf 91' lang='lat' dir='ltr'><strong>Deum</strong></span> <span class='ocrx_word' id='word_1_581' title='bbox 1367 1363 1509 1389; x_wconf 80' lang='lat' dir='ltr'><strong>statuere</strong></span> <span class='ocrx_word' id='word_1_582' title='bbox 1527 1357 1592 1389; x_wconf 87' lang='lat' dir='ltr'><strong>illis</strong></span> <span class='ocrx_word' id='word_1_583' title='bbox 1612 1358 1800 1390; x_wconf 88' lang='lat' dir='ltr'><strong>debitorem.</strong></span> <span class='ocrx_word' id='word_1_584' title='bbox 1834 1360 2008 1400; x_wconf 89' lang='lat' dir='ltr'><strong>Sophistae</strong></span> <span class='ocrx_word' id='word_1_585' title='bbox 2024 1361 2133 1401; x_wconf 86' lang='lat' dir='ltr'><strong>etiam,</strong></span> <span class='ocrx_word' id='word_1_586' title='bbox 2155 1361 2208 1401; x_wconf 89' lang='lat' dir='ltr'><strong>qui</strong></span> 
     </span>
     <span class='ocr_line' id='line_1_83' title="bbox 1234 1400 2209 1444; baseline 0.002 -12"><span class='ocrx_word' id='word_1_587' title='bbox 1234 1410 1368 1441; x_wconf 87' lang='lat' dir='ltr'><strong>operum</strong></span> <span class='ocrx_word' id='word_1_588' title='bbox 1402 1400 1519 1431; x_wconf 88' lang='lat' dir='ltr'><strong>merita</strong></span> <span class='ocrx_word' id='word_1_589' title='bbox 1559 1409 1726 1442; x_wconf 89' lang='lat' dir='ltr'><strong>opponunt</strong></span> <span class='ocrx_word' id='word_1_590' title='bbox 1759 1403 1823 1434; x_wconf 89' lang='lat' dir='ltr'><strong>Dei</strong></span> <span class='ocrx_word' id='word_1_591' title='bbox 1863 1403 2003 1443; x_wconf 86' lang='lat' dir='ltr'><strong>gratiae,</strong></span> <span class='ocrx_word' id='word_1_592' title='bbox 2043 1404 2209 1444; x_wconf 86' lang='lat' dir='ltr'><strong>exagitant</strong></span> 
     </span>
     <span class='ocr_line' id='line_1_84' title="bbox 1234 1443 2209 1483; baseline 0.004 -9"><span class='ocrx_word' id='word_1_593' title='bbox 1234 1443 1318 1475; x_wconf 86' lang='lat' dir='ltr'><strong>hanc</strong></span> <span class='ocrx_word' id='word_1_594' title='bbox 1349 1448 1485 1483; x_wconf 88' lang='lat' dir='ltr'><strong>partem,</strong></span> <span class='ocrx_word' id='word_1_595' title='bbox 1516 1443 1589 1474; x_wconf 93' lang='lat' dir='ltr'><strong>Non</strong></span> <span class='ocrx_word' id='word_1_596' title='bbox 1621 1452 1668 1476; x_wconf 90' lang='lat' dir='ltr'><strong>est</strong></span> <span class='ocrx_word' id='word_1_597' title='bbox 1699 1445 1838 1477; x_wconf 89' lang='lat' dir='ltr'><strong>iniustus</strong></span> <span class='ocrx_word' id='word_1_598' title='bbox 1868 1446 1968 1477; x_wconf 89' lang='lat' dir='ltr'><strong>Deus.</strong></span> <span class='ocrx_word' id='word_1_599' title='bbox 2020 1445 2103 1477; x_wconf 86' lang='lat' dir='ltr'><strong>Nam</strong></span> <span class='ocrx_word' id='word_1_600' title='bbox 2135 1446 2209 1478; x_wconf 89' lang='lat' dir='ltr'><strong>inde</strong></span> 
     </span>
     <span class='ocr_line' id='line_1_85' title="bbox 1234 1486 2210 1529; baseline 0.002 -11"><span class='ocrx_word' id='word_1_601' title='bbox 1234 1486 1393 1526; x_wconf 87' lang='lat' dir='ltr'><strong>eolligunt</strong></span> <span class='ocrx_word' id='word_1_602' title='bbox 1417 1486 1573 1517; x_wconf 89' lang='lat' dir='ltr'><strong>iniustum</strong></span> <span class='ocrx_word' id='word_1_603' title='bbox 1598 1487 1666 1518; x_wconf 85' lang='lat' dir='ltr'><strong>fore</strong></span> <span class='ocrx_word' id='word_1_604' title='bbox 1690 1488 1752 1520; x_wconf 89' lang='lat' dir='ltr'><strong>nisi</strong></span> <span class='ocrx_word' id='word_1_605' title='bbox 1777 1490 1956 1529; x_wconf 91' lang='lat' dir='ltr'><strong>praemium</strong></span> <span class='ocrx_word' id='word_1_606' title='bbox 1981 1493 2133 1520; x_wconf 83' lang='lat' dir='ltr'><strong>aeternae</strong></span> <span class='ocrx_word' id='word_1_607' title='bbox 2159 1499 2210 1520; x_wconf 88' lang='lat' dir='ltr'><strong>sa-</strong></span> 
     </span>
     <span class='ocr_line' id='line_1_86' title="bbox 1234 1529 2210 1572; baseline 0.004 -13"><span class='ocrx_word' id='word_1_608' title='bbox 1234 1529 1311 1560; x_wconf 86' lang='lat' dir='ltr'><strong>lutis</strong></span> <span class='ocrx_word' id='word_1_609' title='bbox 1341 1529 1492 1569; x_wconf 85' lang='lat' dir='ltr'><strong>operibus</strong></span> <span class='ocrx_word' id='word_1_610' title='bbox 1524 1531 1689 1569; x_wconf 90' lang='lat' dir='ltr'><strong>rependat.</strong></span> <span class='ocrx_word' id='word_1_611' title='bbox 1746 1531 1817 1572; x_wconf 87' lang='lat' dir='ltr'><strong>Ego</strong></span> <span class='ocrx_word' id='word_1_612' title='bbox 1850 1531 1992 1563; x_wconf 88' lang='lat' dir='ltr'><strong>breviter</strong></span> <span class='ocrx_word' id='word_1_613' title='bbox 2025 1531 2210 1572; x_wconf 88' lang='lat' dir='ltr'><strong>respondeo,</strong></span> 
     </span>
     <span class='ocr_line' id='line_1_87' title="bbox 1234 1572 2210 1615; baseline 0.003 -12"><span class='ocrx_word' id='word_1_614' title='bbox 1234 1572 1416 1612; x_wconf 86' lang='lat' dir='ltr'><strong>apostolum</strong></span> <span class='ocrx_word' id='word_1_615' title='bbox 1441 1583 1505 1603; x_wconf 89' lang='lat' dir='ltr'><strong>non</strong></span> <span class='ocrx_word' id='word_1_616' title='bbox 1530 1572 1583 1603; x_wconf 86' lang='lat' dir='ltr'><strong>hic</strong></span> <span class='ocrx_word' id='word_1_617' title='bbox 1612 1583 1653 1604; x_wconf 80' lang='lat' dir='ltr'><strong>ex</strong></span> <span class='ocrx_word' id='word_1_618' title='bbox 1684 1574 1827 1614; x_wconf 88' lang='lat' dir='ltr'><strong>professo</strong></span> <span class='ocrx_word' id='word_1_619' title='bbox 1859 1574 2025 1615; x_wconf 87' lang='lat' dir='ltr'><strong>disputare</strong></span> <span class='ocrx_word' id='word_1_620' title='bbox 2051 1584 2210 1615; x_wconf 86' lang='lat' dir='ltr'><strong>quaenam</strong></span> 
     </span>
     <span class='ocr_line' id='line_1_88' title="bbox 1234 1615 2211 1649; baseline 0.002 -3"><span class='ocrx_word' id='word_1_621' title='bbox 1234 1616 1277 1646; x_wconf 90' lang='lat' dir='ltr'><strong>sit</strong></span> <span class='ocrx_word' id='word_1_622' title='bbox 1299 1615 1414 1647; x_wconf 90' lang='lat' dir='ltr'><strong>salutis</strong></span> <span class='ocrx_word' id='word_1_623' title='bbox 1437 1620 1569 1647; x_wconf 89' lang='lat' dir='ltr'><strong>nostrae</strong></span> <span class='ocrx_word' id='word_1_624' title='bbox 1593 1625 1700 1648; x_wconf 86' lang='lat' dir='ltr'><strong>causa.</strong></span> <span class='ocrx_word' id='word_1_625' title='bbox 1746 1615 1824 1648; x_wconf 91' lang='lat' dir='ltr'><strong>Ideo</strong></span> <span class='ocrx_word' id='word_1_626' title='bbox 1852 1627 1917 1648; x_wconf 90' lang='lat' dir='ltr'><strong>non</strong></span> <span class='ocrx_word' id='word_1_627' title='bbox 1948 1617 2064 1649; x_wconf 88' lang='lat' dir='ltr'><strong>debere</strong></span> <span class='ocrx_word' id='word_1_628' title='bbox 2087 1627 2127 1649; x_wconf 84' lang='lat' dir='ltr'><strong>ex</strong></span> <span class='ocrx_word' id='word_1_629' title='bbox 2150 1617 2211 1649; x_wconf 91' lang='lat' dir='ltr'><strong>hoc</strong></span> 
     </span>
     <span class='ocr_line' id='line_1_89' title="bbox 1235 1657 2211 1700; baseline 0.004 -12"><span class='ocrx_word' id='word_1_630' title='bbox 1235 1658 1303 1689; x_wconf 89' lang='lat' dir='ltr'><strong>loco</strong></span> <span class='ocrx_word' id='word_1_631' title='bbox 1326 1657 1479 1689; x_wconf 88' lang='lat' dir='ltr'><strong>iudicium</strong></span> <span class='ocrx_word' id='word_1_632' title='bbox 1512 1658 1581 1689; x_wconf 87' lang='lat' dir='ltr'><strong>fieri</strong></span> <span class='ocrx_word' id='word_1_633' title='bbox 1605 1658 1644 1690; x_wconf 93' lang='lat' dir='ltr'><strong>de</strong></span> <span class='ocrx_word' id='word_1_634' title='bbox 1673 1669 1808 1699; x_wconf 89' lang='lat' dir='ltr'><strong>operum</strong></span> <span class='ocrx_word' id='word_1_635' title='bbox 1838 1660 1974 1699; x_wconf 91' lang='lat' dir='ltr'><strong>meritis,</strong></span> <span class='ocrx_word' id='word_1_636' title='bbox 2008 1670 2113 1700; x_wconf 88' lang='lat' dir='ltr'><strong>neque</strong></span> <span class='ocrx_word' id='word_1_637' title='bbox 2136 1660 2211 1692; x_wconf 90' lang='lat' dir='ltr'><strong>hinc</strong></span> 
     </span>
     <span class='ocr_line' id='line_1_90' title="bbox 1234 1701 2209 1743; baseline 0.002 -11"><span class='ocrx_word' id='word_1_638' title='bbox 1234 1711 1327 1741; x_wconf 84' lang='lat' dir='ltr'><strong>posse</strong></span> <span class='ocrx_word' id='word_1_639' title='bbox 1347 1702 1445 1732; x_wconf 83' lang='lat' dir='ltr'><strong>statui</strong></span> <span class='ocrx_word' id='word_1_640' title='bbox 1469 1701 1545 1741; x_wconf 93' lang='lat' dir='ltr'><strong>quid</strong></span> <span class='ocrx_word' id='word_1_641' title='bbox 1568 1702 1718 1742; x_wconf 87' lang='lat' dir='ltr'><strong>operibus</strong></span> <span class='ocrx_word' id='word_1_642' title='bbox 1739 1702 1905 1734; x_wconf 86' lang='lat' dir='ltr'><strong>debeatur.</strong></span> <span class='ocrx_word' id='word_1_643' title='bbox 1947 1703 2117 1743; x_wconf 84' lang='lat' dir='ltr'><strong>Scriptura</strong></span> <span class='ocrx_word' id='word_1_644' title='bbox 2139 1703 2209 1734; x_wconf 91' lang='lat' dir='ltr'><strong>ubi—</strong></span> 
     </span>
     <span class='ocr_line' id='line_1_91' title="bbox 1234 1744 2207 1786; baseline 0.003 -12"><span class='ocrx_word' id='word_1_645' title='bbox 1234 1754 1295 1784; x_wconf 87' lang='lat' dir='ltr'><strong>que</strong></span> <span class='ocrx_word' id='word_1_646' title='bbox 1318 1754 1384 1775; x_wconf 92' lang='lat' dir='ltr'><strong>non</strong></span> <span class='ocrx_word' id='word_1_647' title='bbox 1411 1744 1510 1775; x_wconf 87' lang='lat' dir='ltr'><strong>alium</strong></span> <span class='ocrx_word' id='word_1_648' title='bbox 1540 1744 1657 1776; x_wconf 88' lang='lat' dir='ltr'><strong>salutis</strong></span> <span class='ocrx_word' id='word_1_649' title='bbox 1687 1746 1809 1776; x_wconf 85' lang='lat' dir='ltr'><strong>fontem</strong></span> <span class='ocrx_word' id='word_1_650' title='bbox 1841 1746 1984 1777; x_wconf 90' lang='lat' dir='ltr'><strong>ostendit</strong></span> <span class='ocrx_word' id='word_1_651' title='bbox 2014 1756 2112 1786; x_wconf 87' lang='lat' dir='ltr'><strong>quam</strong></span> <span class='ocrx_word' id='word_1_652' title='bbox 2136 1756 2207 1786; x_wconf 87' lang='lat' dir='ltr'><strong>gra-</strong></span> 
     </span>
     <span class='ocr_line' id='line_1_92' title="bbox 1233 1786 2208 1829; baseline 0.002 -11"><span class='ocrx_word' id='word_1_653' title='bbox 1233 1788 1348 1818; x_wconf 88' lang='lat' dir='ltr'><strong>tuitam</strong></span> <span class='ocrx_word' id='word_1_654' title='bbox 1386 1786 1449 1818; x_wconf 85' lang='lat' dir='ltr'><strong>Dei</strong></span> <span class='ocrx_word' id='word_1_655' title='bbox 1488 1786 1753 1819; x_wconf 84' lang='lat' dir='ltr'><strong>misericordiam.</strong></span> <span class='ocrx_word' id='word_1_656' title='bbox 1810 1788 1904 1827; x_wconf 80' lang='lat' dir='ltr'><strong>Quod</strong></span> <span class='ocrx_word' id='word_1_657' title='bbox 1942 1793 2050 1820; x_wconf 89' lang='lat' dir='ltr'><strong>autem</strong></span> <span class='ocrx_word' id='word_1_658' title='bbox 2088 1789 2208 1829; x_wconf 87' lang='lat' dir='ltr'><strong>passim</strong></span> 
     </span>
     <span class='ocr_line' id='line_1_93' title="bbox 1233 1829 2207 1872; baseline 0.002 -12"><span class='ocrx_word' id='word_1_659' title='bbox 1233 1830 1323 1861; x_wconf 90' lang='lat' dir='ltr'><strong>Deus</strong></span> <span class='ocrx_word' id='word_1_660' title='bbox 1346 1829 1523 1861; x_wconf 87' lang='lat' dir='ltr'><strong>mercedem</strong></span> <span class='ocrx_word' id='word_1_661' title='bbox 1547 1831 1698 1870; x_wconf 88' lang='lat' dir='ltr'><strong>operibus</strong></span> <span class='ocrx_word' id='word_1_662' title='bbox 1722 1831 1888 1871; x_wconf 86' lang='lat' dir='ltr'><strong>promittit,</strong></span> <span class='ocrx_word' id='word_1_663' title='bbox 1913 1831 2031 1872; x_wconf 88' lang='lat' dir='ltr'><strong>pendet</strong></span> <span class='ocrx_word' id='word_1_664' title='bbox 2046 1830 2078 1862; x_wconf 88' lang='lat' dir='ltr'><strong>id</strong></span> <span class='ocrx_word' id='word_1_665' title='bbox 2102 1841 2121 1862; x_wconf 83' lang='lat' dir='ltr'><strong>a</strong></span> <span class='ocrx_word' id='word_1_666' title='bbox 2136 1841 2207 1872; x_wconf 88' lang='lat' dir='ltr'><strong>gra—</strong></span> 
     </span>
     <span class='ocr_line' id='line_1_94' title="bbox 1233 1873 2208 1915; baseline 0.002 -12"><span class='ocrx_word' id='word_1_667' title='bbox 1233 1874 1314 1904; x_wconf 85' lang='lat' dir='ltr'><strong>tuita</strong></span> <span class='ocrx_word' id='word_1_668' title='bbox 1336 1873 1548 1913; x_wconf 89' lang='lat' dir='ltr'><strong>promissione</strong></span> <span class='ocrx_word' id='word_1_669' title='bbox 1574 1883 1638 1913; x_wconf 84' lang='lat' dir='ltr'><strong>qua</strong></span> <span class='ocrx_word' id='word_1_670' title='bbox 1660 1883 1719 1904; x_wconf 85' lang='lat' dir='ltr'><strong>nos</strong></span> <span class='ocrx_word' id='word_1_671' title='bbox 1749 1873 1883 1914; x_wconf 88' lang='lat' dir='ltr'><strong>adoptat</strong></span> <span class='ocrx_word' id='word_1_672' title='bbox 1905 1874 1939 1905; x_wconf 93' lang='lat' dir='ltr'><strong>in</strong></span> <span class='ocrx_word' id='word_1_673' title='bbox 1963 1874 2055 1914; x_wconf 89' lang='lat' dir='ltr'><strong>filios,</strong></span> <span class='ocrx_word' id='word_1_674' title='bbox 2085 1884 2208 1915; x_wconf 88' lang='lat' dir='ltr'><strong>nosque</strong></span> 
     </span>
     <span class='ocr_line' id='line_1_95' title="bbox 1233 1916 2208 1957; baseline 0.003 -11"><span class='ocrx_word' id='word_1_675' title='bbox 1233 1916 1292 1947; x_wconf 88' lang='lat' dir='ltr'><strong>sibi</strong></span> <span class='ocrx_word' id='word_1_676' title='bbox 1327 1916 1521 1954; x_wconf 88' lang='lat' dir='ltr'><strong>reconciliat,</strong></span> <span class='ocrx_word' id='word_1_677' title='bbox 1555 1921 1685 1956; x_wconf 86' lang='lat' dir='ltr'><strong>peccata</strong></span> <span class='ocrx_word' id='word_1_678' title='bbox 1721 1926 1787 1947; x_wconf 91' lang='lat' dir='ltr'><strong>non</strong></span> <span class='ocrx_word' id='word_1_679' title='bbox 1821 1917 2021 1957; x_wconf 83' lang='lat' dir='ltr'><strong>imputando.</strong></span> <span class='ocrx_word' id='word_1_680' title='bbox 2082 1917 2208 1949; x_wconf 86' lang='lat' dir='ltr'><strong>Merces</strong></span> 
     </span>
     <span class='ocr_line' id='line_1_96' title="bbox 1233 1959 2207 1999; baseline 0.001 -9"><span class='ocrx_word' id='word_1_681' title='bbox 1233 1969 1310 1999; x_wconf 90' lang='lat' dir='ltr'><strong>ergo</strong></span> <span class='ocrx_word' id='word_1_682' title='bbox 1332 1959 1473 1998; x_wconf 84' lang='lat' dir='ltr'><strong>reposita</strong></span> <span class='ocrx_word' id='word_1_683' title='bbox 1496 1964 1545 1990; x_wconf 91' lang='lat' dir='ltr'><strong>est</strong></span> <span class='ocrx_word' id='word_1_684' title='bbox 1567 1960 1727 1999; x_wconf 90' lang='lat' dir='ltr'><strong>operibus,</strong></span> <span class='ocrx_word' id='word_1_685' title='bbox 1750 1970 1816 1990; x_wconf 89' lang='lat' dir='ltr'><strong>non</strong></span> <span class='ocrx_word' id='word_1_686' title='bbox 1835 1970 1875 1991; x_wconf 86' lang='lat' dir='ltr'><strong>ex</strong></span> <span class='ocrx_word' id='word_1_687' title='bbox 1899 1960 2023 1999; x_wconf 88' lang='lat' dir='ltr'><strong>merito,</strong></span> <span class='ocrx_word' id='word_1_688' title='bbox 2045 1960 2101 1991; x_wconf 92' lang='lat' dir='ltr'><strong>sed</strong></span> <span class='ocrx_word' id='word_1_689' title='bbox 2118 1970 2207 1991; x_wconf 89' lang='lat' dir='ltr'><strong>mera</strong></span> 
     </span>
     <span class='ocr_line' id='line_1_97' title="bbox 1233 2001 2205 2043; baseline 0.002 -11"><span class='ocrx_word' id='word_1_690' title='bbox 1233 2001 1295 2032; x_wconf 92' lang='lat' dir='ltr'><strong>Dei</strong></span> <span class='ocrx_word' id='word_1_691' title='bbox 1325 2001 1530 2032; x_wconf 88' lang='lat' dir='ltr'><strong>liberalitate.</strong></span> <span class='ocrx_word' id='word_1_692' title='bbox 1574 2001 1782 2042; x_wconf 75' lang='lat' dir='ltr'><strong>Quamquam</strong></span> <span class='ocrx_word' id='word_1_693' title='bbox 1805 2013 1845 2034; x_wconf 90' lang='lat' dir='ltr'><strong>ne</strong></span> <span class='ocrx_word' id='word_1_694' title='bbox 1874 2002 1953 2034; x_wconf 88' lang='lat' dir='ltr'><strong>haec</strong></span> <span class='ocrx_word' id='word_1_695' title='bbox 1975 2003 2105 2043; x_wconf 90' lang='lat' dir='ltr'><strong>quidem</strong></span> <span class='ocrx_word' id='word_1_696' title='bbox 2128 2002 2205 2034; x_wconf 86' lang='lat' dir='ltr'><strong>libe·</strong></span> 
     </span>
     <span class='ocr_line' id='line_1_98' title="bbox 1233 2044 2206 2086; baseline 0.001 -11"><span class='ocrx_word' id='word_1_697' title='bbox 1233 2044 1308 2075; x_wconf 84' lang='lat' dir='ltr'><strong>ralis</strong></span> <span class='ocrx_word' id='word_1_698' title='bbox 1330 2054 1462 2084; x_wconf 89' lang='lat' dir='ltr'><strong>operum</strong></span> <span class='ocrx_word' id='word_1_699' title='bbox 1493 2044 1663 2076; x_wconf 89' lang='lat' dir='ltr'><strong>retributio</strong></span> <span class='ocrx_word' id='word_1_700' title='bbox 1690 2046 1793 2077; x_wconf 84' lang='lat' dir='ltr'><strong>locum</strong></span> <span class='ocrx_word' id='word_1_701' title='bbox 1818 2045 1916 2077; x_wconf 84' lang='lat' dir='ltr'><strong>habet</strong></span> <span class='ocrx_word' id='word_1_702' title='bbox 1946 2046 2007 2076; x_wconf 85' lang='lat' dir='ltr'><strong>nisi</strong></span> <span class='ocrx_word' id='word_1_703' title='bbox 2035 2051 2206 2086; x_wconf 86' lang='lat' dir='ltr'><strong>postquam</strong></span> 
     </span>
     <span class='ocr_line' id='line_1_99' title="bbox 1233 2087 2206 2129; baseline 0 -10"><span class='ocrx_word' id='word_1_704' title='bbox 1233 2087 1357 2119; x_wconf 83' lang='lat' dir='ltr'><strong>Christi</strong></span> <span class='ocrx_word' id='word_1_705' title='bbox 1385 2087 1538 2119; x_wconf 90' lang='lat' dir='ltr'><strong>beneficio</strong></span> <span class='ocrx_word' id='word_1_706' title='bbox 1565 2088 1688 2128; x_wconf 78' lang='lat' dir='ltr'><strong>recepti</strong></span> <span class='ocrx_word' id='word_1_707' title='bbox 1719 2099 1831 2120; x_wconf 87' lang='lat' dir='ltr'><strong>sumus</strong></span> <span class='ocrx_word' id='word_1_708' title='bbox 1858 2089 1892 2119; x_wconf 91' lang='lat' dir='ltr'><strong>in</strong></span> <span class='ocrx_word' id='word_1_709' title='bbox 1925 2089 2073 2129; x_wconf 86' lang='lat' dir='ltr'><strong>gratiam.</strong></span> <span class='ocrx_word' id='word_1_710' title='bbox 2119 2088 2206 2119; x_wconf 85' lang='lat' dir='ltr'><strong>Hinc</strong></span> 
     </span>
     <span class='ocr_line' id='line_1_100' title="bbox 1232 2129 2205 2172; baseline 0.002 -12"><span class='ocrx_word' id='word_1_711' title='bbox 1232 2130 1421 2170; x_wconf 87' lang='lat' dir='ltr'><strong>colligimus,</strong></span> <span class='ocrx_word' id='word_1_712' title='bbox 1450 2129 1558 2161; x_wconf 89' lang='lat' dir='ltr'><strong>Deum</strong></span> <span class='ocrx_word' id='word_1_713' title='bbox 1590 2140 1654 2162; x_wconf 91' lang='lat' dir='ltr'><strong>non</strong></span> <span class='ocrx_word' id='word_1_714' title='bbox 1684 2131 1810 2162; x_wconf 82' lang='lat' dir='ltr'><strong>solvere</strong></span> <span class='ocrx_word' id='word_1_715' title='bbox 1839 2131 1933 2162; x_wconf 90' lang='lat' dir='ltr'><strong>nobis</strong></span> <span class='ocrx_word' id='word_1_716' title='bbox 1963 2131 2048 2172; x_wconf 89' lang='lat' dir='ltr'><strong>quod</strong></span> <span class='ocrx_word' id='word_1_717' title='bbox 2081 2130 2205 2168; x_wconf 89' lang='lat' dir='ltr'><strong>debeat,</strong></span> 
     </span>
     <span class='ocr_line' id='line_1_101' title="bbox 1232 2173 2204 2214; baseline 0.002 -11"><span class='ocrx_word' id='word_1_718' title='bbox 1232 2174 1287 2204; x_wconf 87' lang='lat' dir='ltr'><strong>sed</strong></span> <span class='ocrx_word' id='word_1_719' title='bbox 1312 2178 1477 2212; x_wconf 86' lang='lat' dir='ltr'><strong>praestare</strong></span> <span class='ocrx_word' id='word_1_720' title='bbox 1501 2173 1596 2204; x_wconf 91' lang='lat' dir='ltr'><strong>fidem</strong></span> <span class='ocrx_word' id='word_1_721' title='bbox 1621 2174 1707 2205; x_wconf 87' lang='lat' dir='ltr'><strong>ultro</strong></span> <span class='ocrx_word' id='word_1_722' title='bbox 1730 2173 1856 2205; x_wconf 85' lang='lat' dir='ltr'><strong>datam:</strong></span> <span class='ocrx_word' id='word_1_723' title='bbox 1881 2179 1913 2205; x_wconf 90' lang='lat' dir='ltr'><strong>et</strong></span> <span class='ocrx_word' id='word_1_724' title='bbox 1935 2174 2007 2206; x_wconf 91' lang='lat' dir='ltr'><strong>ideo</strong></span> <span class='ocrx_word' id='word_1_725' title='bbox 2028 2176 2204 2214; x_wconf 87' lang='lat' dir='ltr'><strong>praestare,</strong></span> 
     </span>
     <span class='ocr_line' id='line_1_102' title="bbox 1232 2216 2204 2258; baseline 0.001 -12"><span class='ocrx_word' id='word_1_726' title='bbox 1232 2217 1382 2256; x_wconf 86' lang='lat' dir='ltr'><strong>quoniam</strong></span> <span class='ocrx_word' id='word_1_727' title='bbox 1406 2219 1439 2247; x_wconf 88' lang='lat' dir='ltr'><strong>et</strong></span> <span class='ocrx_word' id='word_1_728' title='bbox 1461 2216 1554 2248; x_wconf 86' lang='lat' dir='ltr'><strong>nobis</strong></span> <span class='ocrx_word' id='word_1_729' title='bbox 1576 2220 1609 2247; x_wconf 86' lang='lat' dir='ltr'><strong>et</strong></span> <span class='ocrx_word' id='word_1_730' title='bbox 1631 2218 1749 2249; x_wconf 90' lang='lat' dir='ltr'><strong>nostris</strong></span> <span class='ocrx_word' id='word_1_731' title='bbox 1772 2217 1923 2257; x_wconf 89' lang='lat' dir='ltr'><strong>operibus</strong></span> <span class='ocrx_word' id='word_1_732' title='bbox 1946 2218 2107 2258; x_wconf 85' lang='lat' dir='ltr'><strong>ignoscat:</strong></span> <span class='ocrx_word' id='word_1_733' title='bbox 2139 2216 2204 2248; x_wconf 93' lang='lat' dir='ltr'><strong>imo</strong></span> 
     </span>
     <span class='ocr_line' id='line_1_103' title="bbox 1232 2259 2204 2300; baseline 0.001 -11"><span class='ocrx_word' id='word_1_734' title='bbox 1232 2269 1297 2290; x_wconf 89' lang='lat' dir='ltr'><strong>non</strong></span> <span class='ocrx_word' id='word_1_735' title='bbox 1329 2266 1393 2289; x_wconf 83' lang='lat' dir='ltr'><strong>tam</strong></span> <span class='ocrx_word' id='word_1_736' title='bbox 1422 2268 1521 2299; x_wconf 90' lang='lat' dir='ltr'><strong>opera</strong></span> <span class='ocrx_word' id='word_1_737' title='bbox 1549 2260 1704 2299; x_wconf 88' lang='lat' dir='ltr'><strong>intuetur,</strong></span> <span class='ocrx_word' id='word_1_738' title='bbox 1739 2270 1837 2300; x_wconf 88' lang='lat' dir='ltr'><strong>quam</strong></span> <span class='ocrx_word' id='word_1_739' title='bbox 1866 2270 1957 2291; x_wconf 86' lang='lat' dir='ltr'><strong>suam</strong></span> <span class='ocrx_word' id='word_1_740' title='bbox 1989 2260 2021 2291; x_wconf 93' lang='lat' dir='ltr'><strong>in</strong></span> <span class='ocrx_word' id='word_1_741' title='bbox 2053 2259 2204 2300; x_wconf 82' lang='lat' dir='ltr'><strong>operibus</strong></span> 
     </span>
     <span class='ocr_line' id='line_1_104' title="bbox 1231 2301 2205 2343; baseline 0.001 -11"><span class='ocrx_word' id='word_1_742' title='bbox 1231 2302 1380 2343; x_wconf 86' lang='lat' dir='ltr'><strong>gratiam.</strong></span> <span class='ocrx_word' id='word_1_743' title='bbox 1417 2301 1507 2333; x_wconf 89' lang='lat' dir='ltr'><strong>Hinc</strong></span> <span class='ocrx_word' id='word_1_744' title='bbox 1529 2303 1566 2333; x_wconf 87' lang='lat' dir='ltr'><strong>fit</strong></span> <span class='ocrx_word' id='word_1_745' title='bbox 1589 2309 1624 2333; x_wconf 90' lang='lat' dir='ltr'><strong>ut</strong></span> <span class='ocrx_word' id='word_1_746' title='bbox 1647 2313 1710 2334; x_wconf 91' lang='lat' dir='ltr'><strong>non</strong></span> <span class='ocrx_word' id='word_1_747' title='bbox 1735 2303 1946 2334; x_wconf 86' lang='lat' dir='ltr'><strong>obliviscatur</strong></span> <span class='ocrx_word' id='word_1_748' title='bbox 1961 2312 2106 2343; x_wconf 88' lang='lat' dir='ltr'><strong>operum,</strong></span> <span class='ocrx_word' id='word_1_749' title='bbox 2129 2302 2205 2342; x_wconf 80' lang='lat' dir='ltr'><strong>quia</strong></span> 
     </span>
     <span class='ocr_line' id='line_1_105' title="bbox 1231 2345 2204 2386; baseline -0.001 -10"><span class='ocrx_word' id='word_1_750' title='bbox 1231 2356 1265 2376; x_wconf 88' lang='lat' dir='ltr'><strong>se</strong></span> <span class='ocrx_word' id='word_1_751' title='bbox 1287 2352 1317 2376; x_wconf 88' lang='lat' dir='ltr'><strong>et</strong></span> <span class='ocrx_word' id='word_1_752' title='bbox 1341 2355 1421 2384; x_wconf 86' lang='lat' dir='ltr'><strong>opus</strong></span> <span class='ocrx_word' id='word_1_753' title='bbox 1443 2345 1578 2385; x_wconf 85' lang='lat' dir='ltr'><strong>spiritus</strong></span> <span class='ocrx_word' id='word_1_754' title='bbox 1595 2346 1646 2376; x_wconf 88' lang='lat' dir='ltr'><strong>sui</strong></span> <span class='ocrx_word' id='word_1_755' title='bbox 1669 2346 1701 2376; x_wconf 93' lang='lat' dir='ltr'><strong>in</strong></span> <span class='ocrx_word' id='word_1_756' title='bbox 1725 2345 1790 2377; x_wconf 91' lang='lat' dir='ltr'><strong>illis</strong></span> <span class='ocrx_word' id='word_1_757' title='bbox 1806 2347 1960 2386; x_wconf 84' lang='lat' dir='ltr'><strong>agnoscit.</strong></span> <span class='ocrx_word' id='word_1_758' title='bbox 1999 2345 2090 2377; x_wconf 88' lang='lat' dir='ltr'><strong>Haec</strong></span> <span class='ocrx_word' id='word_1_759' title='bbox 2106 2345 2204 2376; x_wconf 88' lang='lat' dir='ltr'><strong>etiam</strong></span> 
     </span>
     <span class='ocr_line' id='line_1_106' title="bbox 1230 2388 2203 2429; baseline -0.001 -10"><span class='ocrx_word' id='word_1_760' title='bbox 1230 2393 1280 2419; x_wconf 89' lang='lat' dir='ltr'><strong>est</strong></span> <span class='ocrx_word' id='word_1_761' title='bbox 1302 2388 1424 2418; x_wconf 88' lang='lat' dir='ltr'><strong>iustitia</strong></span> <span class='ocrx_word' id='word_1_762' title='bbox 1447 2397 1542 2427; x_wconf 85' lang='lat' dir='ltr'><strong>quam</strong></span> <span class='ocrx_word' id='word_1_763' title='bbox 1566 2389 1732 2428; x_wconf 89' lang='lat' dir='ltr'><strong>apostolus</strong></span> <span class='ocrx_word' id='word_1_764' title='bbox 1754 2389 1918 2429; x_wconf 87' lang='lat' dir='ltr'><strong>intelligit,</strong></span> <span class='ocrx_word' id='word_1_765' title='bbox 1943 2389 2015 2428; x_wconf 85' lang='lat' dir='ltr'><strong>quia</strong></span> <span class='ocrx_word' id='word_1_766' title='bbox 2039 2398 2074 2419; x_wconf 85' lang='lat' dir='ltr'><strong>se</strong></span> <span class='ocrx_word' id='word_1_767' title='bbox 2095 2388 2203 2428; x_wconf 88' lang='lat' dir='ltr'><strong>ipsum</strong></span> 
     </span>
     <span class='ocr_line' id='line_1_107' title="bbox 1232 2430 2203 2472; baseline 0 -11"><span class='ocrx_word' id='word_1_768' title='bbox 1232 2441 1294 2461; x_wconf 90' lang='lat' dir='ltr'><strong>non</strong></span> <span class='ocrx_word' id='word_1_769' title='bbox 1324 2435 1430 2470; x_wconf 85' lang='lat' dir='ltr'><strong>potest</strong></span> <span class='ocrx_word' id='word_1_770' title='bbox 1459 2430 1630 2472; x_wconf 87' lang='lat' dir='ltr'><strong>abnegare.</strong></span> <span class='ocrx_word' id='word_1_771' title='bbox 1676 2431 1790 2471; x_wconf 85' lang='lat' dir='ltr'><strong>Itaque</strong></span> <span class='ocrx_word' id='word_1_772' title='bbox 1821 2431 1997 2472; x_wconf 90' lang='lat' dir='ltr'><strong>respondet</strong></span> <span class='ocrx_word' id='word_1_773' title='bbox 2029 2431 2080 2463; x_wconf 89' lang='lat' dir='ltr'><strong>hic</strong></span> <span class='ocrx_word' id='word_1_774' title='bbox 2111 2430 2203 2462; x_wconf 81' lang='lat' dir='ltr'><strong>locus</strong></span> 
     </span>
     <span class='ocr_line' id='line_1_108' title="bbox 1232 2473 2201 2514; baseline -0.001 -10"><span class='ocrx_word' id='word_1_775' title='bbox 1232 2473 1322 2504; x_wconf 90' lang='lat' dir='ltr'><strong>Pauli</strong></span> <span class='ocrx_word' id='word_1_776' title='bbox 1347 2475 1542 2504; x_wconf 87' lang='lat' dir='ltr'><strong>sententiae:</strong></span> <span class='ocrx_word' id='word_1_777' title='bbox 1574 2473 1640 2513; x_wconf 77' lang='lat' dir='ltr'><strong>Qui</strong></span> <span class='ocrx_word' id='word_1_778' title='bbox 1664 2475 1769 2514; x_wconf 91' lang='lat' dir='ltr'><strong>coepit</strong></span> <span class='ocrx_word' id='word_1_779' title='bbox 1792 2475 1825 2505; x_wconf 92' lang='lat' dir='ltr'><strong>in</strong></span> <span class='ocrx_word' id='word_1_780' title='bbox 1850 2475 1942 2506; x_wconf 90' lang='lat' dir='ltr'><strong>vobis</strong></span> <span class='ocrx_word' id='word_1_781' title='bbox 1968 2484 2049 2514; x_wconf 90' lang='lat' dir='ltr'><strong>opus</strong></span> <span class='ocrx_word' id='word_1_782' title='bbox 2074 2474 2201 2510; x_wconf 88' lang='lat' dir='ltr'><strong>bonum,</strong></span> 
     </span>
     <span class='ocr_line' id='line_1_109' title="bbox 1230 2515 2202 2558; baseline -0.001 -12"><span class='ocrx_word' id='word_1_783' title='bbox 1230 2515 1374 2556; x_wconf 86' lang='lat' dir='ltr'><strong>perficiet</strong></span> <span class='ocrx_word' id='word_1_784' title='bbox 1398 2515 1553 2557; x_wconf 89' lang='lat' dir='ltr'><strong>(Philipp.</strong></span> <span class='ocrx_word' id='word_1_785' title='bbox 1572 2518 1601 2557; x_wconf 86' lang='lat'><strong>1,</strong></span> <span class='ocrx_word' id='word_1_786' title='bbox 1623 2515 1666 2558; x_wconf 89' lang='lat'><strong>6).</strong></span> <span class='ocrx_word' id='word_1_787' title='bbox 1712 2517 1798 2555; x_wconf 75' lang='lat' dir='ltr'><strong>Quid</strong></span> <span class='ocrx_word' id='word_1_788' title='bbox 1828 2518 1915 2548; x_wconf 91' lang='lat' dir='ltr'><strong>enim</strong></span> <span class='ocrx_word' id='word_1_789' title='bbox 1944 2516 2034 2549; x_wconf 89' lang='lat' dir='ltr'><strong>aliud</strong></span> <span class='ocrx_word' id='word_1_790' title='bbox 2063 2516 2202 2556; x_wconf 89' lang='lat' dir='ltr'><strong>reperiet</strong></span> 
     </span>
     <span class='ocr_line' id='line_1_110' title="bbox 1230 2558 2202 2599; baseline -0.001 -10"><span class='ocrx_word' id='word_1_791' title='bbox 1230 2560 1263 2589; x_wconf 91' lang='lat' dir='ltr'><strong>in</strong></span> <span class='ocrx_word' id='word_1_792' title='bbox 1299 2560 1390 2590; x_wconf 90' lang='lat' dir='ltr'><strong>nobis</strong></span> <span class='ocrx_word' id='word_1_793' title='bbox 1421 2558 1512 2590; x_wconf 88' lang='lat' dir='ltr'><strong>Deus</strong></span> <span class='ocrx_word' id='word_1_794' title='bbox 1546 2569 1608 2599; x_wconf 91' lang='lat' dir='ltr'><strong>quo</strong></span> <span class='ocrx_word' id='word_1_795' title='bbox 1643 2567 1838 2599; x_wconf 81' lang='lat' dir='ltr'><strong>provocetur</strong></span> <span class='ocrx_word' id='word_1_796' title='bbox 1871 2559 1911 2591; x_wconf 89' lang='lat' dir='ltr'><strong>ad</strong></span> <span class='ocrx_word' id='word_1_797' title='bbox 1946 2570 2004 2591; x_wconf 89' lang='lat' dir='ltr'><strong>nos</strong></span> <span class='ocrx_word' id='word_1_798' title='bbox 2038 2558 2202 2596; x_wconf 84' lang='lat' dir='ltr'><strong>amandos,</strong></span> 
     </span>
     <span class='ocr_line' id='line_1_111' title="bbox 1230 2601 2201 2642; baseline -0.002 -10"><span class='ocrx_word' id='word_1_799' title='bbox 1230 2602 1293 2633; x_wconf 86' lang='lat' dir='ltr'><strong>nisi</strong></span> <span class='ocrx_word' id='word_1_800' title='bbox 1316 2601 1401 2642; x_wconf 90' lang='lat' dir='ltr'><strong>quod</strong></span> <span class='ocrx_word' id='word_1_801' title='bbox 1424 2602 1515 2642; x_wconf 86' lang='lat' dir='ltr'><strong>prius</strong></span> <span class='ocrx_word' id='word_1_802' title='bbox 1538 2602 1631 2633; x_wconf 89' lang='lat' dir='ltr'><strong>nobis</strong></span> <span class='ocrx_word' id='word_1_803' title='bbox 1653 2602 1814 2634; x_wconf 75' lang='lat' dir='ltr'><strong>contulit?</strong></span> <span class='ocrx_word' id='word_1_804' title='bbox 1858 2602 1897 2634; x_wconf 90' lang='lat' dir='ltr'><strong>In</strong></span> <span class='ocrx_word' id='word_1_805' title='bbox 1920 2613 2057 2639; x_wconf 79' lang='lat' dir='ltr'><strong>summa,</strong></span> <span class='ocrx_word' id='word_1_806' title='bbox 2088 2601 2201 2632; x_wconf 85' lang='lat' dir='ltr'><strong>fallun-</strong></span> 
     </span>
     <span class='ocr_line' id='line_1_112' title="bbox 1230 2644 2200 2685; baseline -0.004 -9"><span class='ocrx_word' id='word_1_807' title='bbox 1230 2650 1283 2676; x_wconf 89' lang='lat' dir='ltr'><strong>tur</strong></span> <span class='ocrx_word' id='word_1_808' title='bbox 1306 2644 1479 2685; x_wconf 85' lang='lat' dir='ltr'><strong>sophistae,</strong></span> <span class='ocrx_word' id='word_1_809' title='bbox 1511 2646 1564 2685; x_wconf 91' lang='lat' dir='ltr'><strong>qui</strong></span> <span class='ocrx_word' id='word_1_810' title='bbox 1594 2649 1740 2676; x_wconf 85' lang='lat' dir='ltr'><strong>mutuam</strong></span> <span class='ocrx_word' id='word_1_811' title='bbox 1767 2645 1957 2677; x_wconf 85' lang='lat' dir='ltr'><strong>relationem</strong></span> <span class='ocrx_word' id='word_1_812' title='bbox 1980 2645 2200 2685; x_wconf 86' lang='lat' dir='ltr'><strong>imaginantur</strong></span> 
     </span>
    </p>
   </div>
  </div>
 </body>
</html>
