2513 3126
118 208 181 239 365

123 305 269 337 tudinem
286 308 434 336 constare
451 303 582 344 spiritus
599 300 791 332 testimonio.
838 298 983 329 Vocatur
1003 298 1089 329 enim

121 347 263 389 spiritus,
299 347 436 379 veritas:
471 346 545 386 quia
578 342 709 375 indubia
732 342 774 372 sit
797 341 954 372 autoritas
978 340 1090 381 ipsius,

123 391 278 430 nobisque
301 389 430 421 abunde
454 388 600 420 sufficere
624 385 747 416 debeat.

209 433 238 463 7.
265 432 343 464 Tres
365 434 437 464 sunt
459 431 491 462 in
514 428 602 461 coelo.
647 427 718 458 Hoc
745 431 849 458 totum
867 437 884 457 a
902 425 1091 466 quibusdam

123 476 276 508 omissum
301 475 371 506 fuit.
416 473 637 511 Hieronymus
661 470 823 501 existimat
847 469 970 500 malitia
986 468 1091 509 potius

122 529 217 559 quam
235 527 343 549 errore
362 516 392 547 id
406 515 502 546 fuisse
518 514 656 544 factum:
675 519 706 544 et
722 512 853 553 quidem
866 512 993 543 Latinis
1010 510 1091 542 dun·

123 566 224 592 taxat.
276 559 340 591 Sed
373 567 470 598 quum
495 567 535 587 ne
562 555 669 596 graeci
693 556 823 595 quidem
859 554 982 586 codices
1006 554 1092 585 inter

123 614 158 635 se
181 601 384 635 consentiant
406 600 462 631 vix
484 598 658 638 quidquam
683 608 827 630 asserere
850 597 960 629 audeo.
1006 596 1092 636 Quia

124 652 231 677 tamen
271 643 392 684 optime
432 641 505 673 fluit
545 646 718 673 contextus
752 641 780 672 si
814 640 874 672 hoc
912 639 1091 671 membrum

124 688 269 724 addatur,
301 690 333 717 et
363 684 457 716 video
481 685 514 715 in
538 684 668 724 optimis
691 693 728 715 ac
752 683 996 723 probatissimae
1018 681 1092 713 fidei

125 730 286 763 codicibus
319 727 440 764 haberi,
476 737 534 767 ego
568 736 694 767 quoque
729 726 867 758 libenter
905 726 1090 765 amplector.

125 773 247 806 Sensus
271 776 379 801 autem
404 770 473 808 erit,
498 769 581 809 quod
606 769 705 810 Deus,
725 780 788 809 quo
805 768 933 800 uberius
950 773 1091 799 nostram

123 817 156 847 in
189 814 319 846 Christo
353 812 449 844 fidem
484 812 661 849 confirmet,
698 812 815 852 triplici
839 812 932 842 modo
957 815 1092 843 testatur

123 859 157 889 in
180 867 216 888 eo
239 854 505 895 acquiescendum
531 865 610 886 esse.
656 854 740 886 Nam
765 854 858 886 sicuti
883 854 961 886 fides
981 862 1093 885 nostra

125 902 157 932 in
187 909 252 930 una
281 898 343 929 Dei
371 898 511 929 essentia
535 902 600 929 tres
623 907 778 937 personas
802 897 956 938 agnoscit,
978 897 1023 927 ita
1047 901 1091 927 to-

122 942 221 974 tidem
246 940 346 972 modis
369 940 408 972 ad
433 940 601 973 Christum
620 946 761 978 vocatur,
779 946 815 971 ut
832 950 866 971 se
882 939 916 970 in
934 949 971 971 eo
987 939 1091 971 sistat.

122 984 217 1025 Quod
241 983 327 1023 dicit,
352 988 442 1015 tres
465 993 534 1015 esse
559 993 669 1021 unum,
694 983 732 1014 ad
758 983 931 1015 essentiam
956 993 1019 1014 non
1044 993 1091 1014 re-

121 1029 232 1067 fertur,
266 1027 322 1059 sed
354 1027 393 1058 ad
427 1036 620 1058 consensum
656 1027 772 1066 potius.
829 1027 878 1058 Ac
911 1025 937 1057 si
965 1025 1093 1064 diceret,

121 1076 258 1112 patrem,
290 1075 322 1102 et
352 1073 520 1101 aeternum
551 1079 732 1102 sermonem
765 1070 844 1111 eius,
875 1079 912 1102 ac
933 1069 1093 1110 spiritum,

122 1114 320 1156 symphonia
363 1113 500 1154 quadam
534 1112 704 1145 Christum
746 1113 868 1154 pariter
905 1113 1093 1154 approbare.

122 1157 239 1197 Itaque
277 1156 426 1188 nonnulli
463 1156 589 1188 codices
627 1156 749 1188 habent
787 1156 829 1193 εἰς
866 1156 909 1188 ἓν.
968 1154 1093 1186 Verum

122 1200 247 1232 etiamsi
279 1199 368 1240 legas
398 1199 431 1231 ἓν
455 1199 540 1238 εἰσιν,
564 1204 599 1230 ut
622 1204 672 1230 est
695 1200 727 1230 in
751 1199 822 1230 aliis
846 1198 1094 1238 exemplaribus,

123 1253 189 1275 non
213 1248 321 1274 tamen
339 1242 469 1273 dubium
489 1248 538 1273 est
562 1242 638 1282 quin
663 1248 763 1283 pater,
787 1252 891 1274 sermo
915 1247 947 1272 et
962 1241 1094 1281 spiritus

123 1286 234 1317 eodem
265 1296 362 1316 sensu
394 1285 543 1316 dicantur
574 1295 673 1316 unum
701 1296 779 1322 esse,
804 1295 866 1324 quo
889 1289 1000 1324 postea
1022 1293 1093 1315 san-

122 1330 194 1370 guis
231 1332 262 1359 et
297 1338 380 1368 aqua
410 1333 442 1359 et
470 1327 612 1368 spiritus.
660 1327 725 1359 Sed
749 1338 850 1367 quum
873 1327 1014 1367 spiritus,
1037 1326 1093 1366 qui

122 1382 206 1402 unus
237 1375 287 1402 est
314 1371 416 1407 testiS,
446 1369 495 1402 bis
530 1371 665 1402 citetur:
696 1370 823 1402 videtur
851 1380 919 1402 esse
954 1368 1093 1401 absurda

122 1414 281 1455 repetitio.
337 1412 547 1454 Respondeo:
583 1423 680 1453 quum
716 1414 805 1444 varie
832 1413 871 1444 de
894 1411 1024 1444 Christo
1049 1417 1092 1443 te-

123 1462 236 1497 stetur,
270 1461 345 1497 apte
377 1456 538 1496 duplicem
573 1456 621 1487 illi
655 1455 789 1487 attribui
813 1454 953 1487 testandi
975 1455 1091 1486 locum.

122 1499 206 1531 Nam
240 1510 257 1530 e
290 1498 386 1530 coelis
419 1504 511 1539 pater
544 1509 618 1530 cum
643 1505 774 1530 aeterna
801 1509 860 1530 sua
881 1498 1040 1539 sapientia
1062 1502 1093 1529 et

123 1542 240 1583 spiritu
263 1545 419 1582 tanquam
443 1551 501 1581 pro
524 1542 658 1581 imperio
682 1542 868 1582 pronuntiat
891 1540 1000 1572 Iesum
1023 1550 1093 1572 esse

123 1584 312 1616 Christum:
337 1594 414 1625 ergo
436 1584 504 1616 illic
527 1584 597 1616 sola
620 1584 800 1616 divinitatis
829 1584 980 1615 maiestas
1003 1583 1094 1615 nobis

123 1626 356 1659 consideranda
390 1631 448 1658 est.
504 1626 666 1666 Quoniam
702 1637 778 1659 vero
813 1626 948 1667 spiritus
971 1627 1004 1657 in
1028 1636 1094 1657 cor-

124 1669 219 1701 dibus
253 1669 373 1701 nostris
406 1669 566 1708 habitans,
602 1669 709 1710 arrha,
741 1670 869 1710 pignus,
896 1673 929 1700 et
951 1669 1093 1710 sigillum

124 1717 173 1744 est
210 1711 251 1744 ad
288 1712 524 1753 obsignandum
563 1712 642 1744 illud
681 1713 862 1744 decretum:
902 1711 963 1744 hoc
999 1712 1094 1743 modo

123 1756 242 1787 iterum
275 1755 309 1786 in
343 1760 428 1786 terra
459 1765 515 1795 per
537 1756 676 1796 gratiam
698 1765 790 1787 suam
814 1755 966 1795 loquitur.
1012 1754 1092 1787 Cae-

124 1803 230 1829 terum
264 1797 338 1838 quia
367 1808 433 1828 non
457 1807 569 1829 omnes
602 1798 684 1829 forte
711 1798 882 1830 lectionem
906 1797 990 1830 hanc
1012 1797 1093 1830 reci-

124 1841 225 1881 pient,
255 1850 335 1880 quae
357 1846 525 1881 sequntur,
549 1840 683 1881 perinde
716 1850 875 1881 exponam
909 1851 946 1872 ac
968 1841 995 1872 si
1019 1850 1092 1881 apo—

124 1883 225 1916 stolus
248 1883 306 1914 hos
329 1883 414 1914 solos
437 1884 469 1914 in
493 1888 580 1914 terra
603 1883 804 1914 nominasset
828 1889 936 1915 testes.

210 1926 239 1957 8.
266 1926 343 1957 Tres
375 1928 456 1958 sunt.
512 1925 717 1957 Sententiam
752 1926 838 1957 illam
873 1925 911 1957 de
946 1936 1028 1967 aqua
1061 1930 1093 1957 et

124 1969 283 2009 sanguine
316 1979 401 2001 nunc
435 1968 475 2000 ad
508 1979 601 2000 suum
641 1969 828 2000 institutum
863 1968 1090 2007 accommodat,

125 2012 209 2053 quod
243 2011 364 2043 scilicet
398 2011 480 2042 nihil
513 2012 729 2043 excusationis
758 2012 899 2043 habeant
921 2013 975 2052 qui
999 2011 1094 2044 Chri-

122 2058 209 2086 stum
251 2059 425 2094 respuunt:
467 2064 567 2094 quum
602 2055 680 2085 satis
716 2055 817 2086 firmis
851 2065 887 2086 ac
920 2054 1093 2086 luculentis

123 2097 316 2129 testimoniis
344 2107 378 2128 se
407 2096 498 2128 illum
531 2107 600 2129 esse
624 2097 816 2137 probaverit,
840 2098 893 2138 qui
917 2098 1093 2138 promissus

123 2139 199 2172 olim
230 2141 352 2171 fuerat:
382 2150 456 2171 nam
487 2140 620 2181 sanguis
651 2147 682 2171 et
712 2150 804 2180 aqua,
835 2151 933 2180 quum
958 2141 1094 2181 pignora

123 2184 189 2214 sint
212 2187 246 2214 et
268 2183 401 2215 effectus
424 2182 538 2214 salutis
561 2193 619 2223 per
642 2193 715 2214 eum
739 2182 863 2221 allatae,
881 2194 956 2215 vere
973 2188 1092 2215 testan-

124 2227 177 2257 tur
211 2236 230 2257 a
264 2225 335 2257 Deo
371 2225 506 2257 missum
540 2236 619 2257 esse.
666 2225 798 2258 Accedit
832 2225 947 2257 deinde
975 2228 1093 2258 tertius

125 2269 217 2300 testis
239 2268 372 2309 spiritus
395 2273 547 2300 sanctus:
571 2269 626 2309 qui
650 2272 758 2299 tamen
778 2268 897 2308 primas
914 2271 1004 2300 tenet
1019 2279 1092 2309 par-

124 2315 181 2348 tes,
205 2312 279 2351 quia
301 2311 422 2351 alioqui
445 2321 529 2351 aqua
551 2316 583 2343 et
606 2311 739 2352 sanguis
763 2312 834 2342 sine
857 2311 924 2342 ullo
948 2313 1093 2352 profectu

125 2353 317 2386 diffluerent.
376 2354 451 2394 Ipse
488 2354 574 2386 enim
611 2360 659 2385 est
696 2354 749 2394 qui
787 2353 936 2385 cordibus
973 2356 1093 2386 nostris

126 2405 224 2436 aquae
255 2401 288 2427 et
320 2398 488 2438 sanguinis
523 2397 744 2428 testimonium
778 2397 944 2437 obsignat:
968 2397 1020 2429 hic
1044 2402 1093 2429 est

126 2439 180 2478 qui
206 2439 304 2471 efficit
335 2450 394 2471 sua
424 2441 544 2471 virtute
571 2445 607 2471 ut
628 2440 749 2471 fructus
772 2442 886 2471 mortis
908 2439 1030 2472 Christi
1053 2440 1094 2471 ad

125 2491 185 2512 nos
208 2491 308 2521 usque
331 2483 515 2522 perveniat:
539 2483 603 2514 imo
634 2488 669 2514 ut
692 2483 824 2523 sanguis
850 2483 883 2513 in
900 2483 1092 2523 redemptio-

125 2533 200 2554 nem
235 2530 376 2555 nostram
412 2526 501 2557 fusus
528 2528 676 2566 penetret
699 2536 800 2566 usque
834 2527 867 2556 in
891 2526 1017 2556 animas
1039 2537 1095 2557 no-

126 2571 226 2597 stras:
261 2567 313 2597 vel
347 2566 396 2608 (ut
428 2577 492 2599 uno
526 2567 623 2600 verbo
645 2569 753 2600 omnia
797 2568 915 2609 dicam)
938 2569 1035 2600 efficit
1058 2573 1096 2600 ut

126 2608 277 2640 Christus
307 2619 379 2640 cum
410 2610 560 2642 omnibus
593 2611 660 2643 suis
691 2611 781 2643 bonis
811 2611 852 2642 sit
879 2617 999 2643 noster.
1044 2611 1095 2643 Ita

125 2651 248 2682 Paulus
270 2651 308 2682 ad
334 2652 498 2684 Romanos
522 2653 550 2693 1,
566 2653 597 2693 4,
625 2658 796 2695 postquam
821 2654 902 2685 dixit
927 2653 1094 2686 Christum

1023 200 1172 232 CAPUT
1199 201 1235 232 V.

2050 206 2112 236 366

1143 298 1387 329 resurrectionis
1426 310 1501 331 suae
1539 301 1684 340 potentia
1714 306 1878 332 ostensum
1911 310 1980 332 esse
2010 302 2112 333 filium

1145 341 1216 380 Dei,
1249 341 1402 372 continuo
1431 348 1502 381 post
1531 342 1631 381 addit,
1652 354 1708 383 per
1736 344 2025 375 sanctificationem
2049 345 2113 384 spi·

1144 383 1235 414 ritus.
1281 383 1367 422 Quia
1400 395 1608 425 quaecunque
1641 386 1673 416 in
1709 386 1839 417 Christo
1874 386 2033 427 refulgent
2065 386 2112 418 di-

1144 428 1238 457 vinae
1279 426 1401 466 gloriae
1444 428 1552 468 signa:
1596 428 1807 460 nihilominus
1848 429 1982 460 obscura
2022 429 2114 461 nobie

1147 474 1263 507 essent,
1287 473 1320 499 et
1342 469 1523 509 effugerent
1545 477 1747 511 conspectum
1773 477 1930 509 nostrum,
1956 472 2016 504 nisi
2040 472 2113 503 fidei

1145 511 1253 542 oculos
1291 512 1384 542 nobis
1416 513 1555 552 aperiret
1584 514 1728 554 spiritus.
1790 514 1882 546 Nunc
1927 515 2115 555 intelligunt

1145 554 1279 585 lectores
1313 564 1370 585 our
1403 555 1551 594 spiritum
1587 567 1660 588 cum
1695 566 1778 596 aqua
1812 562 1844 587 et
1878 558 2037 598 sanguine
2061 557 2113 589 Io-

1144 596 1269 627 hannes
1307 600 1422 627 testem
1460 598 1646 630 adduxerit:
1682 599 1759 639 quia
1793 599 1914 631 scilicet
1948 600 2113 640 proprium

1146 639 1279 679 spiritus
1302 639 1444 671 officium
1469 644 1527 679 est,
1543 641 1667 673 Christi
1689 641 1848 682 sanguine
1865 642 2022 674 mundare
2038 653 2114 675 con·

1145 682 1295 713 scientias
1326 688 1470 714 nostras:
1503 684 1606 716 facero
1629 690 1664 715 ut
1688 684 1787 716 allata
1810 684 1850 715 ab
1872 685 1941 724 ipso
1966 686 2114 726 purgatio

1145 725 1176 755 in
1209 725 1300 756 nobis
1324 725 1365 755 sit
1389 725 1516 757 efficax.
1562 726 1634 765 Qua
1658 727 1697 758 de
1720 738 1754 758 re
1778 727 1899 768 aliquid
1923 727 2044 759 dictum
2068 731 2116 759 est

1145 767 1237 798 initio
1269 769 1434 808 proximae
1464 769 1626 808 epistolae,
1658 770 1711 801 ubi
1741 770 1860 802 Petrus
1890 770 2025 802 eandem
2049 770 2115 801 fere

1145 810 1365 850 loquutionem
1396 817 1547 851 usurpat:
1580 823 1694 853 nempe
1718 813 1802 854 quod
1826 813 1960 854 spiritus
1985 817 2115 845 sanctus

1144 854 1269 885 animas
1285 859 1410 885 nostras
1426 855 1595 895 sanguinis
1611 855 1733 887 Christi
1757 856 1965 896 adspersione
1988 860 2115 896 purget.

1145 895 1318 928 Caeterum
1353 907 1392 928 ex
1427 896 1477 928 his
1510 898 1616 929 verbis
1640 898 1792 939 colligere
1816 899 1900 939 licet,
1928 898 2024 930 fidem
2049 908 2115 930 non

1143 938 1387 979 apprehendere
1428 940 1549 971 nudum
1591 941 1641 973 vel
1675 942 1804 973 inanem
1839 941 2024 973 Christum:
2059 941 2116 973 sed

1144 983 1306 1014 vivificam
1329 982 1425 1014 simul
1442 983 1510 1015 eius
1524 983 1685 1016 virtutem.
1731 984 1895 1023 Quorsum
1912 984 2000 1015 enim
2016 984 2114 1024 prod-

1146 1030 1230 1057 esset
1278 1026 1412 1057 missum
1464 1026 1497 1057 in
1536 1031 1656 1057 terram
1694 1026 1861 1058 Christum
1899 1028 2014 1068 fuisse,
2053 1027 2116 1058 nisi

1146 1068 1253 1100 Deum
1280 1069 1393 1100 mortis
1416 1079 1492 1101 suae
1509 1069 1667 1101 sacrificio
1684 1069 1863 1110 placasset?
1888 1070 1948 1101 nisi
1966 1069 2117 1101 abluendi

1146 1122 1265 1144 munus
1296 1123 1314 1143 a
1344 1116 1435 1152 patre
1465 1112 1511 1143 illi
1541 1117 1622 1143 esset
1650 1112 1854 1144 iniunctum?
1877 1112 1983 1144 Obiici
2008 1118 2117 1144 tamen

1146 1155 1273 1196 poterit,
1307 1165 1542 1195 supervacuam
1578 1165 1647 1186 esse
1682 1154 1921 1187 distinctionem
1957 1165 2039 1195 quae
2063 1155 2117 1187 hic

1147 1197 1287 1238 ponitur,
1320 1198 1396 1238 quia
1419 1197 1569 1230 Christus
1594 1203 1725 1238 peccata
1748 1198 1919 1239 expiando,
1944 1209 2001 1230 nos
2024 1208 2117 1229 mun-

1147 1241 1289 1273 daverit:
1331 1251 1407 1281 ergo
1445 1251 1514 1272 rem
1548 1251 1646 1272 unam
1681 1241 1844 1281 apostolus
1878 1241 1925 1273 bis
1960 1242 2117 1272 nominat.

1147 1284 1266 1315 Fateor
1300 1284 1430 1324 quidem
1464 1284 1498 1314 in
1522 1284 1703 1324 expiatione
1730 1284 1827 1315 simul
1851 1284 2047 1316 ablutionem
2071 1284 2117 1315 in-

1147 1326 1250 1358 cludi:
1280 1327 1388 1366 itaque
1417 1337 1482 1358 non
1512 1327 1611 1358 statui
1635 1337 1735 1367 aquae
1759 1329 1791 1358 et
1814 1327 1984 1368 sanguinis
2008 1326 2119 1358 discri-

1146 1380 1230 1407 men,
1259 1370 1352 1410 quasi
1386 1381 1437 1401 res
1471 1369 1536 1400 sint
1570 1369 1767 1401 disiunctae:
1793 1380 1907 1401 verum
1930 1369 1958 1401 si
1981 1370 2118 1410 quisque

1147 1418 1295 1444 nostrum
1329 1413 1549 1444 infirmitatem
1572 1423 1662 1444 suam
1687 1417 1826 1452 reputet,
1850 1412 1943 1444 facile
1967 1415 2119 1453 agnoscet

1147 1466 1212 1487 non
1236 1456 1357 1486 frustra
1381 1466 1440 1487 nec
1463 1459 1583 1486 temere
1606 1456 1797 1496 sanguinem
1814 1455 1853 1487 ab
1871 1466 1953 1496 aqua
1969 1455 2119 1487 discerni.

1146 1498 1275 1530 Deinde
1298 1497 1348 1539 (ut
1370 1498 1435 1529 iam
1459 1498 1579 1529 dictum
1603 1498 1664 1539 est)
1688 1498 1851 1538 apostolus
1875 1498 1914 1529 ad
1938 1498 2019 1539 legis
2035 1498 2117 1529 ritus

1146 1541 1270 1573 alludit.
1316 1542 1360 1572 At
1383 1542 1454 1581 quis
1477 1540 1568 1572 Deus
1602 1541 1764 1572 humanae
1797 1541 1996 1573 infirmitatis
2022 1550 2120 1573 causa

1147 1595 1210 1616 non
1243 1583 1399 1616 sacrificia
1428 1588 1564 1624 tantum,
1598 1584 1653 1615 sed
1686 1583 1867 1615 ablutiones
1891 1594 2017 1624 quoque
2039 1583 2117 1615 olim

1146 1627 1342 1659 instituerat.
1393 1626 1571 1666 Utriusque
1599 1628 1699 1667 partis
1729 1627 1901 1658 veritatem
1928 1627 1962 1658 in
1986 1627 2118 1658 Christo

1147 1670 1246 1702 fuisse
1276 1669 1466 1706 exhibitam,
1494 1669 1646 1701 distincte
1669 1670 1850 1709 exprimere
1873 1670 2040 1710 apostolus
2064 1680 2119 1701 vo-

1146 1713 1219 1744 luit.
1264 1712 1339 1752 Qua
1361 1713 1485 1744 ratione
1508 1712 1604 1752 paulo
1630 1718 1706 1743 ante
1730 1712 1867 1750 dixerat,
1891 1723 1955 1744 non
1978 1713 2012 1743 in
2037 1722 2119 1752 aqua

1146 1755 1263 1788 solum.
1308 1755 1482 1796 Significat
1505 1755 1591 1786 enim
1616 1766 1682 1786 non
1709 1755 1804 1787 modo
1827 1760 1954 1796 partem
1978 1755 2119 1795 aliquam

1146 1798 1260 1831 salutis
1290 1805 1420 1829 nostrae
1448 1798 1482 1829 in
1510 1797 1642 1829 Christo
1664 1799 1817 1839 inveniri,
1841 1797 1897 1830 sed
1920 1808 2033 1830 omnes
2057 1808 2117 1828 nu-

1146 1852 1251 1873 meros
1281 1840 1329 1882 (ut
1358 1841 1402 1871 ita
1430 1840 1548 1881 dicam)
1579 1840 1768 1881 completos:
1799 1842 1845 1872 ita
1875 1847 1909 1872 ut
1937 1840 2018 1872 nihil
2041 1840 2118 1872 alibi

1145 1885 1189 1917 sit
1210 1885 1349 1924 amplius
1372 1883 1605 1924 quaerendum.

1231 1927 1260 1959 9.
1285 1926 1322 1958 Si
1345 1926 1551 1958 testimonium
1573 1926 1741 1958 hominum.
1786 1926 1817 1957 A
1843 1927 1964 1957 minori
1987 1925 2027 1957 ad
2051 1936 2117 1956 ma·

1145 1970 1196 2002 ius
1212 1970 1420 2001 ratiocinatur
1436 1979 1532 2009 quam
1549 1969 1669 2010 ingrati
1693 1970 1759 2000 sint
1779 1968 1937 2007 homines,
1961 1969 1987 2000 si
2004 1967 2117 2000 Chris-

1145 2019 1213 2044 tum
1237 2012 1393 2044 divinitus
1416 2011 1475 2052 (ita
1492 2016 1526 2043 ut
1541 2012 1664 2050 retulit)
1693 2012 1909 2052 approbatum
1936 2010 2117 2052 repudient.

1144 2056 1230 2087 Nam
1260 2056 1287 2087 si
1316 2056 1349 2086 in
1376 2054 1513 2095 negotiis
1536 2054 1698 2093 humanis,
1722 2054 1888 2086 hominum
1923 2054 2018 2087 dictis
2051 2058 2116 2085 sta-

1145 2109 1227 2137 mus,
1250 2099 1304 2138 qui
1327 2097 1455 2129 mentiri
1479 2102 1510 2128 et
1526 2097 1636 2129 fallere
1653 2102 1802 2138 possunt:
1828 2108 1924 2137 quam
1941 2097 2116 2129 absurdum

1146 2142 1216 2178 erit,
1250 2141 1356 2172 Deum
1379 2141 1488 2172 minus
1511 2141 1584 2172 fidei
1608 2141 1642 2171 in
1666 2151 1724 2172 suo
1747 2138 1815 2171 foro
1838 2140 1888 2182 (ut
1910 2141 1956 2171 ita
1979 2139 2116 2180 loquar),

1147 2184 1200 2216 ubi
1232 2194 1378 2215 summus
1408 2188 1458 2215 est
1486 2183 1594 2224 iudex,
1622 2183 1708 2224 apud
1739 2193 1797 2213 nos
1824 2182 1993 2215 obtinere?
2038 2181 2117 2214 Sola

1145 2227 1247 2267 igitur
1270 2226 1361 2258 nobis
1385 2226 1528 2267 pravitas
1544 2226 1649 2258 obstat
1666 2237 1707 2257 ne
1723 2225 1894 2257 Christum
1911 2225 2115 2266 recipiamus,

1146 2269 1274 2310 quando
1297 2279 1374 2301 suae
1392 2269 1504 2301 virtuti
1527 2269 1624 2300 fidem
1647 2269 1792 2310 legitima
1815 2268 2004 2309 probatione
2028 2267 2114 2299 facit.

1147 2313 1249 2344 Porro
1278 2312 1339 2343 Dei
1374 2312 1596 2343 testimonium
1622 2317 1712 2344 vocat
1736 2321 1801 2342 non
1825 2312 1919 2343 modo
1943 2310 2026 2351 quod
2050 2310 2114 2350 spi-

1146 2356 1228 2387 ritus
1262 2354 1412 2387 cordibus
1445 2355 1563 2386 nostris
1596 2355 1708 2393 reddit,
1741 2355 1797 2385 sed
1828 2354 1913 2394 quod
1937 2354 2035 2385 etiam
2058 2353 2114 2384 ha-

1146 2398 1259 2430 bemus
1293 2397 1332 2429 ab
1365 2407 1448 2438 aqua
1481 2401 1514 2428 et
1546 2398 1712 2438 sanguine.
1770 2397 1829 2428 Vis
1852 2397 1938 2428 enim
1962 2396 2018 2427 illa
2040 2406 2114 2436 pur-

1145 2441 1243 2481 gandi
1277 2445 1309 2472 et
1340 2439 1501 2480 expiandi,
1537 2451 1601 2472 non
1636 2446 1773 2478 terrena,
1796 2440 1852 2471 sed
1874 2439 2021 2471 coelestis
2044 2439 2113 2470 fuit.

1147 2483 1257 2523 Quare
1295 2493 1359 2514 non
1398 2483 1524 2524 vulgari
1561 2482 1730 2514 hominum
1768 2492 1857 2514 more
1891 2481 2113 2514 aestimandus

1146 2532 1196 2558 est
1226 2526 1351 2558 Christi
1382 2526 1533 2566 sanguis:
1564 2525 1620 2557 sed
1650 2525 1820 2557 consilium
1851 2525 1913 2557 Dei
1937 2526 2042 2565 potius
2065 2535 2113 2555 re-

1146 2570 1268 2609 spicere
1305 2569 1467 2607 convenit,
1505 2578 1567 2608 quo
1605 2568 1665 2599 fuit
1705 2567 1870 2599 ordinatus
1903 2568 1943 2599 ad
1978 2566 2115 2599 delenda

1148 2618 1287 2653 peccata,
1312 2616 1344 2642 et
1368 2611 1433 2644 vim
1456 2611 1545 2642 illam
1565 2610 1707 2643 divinam
1731 2620 1811 2652 quae
1833 2610 1909 2642 inde
1933 2611 2035 2642 fluxit.
