2513 3126
165 217 204 248 53
1051 216 1199 250 CAPUT
1224 216 1282 248 IV.
2120 216 2162 247 54

167 310 261 351 bigua
284 310 436 351 loquutio,
458 311 536 351 πρὸς
553 310 587 341 ὃν
603 309 676 352 ἡμῖν
695 310 711 341 ὁ
728 310 836 351 λόγοςε
861 322 933 342 nam
959 313 1136 347 verterunt,

167 354 204 383 ad
230 363 322 393 quem
347 353 438 385 nobis
461 360 510 385 est
532 364 647 384 sermo.
690 354 789 392 Atqui
814 355 922 394 potius
947 354 1136 385 vertendum

167 403 245 431 erat,
276 406 349 427 cum
379 406 439 436 quo
469 396 560 427 nobis
589 401 638 427 est
670 397 766 427 ratio:
796 397 887 427 cuius
909 397 1063 427 orationis
1087 395 1138 425 hic

166 444 214 469 cst
239 448 362 479 sensus,
387 439 494 470 Deum
518 449 587 470 esse
611 439 663 479 qui
688 439 852 470 nobiscum
877 440 960 479 agit:
991 437 1042 470 vel
1065 447 1137 469 cum

166 491 229 521 quo
254 481 344 513 nobis
369 486 418 513 est
435 482 609 522 negotium,
634 481 766 521 ideoque
790 492 852 512 non
874 491 943 512 esse
962 480 1138 512 ludendum

166 524 256 564 quasi
291 533 363 554 cum
398 524 528 555 homine
562 524 699 555 mortali.
752 523 816 555 Sed
848 524 971 563 quoties
1003 522 1136 553 verbum

166 567 234 597 cius
266 566 356 597 nobis
388 567 587 606 proponitur,
615 566 924 598 contremiscendum
949 574 1033 596 esse:
1064 564 1138 604 quia

169 609 244 639 nihil
270 610 374 649 ipsum
400 609 507 640 lateat.

254 694 301 725 14.
327 694 480 726 Habentes
502 694 600 734 igitur
611 692 787 731 pontificem
808 701 956 732 magnum
974 692 1028 730 qui
1043 691 1139 722 coelos

165 737 324 777 impressus
339 739 392 776 est,
415 736 521 767 Iesum
534 735 636 774 filium
652 734 723 774 Dei,
741 737 896 766 teneamus
911 734 1139 773 confessionem.

168 780 216 810 15.
242 779 349 818 Neque
378 779 459 809 enim
487 777 633 808 babemus
650 776 825 816 pontificem
848 776 903 815 qui
925 776 1057 815 compati
1078 785 1140 807 non

163 822 262 862 possit
284 820 520 855 infirmitatibus
541 819 671 850 nostris:
693 819 746 850 sed
768 820 802 850 in
824 818 965 849 omnibus
982 821 1139 858 tentatum,

165 863 330 896 secundum
352 862 601 899 similitudinem,
625 860 737 901 absque
753 863 888 901 peccato.
935 862 983 892 16.
1002 860 1139 893 Acceda-

167 916 235 937 mus
263 905 361 946 iyitur
386 915 455 937 cum
482 904 598 944 fiducia
627 904 668 935 ad
694 904 838 935 thronum
863 905 999 945 qratiae,
1030 906 1064 935 ut
1091 904 1138 935 ob-

166 949 318 980 tineamus
350 947 613 987 misericordiam,
647 949 675 978 et
708 947 847 987 qratiam
880 947 1076 978 inveniamus
1106 947 1140 977 in

165 990 322 1022 auxilium
343 993 556 1029 opportunum.

253 1076 303 1106 14.
338 1075 493 1107 Habentes
535 1075 640 1116 iyitur.
700 1075 869 1106 Hactenus
911 1075 1064 1106 disseruit
1101 1076 1140 1106 de

166 1118 290 1150 Christi
317 1119 507 1158 apostolatu,
539 1128 624 1149 nunc
654 1117 693 1148 ad
723 1117 900 1149 secundum
929 1118 997 1149 eius
1021 1128 1140 1149 munus

166 1162 290 1193 transit.
326 1161 478 1192 Diximus
501 1160 588 1191 enim
613 1160 771 1200 duplicem
795 1171 964 1201 personam
989 1161 1054 1192 filio
1078 1161 1140 1192 Dei

167 1205 265 1236 fuisse
297 1204 479 1245 impositam
510 1214 608 1243 quum
639 1203 678 1234 ad
702 1213 760 1234 nos
785 1204 902 1235 missus
925 1204 995 1242 fuit,
1025 1213 1141 1244 nempe

167 1247 305 1278 doctoris
338 1251 370 1277 et
403 1246 589 1278 sacerdotis.
643 1246 755 1286 ltaque
789 1252 958 1287 postquam
993 1246 1141 1278 hortatus

167 1295 217 1321 est
251 1289 414 1330 apostolus
443 1289 581 1320 Iudaeos
615 1293 651 1319 ut
682 1288 869 1320 obedienter
903 1289 1142 1329 amplectantur

168 1332 289 1364 Christi
320 1332 514 1363 doctrinam:
546 1341 632 1363 nunc
661 1332 860 1363 demonstrat
882 1342 976 1372 quem
1001 1334 1141 1363 fructum

169 1375 236 1406 eius
270 1374 484 1407 sacerdotium
520 1375 674 1406 attulerit.
725 1375 833 1414 Atque
869 1375 928 1406 hoc
961 1375 1140 1406 secundum

167 1422 216 1449 est
245 1428 284 1449 ex
319 1418 441 1449 duobus
469 1418 623 1449 membris
646 1417 870 1458 disputationis
894 1428 989 1458 quam
1013 1423 1141 1449 tractat.

168 1461 323 1501 Apposite
353 1466 462 1491 autem
493 1460 706 1492 sacerdotium
734 1461 898 1492 connectit
920 1470 992 1492 cum
1017 1466 1141 1500 aposto-

167 1503 245 1540 latu,
275 1513 371 1544 quum
402 1503 552 1535 admonet
575 1503 662 1535 hunc
684 1503 850 1543 utriusque
874 1514 943 1535 esse
966 1504 1072 1541 finem,
1107 1508 1143 1533 ut

170 1546 398 1586 perveniamus
422 1545 461 1577 ad
486 1546 602 1578 Deum.
648 1546 798 1577 Illatione
822 1545 931 1583 utitur,
955 1547 1029 1586 quia
1052 1546 1141 1586 prius

171 1590 229 1620 hoc
253 1589 350 1620 etiam
373 1592 469 1629 caput
492 1590 654 1630 attigerat,
678 1589 847 1621 Christum
864 1598 933 1620 esse
949 1589 1042 1620 nobis
1066 1599 1141 1629 pon-

169 1632 307 1663 tificem:
335 1631 391 1663 sed
421 1632 495 1672 quia
525 1632 693 1663 sacerdotii
717 1633 766 1663 vis
794 1642 857 1662 non
882 1632 1056 1672 percipitur
1078 1632 1142 1662 nisi

168 1685 208 1706 ex
239 1674 394 1713 doctrina,
424 1675 506 1706 hanc
530 1676 615 1706 viam
646 1675 747 1706 sterni
777 1675 928 1715 oportuit,
960 1679 996 1706 ut
1019 1675 1142 1706 animos

169 1717 208 1748 ad
232 1717 399 1748 Christum
431 1717 625 1749 audiendum
651 1723 867 1758 praepararet.
914 1717 1009 1749 Nunc
1032 1722 1141 1755 restat,

169 1765 204 1791 ut
227 1761 280 1800 qui
304 1760 495 1800 magistrum
520 1771 592 1792 eum
617 1766 806 1801 agnoscunt,
832 1770 929 1800 seque
953 1760 1071 1792 dociles
1094 1760 1142 1791 illi

171 1802 325 1842 praebent
348 1803 529 1843 discipulos,
560 1804 686 1834 discant
711 1814 837 1843 quoque
860 1814 899 1834 ex
923 1813 977 1834 ore
1000 1804 1068 1834 eius
1092 1803 1142 1834 vel

170 1845 288 1882 schola,
314 1855 472 1885 quaenam
496 1847 539 1876 sit
558 1847 680 1877 utilitas
699 1847 871 1878 sacerdotii
890 1847 968 1887 eius,
992 1851 1023 1877 et
1039 1846 1142 1886 qualis

169 1898 249 1919 usus
272 1898 308 1919 ac
332 1888 413 1920 finis.
453 1889 564 1920 Primo
588 1889 673 1928 dicit,
697 1889 887 1920 habentes
912 1889 1142 1929 pontificem

169 1931 303 1961 Iesum
327 1931 465 1962 filium
489 1931 581 1971 Dei,
604 1931 905 1963 contessionem
931 1937 1141 1963 teneamus.

170 1973 339 2005 Confessio
370 1974 430 2011 hic,
462 1979 497 2005 ut
520 1980 627 2013 antea,
657 1985 714 2015 pro
737 1975 801 2006 fide
834 1976 960 2015 capitur
994 1979 1141 2015 metony-

170 2017 259 2048 mice.
299 2016 383 2056 Quia
407 2021 513 2048 autem
537 2019 751 2049 sacerdotium
775 2018 814 2049 ad
838 2017 1045 2049 sanciendam
1070 2017 1142 2048 doc-

171 2060 291 2090 trinam
323 2059 429 2090 valere
460 2060 568 2100 debet,
601 2061 676 2092 hinc
710 2061 832 2101 colligit
864 2060 1042 2101 apostolus,
1077 2070 1143 2091 non

171 2112 240 2133 esse
262 2113 320 2134 cur
343 2102 538 2134 haesitemus
561 2108 616 2134 aut
636 2104 824 2135 vacillemus
840 2103 871 2134 in
892 2103 954 2134 fide
973 2103 1144 2144 evangelii,

171 2155 266 2185 quam
299 2145 383 2176 filius
409 2146 469 2177 Dei
492 2147 713 2187 comprobavit
736 2156 773 2178 ac
795 2147 942 2177 sancivit.
989 2145 1143 2186 Quisquis

171 2188 256 2218 enim
276 2193 380 2219 ratam
404 2199 467 2219 non
491 2188 587 2220 habet
607 2189 691 2220 hanc
710 2189 897 2225 doctrinam,
921 2189 1063 2220 detrahit
1079 2189 1144 2220 filio

172 2230 244 2270 Dei,
266 2241 303 2262 ac
318 2231 495 2263 sacerdotis
512 2232 630 2263 honore
645 2233 749 2272 ipsum
769 2232 898 2273 spoliat:
922 2231 985 2262 tale
1000 2232 1143 2272 inquam,

174 2283 210 2304 ac
237 2278 362 2305 tantum
394 2275 510 2316 pignus
539 2275 689 2307 fiduciam
720 2275 839 2306 addere
862 2275 954 2306 nobis
974 2274 1075 2312 debet,
1108 2279 1145 2306 ut

173 2316 330 2356 intrepide
354 2318 576 2350 recumbamus
599 2320 632 2349 in
656 2318 872 2359 evangellum.

258 2359 308 2391 15.
340 2360 445 2401 Neque
476 2362 558 2393 enim
587 2360 740 2399 habemus,
764 2363 814 2392 ete.
860 2361 900 2392 In
929 2361 1057 2391 nomine
1088 2360 1145 2391 filii

176 2400 246 2442 Dei,
277 2403 361 2442 quod
391 2404 508 2444 posuit,
537 2403 646 2435 subest
675 2413 712 2435 ea
731 2405 882 2435 maiestas
911 2413 994 2444 quae
1024 2413 1082 2434 nos
1105 2403 1145 2434 ad

175 2443 322 2476 timorem
353 2453 383 2477 et
413 2446 601 2488 obsequium
632 2446 750 2488 adigat.
797 2446 919 2477 Verum
950 2446 977 2477 si
1007 2446 1087 2477 nihil
1111 2447 1146 2477 in

175 2485 305 2518 Christo
334 2487 421 2519 aliud
450 2489 698 2528 consideremus,
729 2489 872 2521 nondum
897 2494 1029 2529 pacatae
1051 2493 1147 2520 erunt

176 2529 395 2561 conscientiae.
447 2531 529 2570 Quis
562 2533 647 2563 enim
681 2542 745 2564 non
778 2531 963 2563 reformidet
993 2531 1052 2562 filii
1084 2531 1146 2562 Dei

176 2573 392 2611 conspectum,
422 2574 612 2613 praesertim
641 2585 740 2615 quum
765 2580 953 2615 reputamus
976 2574 1080 2615 qualis
1103 2575 1146 2606 sit

178 2618 285 2644 nostra
308 2613 455 2655 conditio,
479 2616 632 2656 nobisque
650 2618 683 2648 in
702 2623 844 2649 mentem
860 2618 998 2649 veniunt
1014 2620 1145 2657 peccata

176 2656 308 2688 nostra?
355 2656 480 2688 Deinde
502 2657 630 2690 Iudaeis
652 2660 738 2691 aliud
761 2660 887 2692 obstare
911 2663 1045 2700 poterat,
1070 2660 1145 2700 quia

1190 310 1318 341 levitico
1346 309 1521 341 sacerdotio
1550 315 1773 341 assueverant:
1808 309 1872 341 illic
1902 310 2077 341 cernebant
2109 310 2161 341 ho<

1191 353 1310 384 minem
1342 352 1512 383 mortalem
1544 363 1642 383 unum
1674 362 1712 382 ex
1736 353 1807 383 aliis
1831 353 1967 384 electum
1991 353 2043 393 qui
2068 362 2161 384 sanc-

1191 395 1332 425 tuarium
1365 395 1619 435 ingrediebatur,
1651 400 1686 425 ut
1716 405 1773 425 sua
1803 395 2024 435 deprecatione
2053 405 2162 427 recon-

1189 437 1315 468 ciliaret
1338 437 1454 468 fratres
1477 448 1549 469 suos
1575 438 1653 469 Deo.
1699 437 1770 468 Hoc
1794 447 1948 478 magnum
1974 442 2031 475 est,
2063 448 2159 478 quun]

1192 479 1355 519 mediator,
1387 480 1439 520 qui
1468 480 1595 520 placare
1621 490 1697 520 erga
1715 490 1774 511 nos
1798 479 1903 510 Deum
1929 485 2044 520 potest,
2076 491 2161 511 unus

1191 526 1239 551 est
1268 532 1308 552 cx
1338 522 1439 553 nobis.
1484 523 1574 554 Haec
1604 522 1752 554 illecebra
1783 527 1909 562 poterat
1933 523 2068 555 Iudaeos
2092 523 2162 554 illa-

1191 574 1316 602 queat-ev
1348 570 1383 594 ut
1406 565 1582 596 sacerdotio
1605 566 1730 596 levitico
1753 575 1880 605 semper
1903 571 2010 595 essent
2033 565 2161 604 addicti,

1191 607 1251 636 nisi
1282 613 1463 638 occurreret
1493 609 1666 647 apostolus,
1698 618 1734 639 ac
1761 608 1944 639 ostenderet
1974 608 2073 638 tilium
2100 609 2160 639 Dei

1192 659 1255 678 non
1287 649 1380 680 modo
1411 651 1567 681 excellere
1596 651 1712 691 gloria,
1743 651 1798 681 sed
1829 661 1932 690 aequa
1962 649 2101 681 bonitate
2131 657 2162 681 et

1191 691 1394 731 indulgentia
1418 702 1494 733 erga
1518 703 1574 724 nos
1598 703 1666 725 esse
1691 693 1881 733 praeditum.
1917 692 1956 723 In
1981 693 2041 724 hoc
2064 693 2162 733 igitur

1191 733 1296 772 capite
1326 737 1475 765 versatur
1506 746 1604 775 quum
1636 736 1712 766 dicit
1742 735 1832 766 illum
1856 735 2069 766 exercitatum
2093 746 2162 767 esse

1192 776 1311 805 nostris
1333 776 1583 816 infirmitatibus,
1607 783 1643 809 ut
1666 779 1757 809 nobis
1781 778 1957 810 condoleat.
2004 778 2099 817 Quod
2123 779 2161 809 ad

1192 817 1393 859 συμπάθειαν
1417 820 1566 860 pertinet,
1594 821 1666 851 nolo
1689 821 1839 852 subtilius
1864 821 1902 852 de
1925 831 1962 852 ea
1986 821 2162 861 disputare.

1192 861 1325 892 Frivola
1359 862 1445 891 enim
1480 873 1544 892 non
1579 863 1686 893 minus
1723 874 1819 903 quam
1858 864 1984 895 curiosa
2021 869 2069 895 est
2103 865 2163 895 ista

1192 904 1344 943 quaestio,
1375 914 1452 934 num
1484 905 1643 936 obnoxius
1674 906 1716 936 sit
1747 917 1834 938 nunc
1865 906 2015 938 Christus
2042 908 2162 938 nostris

1193 946 1340 977 miseriis.
1398 946 1464 978 Nec
1499 957 1576 978 vero
1613 948 1776 987 apostolus
1814 949 1931 980 talibus
1964 950 2099 990 argutiis
2133 956 2163 981 et

1192 990 1303 1020 otiosis
1326 988 1598 1029 speculationibus
1622 991 1756 1031 fatigare
1781 1001 1838 1022 nos
1862 992 1981 1022 voluit:
2013 992 2068 1023 sed
2093 997 2164 1023 tan-

1193 1036 1261 1062 tum
1298 1032 1424 1072 docere,
1457 1042 1520 1063 non
1554 1032 1665 1073 procul
1694 1034 1911 1073 quaerendum
1945 1045 2013 1065 esse
2043 1035 2163 1066 media-

1193 1079 1306 1113 torem,
1330 1085 1428 1115 quum
1454 1074 1545 1106 nobis
1567 1075 1718 1106 Christus
1740 1076 1824 1106 ultro
1848 1087 1978 1108 manum
2003 1078 2162 1117 porrigat:

1193 1127 1257 1148 non
1281 1128 1350 1148 esse
1373 1127 1501 1149 causam
1519 1128 1575 1149 cur
1591 1118 1713 1150 Christi
1730 1119 1897 1150 maiestate
1917 1120 2164 1158 absterreamur‚

1193 1170 1291 1200 quum
1316 1161 1405 1192 nobis
1429 1161 1471 1192 sit
1494 1162 1606 1192 frater:
1631 1171 1696 1192 non
1719 1171 1789 1192 esse
1812 1162 1990 1193 timendum
2015 1173 2054 1194 ne
2074 1164 2165 1203 quasi

1194 1202 1350 1234 malorum
1380 1213 1496 1243 expers
1526 1204 1614 1235 nullo
1642 1208 1798 1245 tangatur
1826 1203 2036 1236 humanitatis
2068 1216 2165 1236 sensu

1194 1246 1232 1276 ad
1257 1255 1348 1285 opem
1374 1247 1464 1277 nobis
1487 1246 1662 1284 ferendam,
1687 1257 1786 1287 quum
1809 1247 2016 1278 infirmitates
2039 1254 2165 1279 nostras

1194 1289 1381 1328 susceperit,
1412 1299 1474 1329 quo
1504 1294 1588 1320 esset
1618 1289 1657 1320 ad
1686 1289 1938 1321 succurrendum
1967 1291 2164 1330 propensior.

1195 1332 1277 1362 Tota
1299 1332 1400 1372 igitur
1423 1332 1557 1372 apostoli
1582 1333 1682 1364 oratio
1705 1332 1744 1363 ad
1763 1333 1836 1363 fidei
1852 1343 1981 1364 sensum
1998 1334 2166 1364 referenda

1195 1378 1260 1405 est:
1296 1375 1370 1413 quia
1401 1385 1465 1405 non
1497 1375 1640 1415 disputat
1670 1375 1774 1415 qualis
1804 1376 1845 1406 sit
1875 1375 1908 1405 in
1942 1385 1976 1406 se
2007 1375 2165 1415 Christus,

1195 1417 1250 1448 sed
1270 1417 1397 1457 qualem
1414 1427 1448 1448 se
1464 1417 1554 1449 nobis
1570 1419 1728 1450 ostendat.
1762 1417 2016 1450 similitudinem
2034 1424 2166 1450 naturae

1195 1460 1364 1500 intelligit:
1393 1470 1456 1500 quo
1479 1461 1641 1502 significat
1663 1461 1832 1492 Christum
1856 1461 1951 1492 simul
1974 1471 2047 1492 cum
2071 1472 2167 1493 carne

1196 1508 1307 1534 nostra
1336 1504 1470 1535 affectus
1501 1514 1626 1544 quoque
1657 1504 1814 1541 induisse,
1850 1509 1884 1535 ut
1914 1514 1977 1534 non
2009 1504 2103 1535 modo
2134 1515 2167 1536 se

1197 1556 1308 1577 verum
1333 1545 1495 1577 hominem
1519 1547 1749 1586 comprobaret,
1778 1546 1833 1577 sed
1855 1547 1926 1586 ipso
1949 1548 2168 1587 experimento

1196 1590 1235 1621 ad
1259 1589 1415 1620 iuvandos
1439 1590 1572 1621 miseros
1596 1590 1795 1621 erudiretur:
1821 1600 1883 1620 non
1903 1590 1979 1629 quia
1997 1599 2078 1630 opus
2095 1590 2166 1621 tali·

1196 1633 1254 1664 bus
1284 1632 1475 1663 rudimentis
1504 1631 1653 1663 habuerit
1685 1632 1769 1663 filius
1799 1631 1877 1663 Dei:
1911 1631 1967 1663 sed
2001 1633 2076 1672 quia
2111 1643 2167 1664 nos

1196 1676 1289 1707 aliter
1322 1685 1418 1714 quam
1449 1675 1487 1705 de
1517 1675 1622 1706 salute
1652 1679 1761 1706 nostra
1789 1684 1899 1706 curam
1928 1675 2026 1715 gerit,
2061 1681 2169 1706 mente

1196 1718 1438 1758 apprehendere
1462 1728 1526 1748 non
1550 1727 1729 1758 possumus.
1768 1717 1903 1756 Quoties
1926 1728 2002 1758 ergo
2026 1718 2085 1749 sub
2101 1728 2167 1750 car-

1196 1763 1246 1792 nis
1263 1766 1389 1792 nostrae
1404 1760 1645 1792 infirmitatibus
1662 1761 1854 1798 laboramus,
1871 1760 1963 1791 nobis
1979 1761 2013 1791 in
2029 1766 2168 1792 mentem

1196 1805 1320 1844 veniat,
1351 1803 1477 1834 easdem
1508 1803 1612 1834 filium
1637 1803 1698 1834 Dei
1726 1808 1895 1842 expertum
1926 1813 2013 1834 esse:
2046 1808 2081 1834 ut
2111 1813 2168 1834 nos

1195 1858 1253 1878 sua
1282 1847 1404 1877 virtute
1436 1847 1539 1886 erigat
1567 1857 1607 1876 ne
1635 1846 1700 1877 illis
1730 1846 1912 1877 obruamur.
1958 1846 2024 1877 Sed
2055 1847 2167 1886 quaeri

1196 1895 1298 1930 potest
1335 1889 1410 1928 quid
1446 1898 1503 1928 per
1540 1889 1822 1920 infirmitates
1860 1888 2035 1929 intelligat:
2075 1889 2167 1920 varie

1197 1933 1283 1964 enim
1314 1932 1469 1971 accipitur
1498 1931 1559 1963 hoc
1590 1941 1716 1962 nomen.
1762 1931 1903 1970 Quidam
1932 1931 2034 1972 frigus
2062 1934 2094 1962 et
2116 1942 2168 1962 ca-

1197 1976 1305 2013 lorem,
1329 1975 1455 2012 famem,
1479 1980 1510 2005 et
1533 1974 1612 2006 alias
1636 1974 1777 2015 corporis
1802 1974 2026 2005 necessitates:
2053 1973 2169 2005 deinde

1196 2021 1430 2057 contemptum,
1465 2017 1621 2057 inopiam,
1651 2022 1685 2048 et
1714 2017 1836 2057 reliqua
1867 2017 1935 2048 eius
1965 2016 2092 2058 generis
2122 2016 2169 2047 in-

1197 2061 1357 2101 telligunt,
1381 2060 1475 2091 sicuti
1498 2060 1581 2100 apud
1605 2060 1743 2091 Paulum
1767 2059 1878 2090 multis
1902 2059 1996 2091 locis:
2020 2070 2056 2091 ac
2080 2069 2170 2099 prae—

1197 2104 1307 2135 sertim
1337 2103 1366 2134 2.
1397 2102 1435 2133 ad
1468 2102 1656 2134 Corinthios
1686 2112 1755 2142 cap.
1784 2102 1833 2143 12,
1865 2102 1914 2133 10.
1967 2101 2033 2133 Sed
2064 2103 2172 2133 verius

1198 2147 1342 2177 sentiunt
1373 2146 1426 2185 qui
1454 2145 1550 2176 simul
1577 2156 1650 2177 cum
1675 2145 1818 2176 externis
1841 2145 2005 2177 aerumnis
2027 2155 2172 2185 compre-

1199 2189 1346 2220 hendunt
1370 2188 1468 2219 animi
1492 2188 1634 2227 affectus,
1658 2188 1768 2228 quales
1790 2192 1867 2219 sunt
1891 2193 2005 2224 metus,
2032 2189 2172 2227 tristitia,

1200 2233 1313 2263 horror
1344 2231 1465 2268 mortis,
1496 2235 1529 2261 et
1556 2231 1689 2262 similes.
1735 2231 1779 2262 Et
1801 2233 1888 2262 certe
1911 2231 2031 2261 frustra
2054 2230 2173 2271 alioqui

1199 2275 1308 2306 addita
1332 2277 1416 2305 esset
1445 2275 1612 2314 restrictio,
1644 2274 1794 2314 absque
1824 2278 2012 2314 peccato:
2048 2274 2109 2304 nisi
2133 2274 2172 2304 de

1199 2317 1366 2349 affectibus
1394 2326 1500 2347 sermo
1528 2322 1620 2354 esset,
1652 2317 1707 2356 qui
1735 2326 1862 2356 semper
1890 2317 1923 2347 in
1947 2316 2039 2347 nobis
2063 2316 2172 2347 vitiosi

1199 2365 1276 2392 sunt
1298 2363 1429 2400 propter
1451 2362 1588 2390 naturae
1611 2360 1821 2399 pravitatem:
1840 2359 1873 2390 in
1896 2359 2028 2390 Christo
2051 2365 2170 2395 autem,

1200 2405 1233 2434 in
1264 2412 1327 2443 quo
1360 2412 1486 2433 summa
1514 2402 1673 2433 rectitudo
1707 2406 1739 2433 et
1769 2402 1915 2433 absoluta
1943 2402 2068 2442 puritas
2100 2402 2171 2438 fuit,

1200 2447 1360 2477 immunes
1390 2444 1522 2476 fuerunt
1551 2444 1591 2475 ab
1621 2445 1710 2476 omni
1734 2445 1821 2476 vitio.
1868 2445 2046 2485 Paupertas
2077 2453 2172 2480 certe,

1200 2496 1231 2520 et
1255 2488 1365 2525 morbi,
1395 2492 1427 2518 et
1449 2497 1531 2527 quae
1554 2492 1647 2518 extra
1669 2497 1727 2519 nos
1749 2492 1834 2526 sunt,
1865 2487 1896 2518 in
1922 2492 2085 2527 peccatum
2109 2498 2172 2518 non

1200 2532 1409 2572 imputantur.
1455 2530 1543 2570 Ergo
1572 2540 1671 2570 quum
1700 2530 1739 2561 de
1766 2530 2009 2561 infirmitatibus
2031 2530 2173 2570 loquitur

1199 2584 1278 2615 quae
1303 2577 1431 2613 peccato
1454 2577 1530 2604 sunt
1553 2572 1676 2609 affines,
1706 2573 1849 2603 minime·
1869 2572 2000 2604 dubium
2025 2578 2072 2604 est
2095 2573 2172 2612 quin

1200 2617 1334 2648 affectus
1353 2616 1453 2646 animi
1470 2616 1624 2655 designet,
1649 2615 1765 2655 quibus
1781 2615 1920 2647 obnoxia
1936 2621 1985 2647 est
2002 2615 2171 2647 hominum

1200 2665 1331 2696 natura,
1369 2658 1465 2699 idque
1502 2662 1634 2699 propter
1671 2658 1893 2689 infirmitatem
1931 2668 2031 2690 suam.
2088 2657 2171 2687 Nam

1924 2716 1956 2741 4*
