2513 3126
1033 214 1174 247 EPIST.
1200 216 1261 247 AD
1286 216 1536 248 HEBRAEOS
2241 216 2282 248 32

278 320 475 356 comparatu:
512 316 556 346 ita
591 313 686 344 otium
722 311 807 351 quod
842 315 906 341 tam
938 310 1028 350 pauci
1060 321 1099 342 ex
1127 311 1254 343 Iudaeis

279 360 334 390 illo
360 360 420 390 Dei
445 357 596 389 bcuoticio
620 355 668 386 usi
693 360 780 393 sunt,
808 359 842 385 ut
867 353 1029 393 pauxillae
1053 359 1178 385 tuntum
1204 364 1252 385 re-

279 403 394 442 liquiae
418 401 525 432 salvae
551 398 680 435 fuerint,
705 397 908 438 praesagium
935 396 997 426 suit
1020 397 1254 429 excaecationis

280 447 421 476 suturae:
456 453 517 482 quii
553 442 671 472 factum
707 446 754 471 est
790 447 825 470 ut
859 439 1026 470 Christum
1062 439 1253 478 reiicientes,

277 488 337 527 ipsi
363 486 502 517 vicissim
527 496 545 515 a
569 483 639 515 Deo
671 483 780 514 reiecti
805 482 955 521 perirent.
1002 480 1254 513 Observandum

279 537 326 561 est
349 530 444 566 cuim,
474 537 555 567 quae
579 527 617 557 de
640 526 873 557 instauratione
897 524 1049 555 ccclesiae
1072 524 1156 563 apud
1181 534 1253 564 pro-

280 573 391 612 phetas
415 575 547 602 exstant
570 569 810 608 promissiones,
838 577 856 598 a
881 573 1024 607 tempore
1048 577 1109 605 quo
1134 567 1254 598 reducti

279 620 355 645 suut
379 614 418 645 ab
442 613 539 644 exilio
562 612 673 643 Iudaei
697 611 737 642 ud
761 620 897 651 regnum
923 619 1023 649 usque
1039 609 1162 640 Christi
1186 620 1255 650 per-

280 658 392 688 tinere.
424 654 704 695 Quemadmodum
722 654 807 684 hune
826 651 1000 684 reducendi
1024 651 1134 692 populi
1158 652 1254 683 finem

279 699 392 730 habuit
416 698 585 734 Dominus,
616 702 650 727 ut
681 701 782 728 staret
813 695 947 727 ecclesia
977 694 1016 725 ad
1045 695 1103 726 filii
1126 695 1176 725 sui
1200 694 1254 726 ad-

279 748 432 779 ventum,
472 751 528 781 per
570 750 664 780 quem
708 749 782 770 vere
823 738 951 769 demum
993 737 1254 769 constitueretur.

280 785 389 824 Quum
420 785 465 815 ita
494 783 546 821 sit,
576 792 640 813 non
668 781 772 813 solum
796 781 934 812 Iesaiam
958 779 1132 819 alloquitur
1156 780 1255 820 Deus,

279 838 379 868 quum
396 827 483 858 iubet
506 825 676 865 obsignare
700 824 804 864 legem
828 829 860 854 et
883 824 1117 854 testimonium:
1142 823 1197 854 sed
1222 824 1254 854 in

280 871 348 902 eius
371 879 507 910 persona
530 878 642 899 omnes
665 877 740 898 suos
764 867 940 902 ministros,
968 865 1085 905 quibus
1109 866 1255 897 futurum

280 918 349 945 erat
382 918 545 944 certamen
580 920 653 942 cum
683 909 793 950 populi
825 908 1060 941 incredulitate.
1114 908 1256 948 Ideoque

280 956 449 988 Christum
481 954 513 984 in
544 953 668 994 primiS,
702 962 796 992 quem
830 952 950 983 maiore
973 951 1174 982 contumacia
1196 952 1255 982 im-

280 997 412 1039 petituri
442 1001 535 1028 erant
558 995 670 1027 Iudaei
701 1005 796 1035 quam
828 994 1010 1034 superiores
1040 1004 1152 1025 omnes
1186 1004 1255 1034 pro-

279 1041 403 1082 phetas.
455 1040 499 1070 Et
532 1049 618 1070 nunc
653 1038 800 1069 videmus
835 1037 890 1077 qui
926 1038 957 1068 in
993 1037 1095 1068 locum
1128 1036 1257 1068 Israelis

279 1083 443 1124 subrogati
459 1087 544 1119 sunt,
569 1091 632 1112 non
650 1080 744 1112 modo
762 1079 931 1119 repudiare
949 1080 1018 1111 eius
1042 1079 1256 1120 evangelium,

279 1126 334 1158 sed
364 1125 480 1157 furiose
508 1134 634 1164 quoque
657 1124 691 1154 in
714 1123 821 1163 ipsum
845 1133 948 1154 ruere.
996 1122 1119 1153 Verum
1144 1126 1256 1154 utcun-

280 1179 340 1209 que
371 1168 531 1208 evangelii
561 1167 706 1198 doctrina
728 1165 880 1198 ecclcsiae
905 1165 1090 1196 domesticis
1113 1165 1193 1205 lapis
1216 1165 1258 1196 sit
1282 1175 1284 1186 <

280 1211 439 1243 scandali:
478 1219 542 1241 non
574 1209 644 1241 vult
675 1216 783 1240 tamen
808 1209 898 1240 Deus
928 1209 1031 1249 ipsam
1056 1207 1256 1246 intercidere,

279 1255 358 1295 quin
399 1253 504 1294 potius
546 1252 709 1293 obsignari
750 1252 837 1283 iubet
877 1252 962 1282 inter
997 1250 1186 1290 discipulos,
1226 1255 1258 1282 et

280 1297 434 1329 Christus
450 1295 618 1327 doctorum
641 1295 786 1326 omnium
812 1294 943 1325 nomine
967 1299 1121 1333 tanquam
1145 1304 1257 1324 eorum

279 1343 388 1380 caput,
419 1339 482 1370 imo
514 1339 625 1370 unicus
650 1338 760 1369 doctor
784 1338 838 1377 qui
862 1347 972 1368 eorum
996 1337 1176 1367 ministerio
1200 1347 1257 1368 nos

281 1383 383 1423 regit:
408 1382 606 1422 pronuntiat,
635 1382 667 1411 in
692 1386 758 1411 tam
788 1379 954 1420 deplorata
983 1379 1095 1410 mundi
1121 1378 1256 1419 iugrati-

281 1426 394 1457 tudine
416 1435 542 1464 semper
568 1431 675 1455 tamen
699 1423 765 1454 fore
789 1423 911 1462 aliquos
939 1422 993 1462 qui
1017 1432 1050 1453 se
1073 1421 1144 1453 Deo
1167 1422 1257 1453 obse-

282 1471 417 1508 quentes
441 1467 586 1498 reddant.
626 1467 678 1497 En
701 1466 859 1506 quomodo
882 1465 970 1496 locus
989 1464 1109 1496 Iesaiae
1126 1464 1257 1496 Christo

282 1517 367 1543 recte
391 1515 530 1550 aptetur.
574 1509 661 1540 Hinc
685 1509 806 1548 colligit
837 1508 1003 1548 apostolus
1034 1518 1092 1539 nos
1123 1517 1197 1539 cum
1221 1517 1257 1538 eo

282 1565 382 1585 unum
406 1563 483 1589 esse,
514 1553 588 1592 quia
611 1563 644 1583 se
669 1552 759 1583 nobis
789 1557 954 1591 aggregat,
986 1551 1062 1581 dum
1088 1561 1121 1581 se
1146 1557 1177 1581 et
1201 1561 1258 1581 nos

282 1597 404 1637 pariter
435 1596 530 1627 offert
555 1595 624 1626 Deo
655 1594 748 1634 patri.
794 1593 905 1625 Unum
935 1593 1020 1624 enim
1052 1603 1169 1633 eorpus
1193 1593 1258 1624 elfi-

283 1640 373 1671 eiunt
404 1639 457 1678 qui
484 1638 542 1669 sub
565 1638 677 1668 eadem
700 1636 774 1667 fidei
798 1636 910 1677 regula
934 1635 1004 1667 Deo
1028 1636 1257 1676 obsequuntur.

283 1682 371 1721 Quid
407 1680 511 1721 aptius
540 1681 578 1711 ad
610 1680 683 1711 fidei
713 1678 1022 1711 commendationem
1055 1678 1116 1710 dici
1157 1678 1259 1718 possit

283 1735 377 1765 quam
401 1724 432 1755 in
455 1734 492 1755 ea
524 1734 580 1754 nos
607 1733 676 1754 esse
700 1723 765 1753 filio
788 1721 850 1753 Dei
874 1723 1015 1759 comites,
1045 1722 1101 1762 qui
1125 1732 1182 1753 suo
1205 1732 1258 1752 ex—

284 1767 390 1807 emplo
421 1777 479 1798 nos
509 1766 656 1797 hortatur
685 1776 720 1797 ac
751 1765 835 1795 viam
866 1765 1126 1804 praemonstrat?

284 1809 313 1841 si
342 1809 479 1841 verbum
502 1808 564 1839 Dei
591 1818 774 1848 sequamur,
806 1812 893 1838 certo
916 1808 1035 1838 scimus
1059 1818 1117 1838 nos
1140 1806 1259 1838 habere

283 1853 451 1885 Christum
476 1851 606 1883 ducem:
631 1850 901 1891 quemadmodum
926 1850 1005 1881 nihil
1030 1849 1069 1881 ad
1090 1849 1259 1882 Christum

284 1896 446 1936 pertinent
473 1895 527 1934 qui
558 1905 576 1925 a
600 1894 690 1925 verbi
720 1893 904 1924 obedientia
928 1892 1115 1924 deflectunt.

284 1939 424 1974 obsecro,
456 1936 559 1976 magis
581 1936 720 1977 optabile
745 1946 840 1975 quam
865 1942 900 1965 ut
923 1937 1162 1966 consentiamus
1185 1946 1258 1966 cum

287 1981 352 2012 filio
376 1979 460 2011 Dei?
497 1980 561 2011 Hic
585 1985 691 2010 autem
715 1988 890 2010 consensus
914 1978 976 2009 fide
1000 1984 1133 2010 constat.
1170 1978 1258 2018 Ergo

285 2023 473 2055 infidelitate
505 2022 544 2053 ab
574 2033 611 2053 eo
641 2021 849 2053 dissidemus:
884 2031 946 2061 quo
978 2021 1058 2051 nihil
1086 2028 1134 2052 est
1157 2021 1259 2061 magis

286 2066 484 2097 detestabile.
521 2065 645 2096 Nomen
663 2064 764 2104 pueri,
789 2063 873 2103 quod
893 2074 1024 2095 servum
1048 2064 1159 2095 multis
1181 2063 1261 2095 locis

287 2109 457 2149 signifieat,
482 2108 535 2139 hic
559 2118 615 2148 pro
639 2107 795 2147 discipulo
818 2106 954 2146 capitur.

377 2151 460 2190 Quos
471 2150 561 2182 dedit.
586 2150 649 2181 Hie
666 2156 794 2181 notatur
812 2149 918 2188 prima
934 2149 1134 2180 obedientiae
1147 2157 1260 2180 eausa:

287 2204 404 2234 nempe
421 2193 505 2233 quod
522 2193 611 2224 Deus
627 2192 688 2224 sibi
705 2202 763 2223 nos
778 2191 955 2231 adoptavit.
994 2192 1108 2223 Nullos
1131 2191 1261 2222 adducit

287 2237 440 2269 Christus
463 2236 503 2267 ad
526 2241 660 2276 patrem,
692 2236 753 2266 nisi
783 2235 821 2265 ab
845 2236 913 2274 ipso
937 2235 997 2266 sibi
1021 2234 1120 2266 datos.
1165 2234 1260 2266 Hanc

288 2290 364 2311 vero
393 2278 598 2310 donationem
629 2289 668 2309 ex
699 2284 831 2309 aeterna
858 2277 1012 2308 electione
1043 2277 1181 2317 pendere
1204 2277 1261 2308 sci-

288 2332 375 2353 mus:
410 2322 484 2362 quia
514 2331 594 2361 quos
622 2327 714 2361 pater
744 2319 918 2351 destinavit
942 2320 981 2351 ad
1005 2321 1115 2357 vitam,
1150 2329 1204 2351 eos
1227 2320 1260 2350 in

287 2364 465 2396 custodiam
482 2364 547 2395 filio
571 2374 627 2395 suo
651 2363 750 2394 tradit
774 2370 809 2394 ut
832 2363 918 2402 ipsos
942 2366 1081 2394 tueatur.
1117 2362 1190 2393 Hoc
1213 2367 1261 2393 est
1286 2372 1289 2402 i

290 2407 372 2447 quod
401 2407 478 2438 dicit
506 2406 591 2447 apud
615 2406 795 2437 Iohannem
818 2404 861 2445 (6,
891 2405 956 2446 37),
986 2405 1153 2445 Quidquid
1176 2405 1262 2436 dedit

290 2450 371 2480 mihi
405 2458 506 2490 pater,
541 2449 580 2480 ad
615 2459 665 2480 me
700 2449 818 2480 veniet.
872 2448 966 2487 Quod
1001 2459 1077 2489 ergo
1107 2458 1164 2479 nos
1191 2447 1262 2479 Deo

291 2493 478 2523 subiicimus
506 2493 540 2523 in
570 2492 755 2532 obsequium
780 2491 865 2531 fidei,
895 2492 1055 2522 diseamus
1078 2490 1138 2522 hoc
1162 2495 1261 2521 totum

290 2534 360 2565 eius
390 2535 626 2567 misericordiae
656 2539 822 2574 acceptum
854 2535 950 2565 ferre:
986 2534 1062 2574 quia
1097 2543 1263 2573 nunquam

292 2577 384 2608 aliter
417 2577 456 2607 ad
486 2588 559 2608 eum
591 2577 826 2609 adduceremur
856 2576 979 2608 Christi
1011 2586 1115 2607 manu.
1168 2575 1265 2607 Prae-

292 2627 381 2651 terea
397 2629 502 2652 raram
518 2620 653 2651 fiduciae
670 2620 837 2650 materiam
854 2618 1003 2659 suppedit
1021 2619 1099 2650 haee
1111 2619 1264 2650 doctrina.

291 2661 374 2701 Quis
413 2662 498 2693 enim
541 2662 600 2694 sub
637 2662 699 2694 fide
737 2662 900 2702 tutelaque
938 2661 1061 2693 Christi
1103 2660 1264 2702 trepidet?

1280 343 1281 353 η
1308 313 1392 351 Quis
1415 313 1471 344 tali
1495 313 1626 344 custode
1661 314 1762 345 fretus
1786 323 1897 344 secure
1922 313 2063 352 pericula
2086 315 2194 345 omnia
2217 325 2280 346 non

1307 355 1514 386 contemnat?
1565 356 1607 386 Et
1640 366 1718 387 sane
1752 367 1851 396 quum
1886 355 1963 387 dicit
1997 355 2163 388 Christus:
2199 357 2282 389 Eece

1307 409 1365 438 ego
1399 399 1575 446 et pueri:
1611 399 1724 438 implet
1756 410 1789 429 re
1822 400 1890 438 ipsa
1921 399 2003 438 quod
2036 399 2111 430 alibi
2135 398 2199 440 (10,
2227 399 2282 440 28)

1308 446 1474 479 promittit,
1499 452 1532 471 se
1549 451 1612 472 non
1631 452 1798 481 passurum
1821 446 1855 472 ut
1878 442 2046 481 quisquam
2069 452 2111 473 ex
2130 443 2179 482 iis,
2201 452 2282 482 quos

1307 494 1324 512 a
1357 489 1445 522 patre
1477 485 1608 523 accepit,
1645 491 1763 524 pereat.
1811 484 1979 515 Postremo
2007 484 2083 515 hinc
2107 485 2281 516 notandum

1307 532 1371 561 est,
1410 525 1536 556 etiamsi
1577 527 1716 557 mundus
1755 527 1876 558 furiosa
1913 527 2114 558 contumacia
2150 533 2284 567 respuat

1307 567 1523 607 evangelium,
1557 579 1633 600 oves
1667 575 1775 600 tamen
1810 580 1936 609 semper
1969 570 2136 610 agnituras
2172 580 2282 602 vocem

1309 610 1461 641 Pastoris.
1497 609 1607 649 Quare
1634 621 1673 642 ne
1704 611 1855 643 ordinum
1885 612 1952 643 fere
1974 612 2119 643 omnium
2143 617 2175 643 et
2198 617 2283 644 aeta-

1309 658 1378 684 tum
1408 658 1440 683 et
1462 653 1609 692 gentium
1633 654 1780 694 impietas
1804 665 1862 686 nos
1885 655 2065 691 conturbet,
2096 654 2190 686 modo
2208 665 2283 686 suos

1307 695 1437 735 colligat
1460 694 1621 734 Christus,
1651 696 1706 736 qui
1737 697 1804 728 eius
1836 697 1910 729 fidei
1933 697 2092 729 commissi
2116 703 2202 729 sunt.
2247 696 2283 730 Si

1310 744 1408 769 ruunt
1431 739 1463 768 in
1488 743 1624 769 mortem
1648 748 1705 769 sua
1727 738 1894 779 impietate
1918 740 2053 780 reprobi,
2078 740 2283 772 eradicantur

1308 781 1368 811 hoc
1388 780 1482 811 modo
1499 780 1639 820 plantae,
1659 791 1738 820 quas
1755 781 1844 814 Deus
1867 793 1930 814 non
1955 783 2121 823 plantavit.
2152 783 2284 814 Interea

1308 824 1446 855 sciamus
1481 833 1554 854 suos
1588 823 1635 854 illi
1666 827 1759 855 notos
1789 834 1873 861 esse,
1907 830 1939 856 et
1968 826 2170 866 obsignatam
2198 825 2282 866 apud

1308 876 1380 897 eum
1405 866 1551 914 omni-um
1576 865 1726 904 salutem,
1750 876 1791 897 ne
1814 867 1884 906 quis
1907 867 2045 899 excidat.
2081 868 2152 900 Hoc
2176 868 2283 909 sigillo

1308 914 1450 940 contenti
1474 918 1584 940 snmus.

1397 994 1445 1024 14.
1474 993 1604 1033 Quando
1634 994 1734 1033 iyilur
1752 994 1847 1033 pueri
1874 995 1962 1026 carni
1983 997 2011 1026 et
2032 996 2181 1036 sanguini
2202 1006 2281 1028 com—

1309 1038 1476 1075 nmnicaut,
1509 1038 1572 1076 ipsc
1601 1047 1718 1076 quoque
1739 1037 1886 1069 similiter
1909 1038 2079 1069 eorundum
2100 1038 2163 1079 fuit
2178 1039 2280 1078 parti-

1308 1090 1386 1119 ceps,
1418 1082 1451 1110 ut
1469 1089 1529 1120 per
1551 1082 1675 1111 mortem
1698 1080 1828 1112 aboleret
1857 1090 1927 1111 eum
1948 1081 2002 1120 qui
2028 1080 2154 1112 habebat
2174 1082 2282 1113 mortis

1310 1123 1485 1161 imperium,
1516 1122 1568 1154 hoc
1598 1125 1651 1162 est,
1677 1122 1851 1154 diabolum.-
1896 1123 1945 1154 15.
1969 1125 1996 1154 et
2026 1123 2188 1155 redimeret
2216 1125 2283 1163 qui-

1308 1176 1425 1205 cunque
1452 1168 1534 1196 metu
1565 1166 1674 1197 mortis
1702 1176 1761 1205 per
1790 1167 1882 1197 totam
1911 1167 2007 1197 vitam
2039 1165 2164 1198 obnoxii
2197 1169 2283 1198 erant

1284 1242 1285 1246 ,
1309 1209 1459 1240 servituti.

1398 1294 1447 1325 14.
1496 1293 1627 1333 Quando
1651 1294 1747 1334 'iyitur
1763 1294 1869 1333 pueri.
1915 1293 2085 1325 Conclusio
2115 1298 2165 1325 est
2194 1305 2287 1335 supe-

1311 1337 1442 1374 riorum,
1465 1342 1497 1368 et
1520 1335 1616 1368 simul
1640 1337 1764 1376 plenior
1782 1346 1899 1368 causae
1922 1336 2059 1368 redditio
2082 1347 2177 1375 quam
2195 1338 2285 1377 prius

1311 1379 1452 1411 breviter
1476 1380 1639 1419 attigerat,
1662 1390 1719 1411 cur
1741 1379 1920 1419 oportuerit
1943 1379 2044 1410 filium
2071 1379 2130 1410 Dei
2153 1390 2283 1412 carnem

1312 1430 1456 1453 nostram
1479 1422 1629 1453 induere:
1661 1432 1778 1462 nempe
1801 1427 1837 1452 ut
1860 1422 1970 1453 eadem
1994 1423 2160 1454 nobiscum
2183 1422 2283 1462 parti·

1310 1467 1434 1505 ciparet
1456 1473 1580 1501 natura,
1611 1469 1642 1496 et
1665 1470 1802 1496 mortem
1826 1464 1991 1496 subeundo
2020 1475 2078 1496 nos
2113 1465 2151 1496 ab
2175 1475 2212 1496 ea
2235 1475 2283 1496 re·

1312 1508 1456 1539 dimeret.
1495 1508 1600 1539 Locus
1624 1507 1677 1539 hic
1700 1508 1872 1539 abservatu
1897 1507 2014 1548 dignus
2035 1513 2100 1539 est:
2124 1508 2198 1547 quia
2217 1518 2284 1539 non

1313 1557 1439 1582 tantum
1465 1551 1632 1582 veritatem
1656 1551 1817 1581 humanae
1840 1551 1873 1581 in
1890 1550 2020 1582 Christo
2044 1557 2179 1581 naturae
2198 1560 2283 1582 assc-

1285 1616 1286 1624 ,
1312 1594 1363 1630 rit,
1395 1593 1450 1625 sed
1480 1594 1554 1633 quia
1584 1594 1721 1624 fructum
1746 1603 1870 1633 quoque
1901 1594 2043 1624 ostendit
2067 1593 2122 1633 qui
2145 1593 2220 1624 inde
2243 1593 2283 1624 ad

1312 1647 1370 1668 nos
1394 1642 1532 1667 emanat.
1578 1636 1707 1676 Factus,
1730 1636 1844 1676 inquit,
1870 1636 1964 1667 homo
1988 1643 2036 1667 est
2058 1635 2143 1667 filius
2162 1635 2225 1667 Dei
2248 1641 2285 1667 ut

1312 1680 1506 1710 conditionis
1528 1679 1673 1710 eiusdem
1698 1689 1734 1710 ac
1758 1686 1891 1709 naturae
1915 1679 2081 1710 nobiscum
2107 1684 2191 1710 esset
2213 1689 2284 1718 par-

1172 1764 1199 1795 E
1285 1750 1286 1767 ,
1313 1723 1424 1762 ticeps.
1464 1722 1551 1761 Quid
1575 1721 1614 1753 ad
1635 1721 1710 1753 fidei
1733 1728 1861 1752 nostrae
1877 1722 2152 1753 confirmationem
2178 1722 2285 1761 aptius

1204 1774 1259 1804 rgo
1285 1771 1287 1787 ²

1312 1765 1373 1796 dici
1409 1764 1554 1805 poterat?
1606 1764 1858 1795 Inaestimabilis
1893 1765 1978 1795 enim
2013 1774 2092 1805 erga
2125 1774 2183 1795 nos
2214 1763 2285 1795 eius

1285 1815 1287 1845 ξ
1312 1818 1402 1838 amor
1426 1808 1478 1839 hic
1501 1813 1644 1847 apparet.
1679 1806 1745 1838 Sed
1769 1807 1917 1839 cumulus
1940 1813 2047 1838 exstat
2070 1807 2103 1838 in
2127 1817 2175 1844 eo,
2199 1806 2284 1847 quod

1285 1875 1286 1882 1
1312 1857 1462 1881 naturam
1485 1856 1628 1882 nostram
1659 1849 1764 1881 induit
1795 1857 1829 1880 ut
1860 1850 2019 1881 moriendi
2048 1849 2228 1881 conditioni
2251 1859 2285 1881 se

1161 1892 1258 1932 Quid,
1285 1889 1287 1911 ³

1313 1893 1501 1924 subiiceret:
1533 1899 1668 1924 mortem
1692 1893 1778 1924 enim
1808 1892 1918 1924 subire
1942 1893 2031 1924 Deus
2062 1903 2125 1924 non
2149 1895 2284 1932 poterat.

1313 1936 1518 1975 Quamquam
1550 1941 1657 1967 autem
1682 1935 1822 1967 breviter
1845 1934 1983 1967 fructum
2012 1936 2124 1966 mortis
2147 1935 2286 1975 attingit,

1312 1985 1360 2010 est
1384 1985 1493 2010 tamen
1517 1979 1549 2009 in
1580 1978 1640 2010 hac
1663 1979 1835 2009 verborum
1867 1978 2024 2009 brevitate
2054 1979 2132 2009 viva
2161 1978 2195 2009 in
2218 1977 2285 2018 pri—

1285 2036 1287 2061 7
1313 2022 1373 2053 mis
1397 2025 1429 2053 et
1452 2022 1567 2052 efficax
1590 2021 1636 2052 rei
1660 2021 1839 2061 expressio:
1865 2031 1981 2061 nempe
2003 2021 2088 2061 quod
2104 2030 2162 2052 nos
2185 2031 2205 2051 a
2220 2020 2285 2051 dia-

1313 2064 1377 2095 boli
1401 2063 1571 2104 tyrannide
1601 2064 1647 2095 ita
1670 2064 1853 2102 asseruerit,
1889 2068 1925 2094 ut
1956 2064 2020 2094 iam
2049 2064 2150 2095 simus
2180 2062 2220 2094 ab
2247 2071 2284 2093 eo

1286 2113 1287 2148 ᾖ
1313 2108 1430 2138 securi:
1454 2113 1486 2138 et
1508 2107 1554 2138 ita
1577 2117 1595 2137 a
1618 2114 1719 2137 morte
1746 2106 1926 2144 redemerit,
1957 2117 1997 2137 ne
2027 2106 2164 2146 amplius
2195 2104 2285 2136 nobis

1313 2150 1354 2181 sit
1377 2150 1528 2181 timenda.
1564 2149 1736 2181 Caeterum
1761 2150 1835 2189 quia
1852 2149 1978 2188 pondus
2003 2148 2123 2180 habent
2139 2147 2284 2188 singulae

1313 2192 1501 2233 particulae,
1525 2192 1713 2233 diligentius
1737 2192 1831 2232 paulo
1854 2191 2066 2223 excutiendae
2088 2195 2172 2223 sunt.
2211 2190 2284 2221 Pri—

1286 2257 1288 2265 ,
1313 2246 1412 2274 mum,
1435 2235 1497 2266 ista
1516 2235 1633 2266 diaboli
1652 2235 1792 2272 abolitio,
1817 2234 1856 2265 de
1872 2245 1934 2275 qua
1957 2234 2109 2274 loquitur,
2134 2234 2196 2264 huc
2212 2243 2284 2273 per-

1315 2279 1404 2316 tinet,
1436 2289 1476 2309 ne
1500 2278 1575 2318 quid
1601 2278 1635 2308 in
1666 2288 1724 2309 nos
1753 2278 1862 2317 possit.
1908 2277 2051 2308 Tametsi
2080 2276 2167 2307 enim
2198 2277 2286 2316 viget

1314 2321 1418 2352 adhuc
1442 2320 1597 2357 diabolus,
1633 2325 1665 2351 et
1695 2320 1786 2351 nobis
1817 2320 1942 2351 assidue
1971 2320 2104 2350 exitium
2134 2318 2285 2350 molitur:

1315 2370 1423 2394 tamen
1446 2364 1626 2395 exstinctae
1651 2363 1701 2394 vel
1723 2365 1851 2394 retusae
1873 2367 1949 2394 sunt
1971 2361 2039 2393 eius
2056 2362 2142 2393 vires
2165 2361 2206 2392 ad
2229 2371 2285 2392 no-

1314 2406 1461 2438 cendum.
1507 2406 1598 2438 Haec
1620 2406 1736 2446 ingens
1759 2412 1808 2437 est
1836 2404 2018 2443 consolatio,
2048 2404 2133 2444 quod
2157 2404 2285 2440 seimus,

1315 2458 1387 2479 eum
1411 2459 1448 2479 eo
1473 2449 1565 2480 nobis
1593 2449 1686 2480 hoste
1708 2459 1778 2480 esse
1801 2447 1965 2488 negotium
1988 2448 2042 2486 qui
2066 2447 2149 2478 nihil
2171 2447 2205 2478 in
2228 2456 2286 2478 nos

1316 2497 1429 2531 potest.
1475 2491 1560 2522 Nam
1583 2491 1614 2522 id
1645 2491 1769 2522 dietum
1792 2501 1862 2522 esse
1884 2496 2031 2530 respectu
2054 2490 2167 2528 nostri,
2198 2489 2286 2521 eolli-

1317 2544 1392 2574 gere
1427 2534 1501 2565 licet
1535 2545 1575 2565 ex
1608 2534 1756 2574 proximo
1791 2533 1944 2569 membro,
1979 2532 2166 2564 aboleret
2199 2541 2286 2563 eum

1316 2577 1384 2616 qui
1425 2577 1605 2608 habebat
1645 2577 1787 2607 mortis
1828 2575 2055 2615 imperium.
2117 2575 2287 2616 Significat

1317 2621 1403 2650 enim
1426 2619 1589 2659 apostolus
1616 2619 1771 2651 abolitum
1794 2628 1864 2650 esse
1887 2617 2047 2649 diabolum
2072 2623 2230 2658 quatenus
2253 2617 2287 2648 in

1318 2667 1463 2694 nostrum
1486 2662 1622 2694 exitium
1644 2661 1810 2702 regnabat.
1855 2660 1940 2692 Nam
1963 2661 2002 2692 ab
2025 2661 2141 2693 effectu
2162 2660 2208 2692 sie
2231 2668 2286 2692 vo-
