<?xml version="1.0" encoding="UTF-8"?>
<!DOCTYPE html PUBLIC "-//W3C//DTD XHTML 1.0 Transitional//EN"
    "http://www.w3.org/TR/xhtml1/DTD/xhtml1-transitional.dtd">
<html xmlns="http://www.w3.org/1999/xhtml" xml:lang="en" lang="en">
 <head>
  <title>
</title>
<meta http-equiv="Content-Type" content="text/html;charset=utf-8" />
  <meta name='ocr-system' content='tesseract 3.04.00' />
  <meta name='ocr-capabilities' content='ocr_page ocr_carea ocr_par ocr_line ocrx_word'/>
</head>
<body>
  <div class='ocr_page' id='page_1' title='image "./ioanniscalviniop55calv_0130.png"; bbox 0 0 2513 3126; ppageno 0'>
   <div class='ocr_carea' id='block_1_1' title="bbox 266 209 328 239">
    <p class='ocr_par' dir='ltr' id='par_1_1' title="bbox 266 209 328 239">
     <span class='ocr_line' id='line_1_1' title="bbox 266 209 328 239; baseline -0.032 0"><span class='ocrx_word' id='word_1_1' title='bbox 266 209 328 239; x_wconf 70' lang='lat'>223</span> 
     </span>
    </p>
   </div>
   <div class='ocr_carea' id='block_1_2' title="bbox 266 301 1237 422">
    <p class='ocr_par' dir='ltr' id='par_1_2' title="bbox 266 301 1237 422">
     <span class='ocr_line' id='line_1_2' title="bbox 266 301 1237 343; baseline -0.005 -7"><span class='ocrx_word' id='word_1_2' title='bbox 266 306 398 337; x_wconf 80' lang='lat' dir='ltr'>minutis</span> <span class='ocrx_word' id='word_1_3' title='bbox 433 314 464 336; x_wconf 79' lang='grc' dir='ltr'>οι</span> <span class='ocrx_word' id='word_1_4' title='bbox 501 315 596 343; x_wconf 76' lang='lat' dir='ltr'>propo</span> <span class='ocrx_word' id='word_1_5' title='bbox 633 302 724 332; x_wconf 78' lang='lat' dir='ltr'>nihili</span> <span class='ocrx_word' id='word_1_6' title='bbox 764 301 921 332; x_wconf 78' lang='lat' dir='ltr'>Dominus</span> <span class='ocrx_word' id='word_1_7' title='bbox 957 301 1108 340; x_wconf 87' lang='lat' dir='ltr'>populum</span> <span class='ocrx_word' id='word_1_8' title='bbox 1144 311 1237 331; x_wconf 85' lang='lat' dir='ltr'>suum</span> 
     </span>
     <span class='ocr_line' id='line_1_3' title="bbox 266 343 1235 383; baseline -0.006 -4"><span class='ocrx_word' id='word_1_9' title='bbox 266 349 305 379; x_wconf 79' lang='lat' dir='ltr'>ad</span> <span class='ocrx_word' id='word_1_10' title='bbox 330 348 412 379; x_wconf 81' lang='lat' dir='ltr'>huno</span> <span class='ocrx_word' id='word_1_11' title='bbox 437 347 677 378; x_wconf 70' lang='lat' dir='ltr'>meditationem</span> <span class='ocrx_word' id='word_1_12' title='bbox 703 343 915 378; x_wconf 66' lang='lat' dir='ltr'>assuefecerit,</span> <span class='ocrx_word' id='word_1_13' title='bbox 940 354 1002 383; x_wconf 89' lang='lat' dir='ltr'>quo</span> <span class='ocrx_word' id='word_1_14' title='bbox 1031 345 1132 382; x_wconf 76' lang='lat' dir='ltr'>magis</span> <span class='ocrx_word' id='word_1_15' title='bbox 1152 344 1235 374; x_wconf 81' lang='lat' dir='ltr'>solli-</span> 
     </span>
     <span class='ocr_line' id='line_1_4' title="bbox 266 391 569 422; baseline -0.017 0"><span class='ocrx_word' id='word_1_16' title='bbox 266 392 327 422; x_wconf 82' lang='lat' dir='ltr'>cito</span> <span class='ocrx_word' id='word_1_17' title='bbox 351 391 409 420; x_wconf 86' lang='lat' dir='ltr'>sibi</span> <span class='ocrx_word' id='word_1_18' title='bbox 434 395 569 420; x_wconf 72' lang='lat' dir='ltr'>caveret.</span> 
     </span>
    </p>
   </div>
   <div class='ocr_carea' id='block_1_3' title="bbox 356 472 1238 512">
    <p class='ocr_par' dir='ltr' id='par_1_3' title="bbox 356 472 1238 512">
     <span class='ocr_line' id='line_1_5' title="bbox 356 472 1238 512; baseline -0.001 -8"><span class='ocrx_word' id='word_1_19' title='bbox 356 476 401 505; x_wconf 74' lang='lat'>17.</span> <span class='ocrx_word' id='word_1_20' title='bbox 428 473 467 503; x_wconf 71' lang='lat' dir='ltr'>Et</span> <span class='ocrx_word' id='word_1_21' title='bbox 485 473 514 504; x_wconf 74' lang='lat' dir='ltr'>si</span> <span class='ocrx_word' id='word_1_22' title='bbox 530 475 652 512; x_wconf 75' lang='lat' dir='ltr'>patrem</span> <span class='ocrx_word' id='word_1_23' title='bbox 669 472 817 503; x_wconf 75' lang='lat' dir='ltr'>invocatis</span> <span class='ocrx_word' id='word_1_24' title='bbox 840 482 917 509; x_wconf 73' lang='lat' dir='ltr'>eum,</span> <span class='ocrx_word' id='word_1_25' title='bbox 937 472 991 511; x_wconf 74' lang='lat' dir='ltr'>qui</span> <span class='ocrx_word' id='word_1_26' title='bbox 1007 472 1073 502; x_wconf 77' lang='lat' dir='ltr'>sine</span> <span class='ocrx_word' id='word_1_27' title='bbox 1084 481 1238 510; x_wconf 77' lang='lat' dir='ltr'><em>personae</em></span> 
     </span>
    </p>
   </div>
   <div class='ocr_carea' id='block_1_4' title="bbox 266 514 1264 557">
    <p class='ocr_par' dir='ltr' id='par_1_4' title="bbox 266 514 1264 557">
     <span class='ocr_line' id='line_1_6' title="bbox 266 514 1264 557; baseline -0.003 -9"><span class='ocrx_word' id='word_1_28' title='bbox 266 518 432 557; x_wconf 68' lang='lat' dir='ltr'>acceptioue</span> <span class='ocrx_word' id='word_1_29' title='bbox 454 516 623 546; x_wconf 74' lang='lat' dir='ltr'>secundum</span> <span class='ocrx_word' id='word_1_30' title='bbox 645 516 792 554; x_wconf 70' lang='lat' dir='ltr'>cuiusque</span> <span class='ocrx_word' id='word_1_31' title='bbox 814 525 892 553; x_wconf 74' lang='lat' dir='ltr'>opus</span> <span class='ocrx_word' id='word_1_32' title='bbox 916 514 1047 545; x_wconf 76' lang='lat' dir='ltr'>iudicat:</span> <span class='ocrx_word' id='word_1_33' title='bbox 1074 515 1106 544; x_wconf 77' lang='lat' dir='ltr'>in</span> <span class='ocrx_word' id='word_1_34' title='bbox 1130 514 1238 545; x_wconf 74' lang='lat' dir='ltr'>timore</span> <span class='ocrx_word' id='word_1_35' title='bbox 1262 537 1264 545; x_wconf 72' lang='grc'>,</span> 
     </span>
    </p>
   </div>
   <div class='ocr_carea' id='block_1_5' title="bbox 262 557 1239 1069">
    <p class='ocr_par' dir='ltr' id='par_1_5' title="bbox 262 557 1239 1069">
     <span class='ocr_line' id='line_1_7' title="bbox 265 557 1235 597; baseline -0.003 -6"><span class='ocrx_word' id='word_1_36' title='bbox 265 562 486 595; x_wconf 59' lang='lat' dir='ltr'>conversantes,</span> <span class='ocrx_word' id='word_1_37' title='bbox 499 561 617 597; x_wconf 73' lang='lat' dir='ltr'>tempus</span> <span class='ocrx_word' id='word_1_38' title='bbox 633 558 779 588; x_wconf 73' lang='lat' dir='ltr'>incolatus</span> <span class='ocrx_word' id='word_1_39' title='bbox 787 558 883 588; x_wconf 64' lang='lat' dir='ltr'>vestri</span> <span class='ocrx_word' id='word_1_40' title='bbox 892 557 1068 596; x_wconf 70' lang='lat' dir='ltr'>trunsiyitc:</span> <span class='ocrx_word' id='word_1_41' title='bbox 1086 557 1132 588; x_wconf 90' lang='grc'>18.</span> <span class='ocrx_word' id='word_1_42' title='bbox 1142 557 1235 588; x_wconf 83' lang='lat' dir='ltr'>scien-</span> 
     </span>
     <span class='ocr_line' id='line_1_8' title="bbox 266 599 1238 641; baseline -0.002 -8"><span class='ocrx_word' id='word_1_43' title='bbox 266 606 308 633; x_wconf 76' lang='lat' dir='ltr'>tes</span> <span class='ocrx_word' id='word_1_44' title='bbox 330 602 412 641; x_wconf 70' lang='lat' dir='ltr'>quod</span> <span class='ocrx_word' id='word_1_45' title='bbox 435 612 495 632; x_wconf 78' lang='lat' dir='ltr'>mm</span> <span class='ocrx_word' id='word_1_46' title='bbox 517 600 768 640; x_wconf 59' lang='lat' dir='ltr'>corruptibilibus</span> <span class='ocrx_word' id='word_1_47' title='bbox 791 602 914 639; x_wconf 74' lang='lat' dir='ltr'>arycnto</span> <span class='ocrx_word' id='word_1_48' title='bbox 932 599 978 630; x_wconf 78' lang='lat' dir='ltr'>vel</span> <span class='ocrx_word' id='word_1_49' title='bbox 997 610 1073 631; x_wconf 78' lang='lat' dir='ltr'>auro</span> <span class='ocrx_word' id='word_1_50' title='bbox 1092 599 1238 640; x_wconf 75' lang='lat' dir='ltr'>redempti</span> 
     </span>
     <span class='ocr_line' id='line_1_9' title="bbox 265 642 1237 681; baseline -0.001 -6"><span class='ocrx_word' id='word_1_51' title='bbox 265 645 336 675; x_wconf 63' lang='lat' dir='ltr'>silis</span> <span class='ocrx_word' id='word_1_52' title='bbox 366 655 386 674; x_wconf 85' lang='lat' dir='ltr'>a</span> <span class='ocrx_word' id='word_1_53' title='bbox 416 654 497 675; x_wconf 76' lang='lat' dir='ltr'>vana</span> <span class='ocrx_word' id='word_1_54' title='bbox 526 646 623 674; x_wconf 70' lang='lat' dir='ltr'>restra</span> <span class='ocrx_word' id='word_1_55' title='bbox 653 643 880 674; x_wconf 67' lang='lat' dir='ltr'>conversatione</span> <span class='ocrx_word' id='word_1_56' title='bbox 903 653 923 673; x_wconf 87' lang='lat' dir='ltr'>a</span> <span class='ocrx_word' id='word_1_57' title='bbox 941 642 1088 681; x_wconf 66' lang='lat' dir='ltr'>patribus</span> <span class='ocrx_word' id='word_1_58' title='bbox 1110 642 1237 681; x_wconf 75' lang='lat' dir='ltr'>tradita,</span> 
     </span>
     <span class='ocr_line' id='line_1_10' title="bbox 269 685 1238 726; baseline -0.002 -9"><span class='ocrx_word' id='word_1_59' title='bbox 269 687 316 718; x_wconf 76' lang='lat'>19.</span> <span class='ocrx_word' id='word_1_60' title='bbox 341 688 394 719; x_wconf 66' lang='lat' dir='ltr'>scd</span> <span class='ocrx_word' id='word_1_61' title='bbox 413 687 546 726; x_wconf 67' lang='lat' dir='ltr'>pretioso</span> <span class='ocrx_word' id='word_1_62' title='bbox 568 686 720 725; x_wconf 69' lang='lat' dir='ltr'>scmyuine</span> <span class='ocrx_word' id='word_1_63' title='bbox 745 686 820 716; x_wconf 71' lang='lat' dir='ltr'>uelut</span> <span class='ocrx_word' id='word_1_64' title='bbox 843 685 916 725; x_wconf 72' lang='lat' dir='ltr'><strong><em>‹19›ch</em></strong></span> <span class='ocrx_word' id='word_1_65' title='bbox 940 685 1131 716; x_wconf 72' lang='lat' dir='ltr'>immaculati</span> <span class='ocrx_word' id='word_1_66' title='bbox 1150 687 1175 715; x_wconf 76' lang='lat' dir='ltr'>et</span> <span class='ocrx_word' id='word_1_67' title='bbox 1190 685 1238 716; x_wconf 81' lang='lat' dir='ltr'>in-</span> 
     </span>
     <span class='ocr_line' id='line_1_11' title="bbox 266 728 1237 767; baseline -0.003 -6"><span class='ocrx_word' id='word_1_68' title='bbox 266 731 467 762; x_wconf 74' lang='lat' dir='ltr'>contaminati</span> <span class='ocrx_word' id='word_1_69' title='bbox 503 729 635 760; x_wconf 37' lang='lat' dir='ltr'>ctu-vesti.-</span> <span class='ocrx_word' id='word_1_70' title='bbox 673 729 715 760; x_wconf 77' lang='lat'>20</span> <span class='ocrx_word' id='word_1_71' title='bbox 758 729 812 767; x_wconf 75' lang='lat' dir='ltr'>qui</span> <span class='ocrx_word' id='word_1_72' title='bbox 843 728 1085 767; x_wconf 76' lang='lat' dir='ltr'>praeordinatus</span> <span class='ocrx_word' id='word_1_73' title='bbox 1115 728 1237 767; x_wconf 73' lang='lat' dir='ltr'>quidem</span> 
     </span>
     <span class='ocr_line' id='line_1_12' title="bbox 265 770 1239 811; baseline -0.003 -7"><span class='ocrx_word' id='word_1_74' title='bbox 265 773 369 811; x_wconf 60' lang='lat' dir='ltr'>ficerat</span> <span class='ocrx_word' id='word_1_75' title='bbox 396 776 466 804; x_wconf 73' lang='lat' dir='ltr'>aule</span> <span class='ocrx_word' id='word_1_76' title='bbox 487 772 639 802; x_wconf 65' lang='lat' dir='ltr'>conditum</span> <span class='ocrx_word' id='word_1_77' title='bbox 662 771 821 807; x_wconf 65' lang='lat' dir='ltr'>vitandum,</span> <span class='ocrx_word' id='word_1_78' title='bbox 845 770 1062 809; x_wconf 71' lang='lat' dir='ltr'>nvanifestatus</span> <span class='ocrx_word' id='word_1_79' title='bbox 1080 773 1180 801; x_wconf 76' lang='lat' dir='ltr'>autem</span> <span class='ocrx_word' id='word_1_80' title='bbox 1195 773 1239 801; x_wconf 82' lang='lat' dir='ltr'>est</span> 
     </span>
     <span class='ocr_line' id='line_1_13' title="bbox 267 813 1238 854; baseline -0.003 -8"><span class='ocrx_word' id='word_1_81' title='bbox 267 817 412 846; x_wconf 61' lang='lat' dir='ltr'>caetremis</span> <span class='ocrx_word' id='word_1_82' title='bbox 442 814 628 853; x_wconf 73' lang='lat' dir='ltr'><em>temporibus</em></span> <span class='ocrx_word' id='word_1_83' title='bbox 655 816 779 854; x_wconf 75' lang='lat' dir='ltr'>propter</span> <span class='ocrx_word' id='word_1_84' title='bbox 808 824 870 851; x_wconf 78' lang='lat' dir='ltr'>vos,</span> <span class='ocrx_word' id='word_1_85' title='bbox 901 813 951 844; x_wconf 85' lang='lat'>21.</span> <span class='ocrx_word' id='word_1_86' title='bbox 982 814 1037 852; x_wconf 70' lang='lat' dir='ltr'>qui</span> <span class='ocrx_word' id='word_1_87' title='bbox 1056 823 1114 852; x_wconf 77' lang='lat' dir='ltr'>per</span> <span class='ocrx_word' id='word_1_88' title='bbox 1136 814 1238 852; x_wconf 72' lang='lat' dir='ltr'>ipsum</span> 
     </span>
     <span class='ocr_line' id='line_1_14' title="bbox 267 856 1239 895; baseline -0.004 -6"><span class='ocrx_word' id='word_1_89' title='bbox 267 858 390 889; x_wconf 65' lang='lat' dir='ltr'>creditis</span> <span class='ocrx_word' id='word_1_90' title='bbox 418 859 451 888; x_wconf 72' lang='lat' dir='ltr'>in</span> <span class='ocrx_word' id='word_1_91' title='bbox 476 857 577 887; x_wconf 74' lang='lat' dir='ltr'>Deum</span> <span class='ocrx_word' id='word_1_92' title='bbox 610 858 664 895; x_wconf 57' lang='lat' dir='ltr'>‹1201ss</span> <span class='ocrx_word' id='word_1_93' title='bbox 694 866 762 888; x_wconf 72' lang='lat' dir='ltr'>eum</span> <span class='ocrx_word' id='word_1_94' title='bbox 792 856 952 888; x_wconf 74' lang='lat' dir='ltr'>suscitavit</span> <span class='ocrx_word' id='word_1_95' title='bbox 979 866 1016 886; x_wconf 70' lang='lat' dir='ltr'>ex</span> <span class='ocrx_word' id='word_1_96' title='bbox 1043 856 1183 894; x_wconf 76' lang='lat' dir='ltr'>mortuis,</span> <span class='ocrx_word' id='word_1_97' title='bbox 1213 857 1239 885; x_wconf 76' lang='lat' dir='ltr'>et</span> 
     </span>
     <span class='ocr_line' id='line_1_15' title="bbox 264 898 1238 940; baseline -0.004 -8"><span class='ocrx_word' id='word_1_98' title='bbox 264 901 397 940; x_wconf 77' lang='lat' dir='ltr'>ylorium</span> <span class='ocrx_word' id='word_1_99' title='bbox 423 900 470 931; x_wconf 73' lang='lat' dir='ltr'>illi</span> <span class='ocrx_word' id='word_1_100' title='bbox 491 900 585 936; x_wconf 72' lang='lat' dir='ltr'>dedit,</span> <span class='ocrx_word' id='word_1_101' title='bbox 608 903 640 930; x_wconf 74' lang='lat' dir='ltr'>ut</span> <span class='ocrx_word' id='word_1_102' title='bbox 661 899 739 938; x_wconf 66' lang='lat' dir='ltr'>sedes</span> <span class='ocrx_word' id='word_1_103' title='bbox 763 902 863 930; x_wconf 79' lang='lat' dir='ltr'>vestra</span> <span class='ocrx_word' id='word_1_104' title='bbox 885 901 913 930; x_wconf 76' lang='lat' dir='ltr'>et</span> <span class='ocrx_word' id='word_1_105' title='bbox 933 908 1003 938; x_wconf 74' lang='lat' dir='ltr'>spes</span> <span class='ocrx_word' id='word_1_106' title='bbox 1018 899 1058 930; x_wconf 74' lang='lat' dir='ltr'>sit</span> <span class='ocrx_word' id='word_1_107' title='bbox 1074 899 1107 929; x_wconf 71' lang='lat' dir='ltr'>in</span> <span class='ocrx_word' id='word_1_108' title='bbox 1125 898 1238 929; x_wconf 69' lang='lat' dir='ltr'>Deum:</span> 
     </span>
     <span class='ocr_line' id='line_1_16' title="bbox 267 941 1239 983; baseline -0.004 -9"><span class='ocrx_word' id='word_1_109' title='bbox 267 943 318 975; x_wconf 82' lang='lat'>22.</span> <span class='ocrx_word' id='word_1_110' title='bbox 338 943 541 983; x_wconf 69' lang='lat' dir='ltr'>purificantes</span> <span class='ocrx_word' id='word_1_111' title='bbox 563 943 688 973; x_wconf 61' lang='lat' dir='ltr'>artimus</span> <span class='ocrx_word' id='word_1_112' title='bbox 710 945 829 973; x_wconf 76' lang='lat' dir='ltr'>vestras</span> <span class='ocrx_word' id='word_1_113' title='bbox 852 942 887 973; x_wconf 79' lang='lat' dir='ltr'>in</span> <span class='ocrx_word' id='word_1_114' title='bbox 908 941 1077 973; x_wconf 63' lang='lat' dir='ltr'>obedientia</span> <span class='ocrx_word' id='word_1_115' title='bbox 1101 941 1239 971; x_wconf 69' lang='lat' dir='ltr'>veritatis</span> 
     </span>
     <span class='ocr_line' id='line_1_17' title="bbox 262 984 1238 1025; baseline -0.005 -8"><span class='ocrx_word' id='word_1_116' title='bbox 262 997 321 1025; x_wconf 71' lang='lat' dir='ltr'>per</span> <span class='ocrx_word' id='word_1_117' title='bbox 350 986 507 1025; x_wconf 69' lang='lat' dir='ltr'>spiritmn,</span> <span class='ocrx_word' id='word_1_118' title='bbox 539 986 572 1016; x_wconf 53' lang='lat' dir='ltr'>&#39;in</span> <span class='ocrx_word' id='word_1_119' title='bbox 600 985 775 1024; x_wconf 73' lang='lat' dir='ltr'><em>fraternam</em></span> <span class='ocrx_word' id='word_1_120' title='bbox 796 985 955 1016; x_wconf 72' lang='lat' dir='ltr'>caritatem</span> <span class='ocrx_word' id='word_1_121' title='bbox 978 994 1037 1014; x_wconf 76' lang='lat' dir='ltr'>mm</span> <span class='ocrx_word' id='word_1_122' title='bbox 1058 984 1168 1020; x_wconf 74' lang='lat' dir='ltr'>fictam,</span> <span class='ocrx_word' id='word_1_123' title='bbox 1200 992 1238 1013; x_wconf 76' lang='lat' dir='ltr'>ex</span> 
     </span>
     <span class='ocr_line' id='line_1_18' title="bbox 262 1028 963 1069; baseline -0.003 -10"><span class='ocrx_word' id='word_1_124' title='bbox 262 1039 345 1069; x_wconf 71' lang='lat' dir='ltr'>paro</span> <span class='ocrx_word' id='word_1_125' title='bbox 366 1029 455 1060; x_wconf 74' lang='lat' dir='ltr'>corde</span> <span class='ocrx_word' id='word_1_126' title='bbox 477 1028 597 1067; x_wconf 73' lang='lat' dir='ltr'>diliyitc</span> <span class='ocrx_word' id='word_1_127' title='bbox 616 1038 670 1059; x_wconf 82' lang='lat' dir='ltr'>vos</span> <span class='ocrx_word' id='word_1_128' title='bbox 693 1030 797 1059; x_wconf 81' lang='lat' dir='ltr'>mutuo</span> <span class='ocrx_word' id='word_1_129' title='bbox 820 1028 963 1066; x_wconf 79' lang='lat' dir='ltr'>impense.</span> 
     </span>
    </p>
   </div>
   <div class='ocr_carea' id='block_1_6' title="bbox 268 1110 1242 2690">
    <p class='ocr_par' dir='ltr' id='par_1_6' title="bbox 268 1110 1242 2690">
     <span class='ocr_line' id='line_1_19' title="bbox 355 1110 1235 1152; baseline -0.005 -8"><span class='ocrx_word' id='word_1_130' title='bbox 355 1114 403 1144; x_wconf 73' lang='lat'>17.</span> <span class='ocrx_word' id='word_1_131' title='bbox 442 1113 484 1144; x_wconf 71' lang='lat' dir='ltr'>Et</span> <span class='ocrx_word' id='word_1_132' title='bbox 516 1113 546 1145; x_wconf 82' lang='lat' dir='ltr'>si</span> <span class='ocrx_word' id='word_1_133' title='bbox 572 1115 695 1152; x_wconf 71' lang='lat' dir='ltr'>patrem</span> <span class='ocrx_word' id='word_1_134' title='bbox 727 1113 884 1144; x_wconf 74' lang='lat' dir='ltr'>invocatis.</span> <span class='ocrx_word' id='word_1_135' title='bbox 940 1112 1098 1142; x_wconf 82' lang='lat' dir='ltr'>Invocare</span> <span class='ocrx_word' id='word_1_136' title='bbox 1133 1110 1235 1141; x_wconf 90' lang='lat' dir='ltr'>Deum</span> 
     </span>
     <span class='ocr_line' id='line_1_20' title="bbox 268 1152 1237 1197; baseline -0.005 -10"><span class='ocrx_word' id='word_1_137' title='bbox 268 1162 392 1197; x_wconf 85' lang='lat' dir='ltr'>patrem</span> <span class='ocrx_word' id='word_1_138' title='bbox 426 1156 478 1187; x_wconf 87' lang='lat' dir='ltr'>hic</span> <span class='ocrx_word' id='word_1_139' title='bbox 509 1156 670 1195; x_wconf 87' lang='lat' dir='ltr'>dicuntur,</span> <span class='ocrx_word' id='word_1_140' title='bbox 701 1157 753 1196; x_wconf 88' lang='lat' dir='ltr'>qui</span> <span class='ocrx_word' id='word_1_141' title='bbox 777 1165 810 1186; x_wconf 82' lang='lat' dir='ltr'>se</span> <span class='ocrx_word' id='word_1_142' title='bbox 835 1156 1028 1194; x_wconf 86' lang='lat' dir='ltr'>profitentur</span> <span class='ocrx_word' id='word_1_143' title='bbox 1051 1154 1120 1184; x_wconf 90' lang='lat' dir='ltr'>cius</span> <span class='ocrx_word' id='word_1_144' title='bbox 1145 1152 1237 1183; x_wconf 85' lang='lat' dir='ltr'>filios.</span> 
     </span>
     <span class='ocr_line' id='line_1_21' title="bbox 269 1196 1237 1239; baseline -0.005 -9"><span class='ocrx_word' id='word_1_145' title='bbox 269 1198 538 1239; x_wconf 82' lang='lat' dir='ltr'>quemadmodum</span> <span class='ocrx_word' id='word_1_146' title='bbox 569 1198 646 1229; x_wconf 88' lang='lat' dir='ltr'>dicit</span> <span class='ocrx_word' id='word_1_147' title='bbox 674 1199 791 1235; x_wconf 85' lang='lat' dir='ltr'>Moses,</span> <span class='ocrx_word' id='word_1_148' title='bbox 824 1199 906 1229; x_wconf 89' lang='lat' dir='ltr'>Gen.</span> <span class='ocrx_word' id='word_1_149' title='bbox 930 1198 982 1235; x_wconf 78' lang='lat'>48,</span> <span class='ocrx_word' id='word_1_150' title='bbox 1007 1197 1054 1234; x_wconf 74' lang='lat'>16,</span> <span class='ocrx_word' id='word_1_151' title='bbox 1084 1196 1237 1226; x_wconf 88' lang='lat' dir='ltr'>invocan-</span> 
     </span>
     <span class='ocr_line' id='line_1_22' title="bbox 268 1238 1238 1280; baseline -0.004 -8"><span class='ocrx_word' id='word_1_152' title='bbox 268 1242 343 1273; x_wconf 85' lang='lat' dir='ltr'>dum</span> <span class='ocrx_word' id='word_1_153' title='bbox 372 1252 442 1273; x_wconf 84' lang='lat' dir='ltr'>esse</span> <span class='ocrx_word' id='word_1_154' title='bbox 474 1251 590 1272; x_wconf 86' lang='lat' dir='ltr'>nomen</span> <span class='ocrx_word' id='word_1_155' title='bbox 624 1241 718 1273; x_wconf 86' lang='lat' dir='ltr'>Iacob</span> <span class='ocrx_word' id='word_1_156' title='bbox 750 1252 845 1280; x_wconf 84' lang='lat' dir='ltr'>super</span> <span class='ocrx_word' id='word_1_157' title='bbox 869 1240 1023 1280; x_wconf 80' lang='lat' dir='ltr'>Ephraim</span> <span class='ocrx_word' id='word_1_158' title='bbox 1054 1244 1086 1270; x_wconf 91' lang='lat' dir='ltr'>et</span> <span class='ocrx_word' id='word_1_159' title='bbox 1110 1238 1238 1269; x_wconf 89' lang='lat' dir='ltr'>Menas-</span> 
     </span>
     <span class='ocr_line' id='line_1_23' title="bbox 269 1281 1236 1323; baseline -0.004 -8"><span class='ocrx_word' id='word_1_160' title='bbox 269 1295 346 1323; x_wconf 85' lang='lat' dir='ltr'>sem,</span> <span class='ocrx_word' id='word_1_161' title='bbox 370 1291 407 1315; x_wconf 86' lang='lat' dir='ltr'>ut</span> <span class='ocrx_word' id='word_1_162' title='bbox 429 1284 464 1315; x_wconf 90' lang='lat' dir='ltr'>in</span> <span class='ocrx_word' id='word_1_163' title='bbox 488 1285 557 1315; x_wconf 86' lang='lat' dir='ltr'>eius</span> <span class='ocrx_word' id='word_1_164' title='bbox 581 1284 653 1315; x_wconf 83' lang='lat' dir='ltr'>tiliis</span> <span class='ocrx_word' id='word_1_165' title='bbox 676 1291 876 1315; x_wconf 85' lang='lat' dir='ltr'>censeantur.</span> <span class='ocrx_word' id='word_1_166' title='bbox 920 1284 994 1320; x_wconf 70' lang='lat' dir='ltr'>Quo</span> <span class='ocrx_word' id='word_1_167' title='bbox 1017 1291 1114 1313; x_wconf 86' lang='lat' dir='ltr'>sensu</span> <span class='ocrx_word' id='word_1_168' title='bbox 1138 1281 1236 1311; x_wconf 77' lang='lat' dir='ltr'>etiam</span> 
     </span>
     <span class='ocr_line' id='line_1_24' title="bbox 270 1323 1236 1367; baseline -0.004 -9"><span class='ocrx_word' id='word_1_169' title='bbox 270 1327 384 1367; x_wconf 88' lang='lat' dir='ltr'>gallice</span> <span class='ocrx_word' id='word_1_170' title='bbox 415 1326 550 1358; x_wconf 78' lang='lat' dir='ltr'>dicimus</span> <span class='ocrx_word' id='word_1_171' title='bbox 581 1326 791 1357; x_wconf 61' lang='lat' dir='ltr'>rechimer.</span> <span class='ocrx_word' id='word_1_172' title='bbox 838 1326 983 1364; x_wconf 87' lang='lat' dir='ltr'>Respicit</span> <span class='ocrx_word' id='word_1_173' title='bbox 1009 1330 1116 1355; x_wconf 88' lang='lat' dir='ltr'>autem</span> <span class='ocrx_word' id='word_1_174' title='bbox 1141 1324 1181 1354; x_wconf 88' lang='lat' dir='ltr'>ad</span> <span class='ocrx_word' id='word_1_175' title='bbox 1204 1323 1236 1354; x_wconf 91' lang='lat' dir='ltr'>id</span> 
     </span>
     <span class='ocr_line' id='line_1_25' title="bbox 270 1366 1236 1410; baseline -0.003 -10"><span class='ocrx_word' id='word_1_176' title='bbox 270 1369 353 1410; x_wconf 87' lang='lat' dir='ltr'>quod</span> <span class='ocrx_word' id='word_1_177' title='bbox 375 1369 465 1409; x_wconf 86' lang='lat' dir='ltr'>prius</span> <span class='ocrx_word' id='word_1_178' title='bbox 481 1369 615 1405; x_wconf 77' lang='lat' dir='ltr'>dixerat,</span> <span class='ocrx_word' id='word_1_179' title='bbox 639 1369 807 1408; x_wconf 79' lang='lat' dir='ltr'><strong>Tanquam</strong></span> <span class='ocrx_word' id='word_1_180' title='bbox 826 1368 883 1399; x_wconf 89' lang='lat' dir='ltr'>filii</span> <span class='ocrx_word' id='word_1_181' title='bbox 898 1368 1092 1399; x_wconf 76' lang='lat' dir='ltr'>obedientes.</span> <span class='ocrx_word' id='word_1_182' title='bbox 1131 1366 1236 1407; x_wconf 84' lang='lat' dir='ltr'><strong>Atque</strong></span> 
     </span>
     <span class='ocr_line' id='line_1_26' title="bbox 271 1409 1237 1452; baseline -0.004 -9"><span class='ocrx_word' id='word_1_183' title='bbox 271 1423 312 1443; x_wconf 77' lang='lat' dir='ltr'>ex</span> <span class='ocrx_word' id='word_1_184' title='bbox 342 1412 441 1452; x_wconf 87' lang='lat' dir='ltr'>patris</span> <span class='ocrx_word' id='word_1_185' title='bbox 472 1413 571 1451; x_wconf 89' lang='lat' dir='ltr'>ipsius</span> <span class='ocrx_word' id='word_1_186' title='bbox 601 1415 717 1442; x_wconf 80' lang='lat' dir='ltr'>natura</span> <span class='ocrx_word' id='word_1_187' title='bbox 747 1411 887 1442; x_wconf 79' lang='lat' dir='ltr'><strong>declarat</strong></span> <span class='ocrx_word' id='word_1_188' title='bbox 918 1410 1013 1450; x_wconf 91' lang='lat' dir='ltr'>quale</span> <span class='ocrx_word' id='word_1_189' title='bbox 1040 1409 1237 1440; x_wconf 86' lang='lat' dir='ltr'>obedientiae</span> 
     </span>
     <span class='ocr_line' id='line_1_27' title="bbox 271 1452 1237 1496; baseline -0.004 -10"><span class='ocrx_word' id='word_1_190' title='bbox 271 1465 372 1496; x_wconf 81' lang='lat' dir='ltr'>genus</span> <span class='ocrx_word' id='word_1_191' title='bbox 397 1455 627 1494; x_wconf 84' lang='lat' dir='ltr'>praestandum</span> <span class='ocrx_word' id='word_1_192' title='bbox 650 1455 701 1484; x_wconf 85' lang='lat' dir='ltr'>sit.</span> <span class='ocrx_word' id='word_1_193' title='bbox 743 1454 921 1491; x_wconf 77' lang='lat' dir='ltr'>Iudicat⁷</span> <span class='ocrx_word' id='word_1_194' title='bbox 945 1453 1059 1493; x_wconf 85' lang='lat' dir='ltr'>inquit,</span> <span class='ocrx_word' id='word_1_195' title='bbox 1083 1452 1237 1492; x_wconf 78' lang='lat' dir='ltr'>absque</span> 
     </span>
     <span class='ocr_line' id='line_1_28' title="bbox 270 1496 1238 1537; baseline -0.003 -9"><span class='ocrx_word' id='word_1_196' title='bbox 270 1498 429 1528; x_wconf 89' lang='lat' dir='ltr'>intuitu</span> <span class='ocrx_word' id='word_1_197' title='bbox 453 1507 676 1537; x_wconf 82' lang='lat' dir='ltr'>personae,</span> <span class='ocrx_word' id='word_1_198' title='bbox 700 1496 759 1527; x_wconf 91' lang='lat' dir='ltr'>hoc</span> <span class='ocrx_word' id='word_1_199' title='bbox 782 1502 840 1535; x_wconf 84' lang='lat' dir='ltr'>est,</span> <span class='ocrx_word' id='word_1_200' title='bbox 865 1507 928 1527; x_wconf 88' lang='lat' dir='ltr'>non</span> <span class='ocrx_word' id='word_1_201' title='bbox 953 1496 1080 1527; x_wconf 84' lang='lat' dir='ltr'>ducitur</span> <span class='ocrx_word' id='word_1_202' title='bbox 1103 1499 1238 1526; x_wconf 81' lang='lat' dir='ltr'>externa</span> 
     </span>
     <span class='ocr_line' id='line_1_29' title="bbox 271 1538 1237 1579; baseline -0.003 -8"><span class='ocrx_word' id='word_1_203' title='bbox 271 1540 371 1577; x_wconf 86' lang='lat' dir='ltr'>larva,</span> <span class='ocrx_word' id='word_1_204' title='bbox 403 1539 672 1579; x_wconf 86' lang='lat' dir='ltr'>quemadmodum</span> <span class='ocrx_word' id='word_1_205' title='bbox 707 1539 874 1570; x_wconf 87' lang='lat' dir='ltr'>homines:</span> <span class='ocrx_word' id='word_1_206' title='bbox 908 1539 963 1570; x_wconf 90' lang='lat' dir='ltr'>sed</span> <span class='ocrx_word' id='word_1_207' title='bbox 997 1549 1051 1571; x_wconf 88' lang='lat' dir='ltr'>cor</span> <span class='ocrx_word' id='word_1_208' title='bbox 1084 1538 1237 1575; x_wconf 83' lang='lat' dir='ltr'>intuetur,</span> 
     </span>
     <span class='ocr_line' id='line_1_30' title="bbox 274 1581 1238 1622; baseline -0.002 -9"><span class='ocrx_word' id='word_1_209' title='bbox 274 1585 298 1614; x_wconf 91' lang='grc'>1.</span> <span class='ocrx_word' id='word_1_210' title='bbox 317 1582 459 1613; x_wconf 84' lang='lat' dir='ltr'>Samuel.</span> <span class='ocrx_word' id='word_1_211' title='bbox 479 1584 527 1622; x_wconf 78' lang='lat'>10¹,</span> <span class='ocrx_word' id='word_1_212' title='bbox 551 1582 578 1613; x_wconf 80' lang='lat'>7.</span> <span class='ocrx_word' id='word_1_213' title='bbox 617 1582 660 1612; x_wconf 77' lang='lat' dir='ltr'>Et</span> <span class='ocrx_word' id='word_1_214' title='bbox 684 1582 767 1613; x_wconf 86' lang='lat' dir='ltr'>oculi</span> <span class='ocrx_word' id='word_1_215' title='bbox 791 1582 861 1613; x_wconf 90' lang='lat' dir='ltr'>eius</span> <span class='ocrx_word' id='word_1_216' title='bbox 884 1582 915 1612; x_wconf 93' lang='lat' dir='ltr'>in</span> <span class='ocrx_word' id='word_1_217' title='bbox 937 1581 1031 1612; x_wconf 86' lang='lat' dir='ltr'>fidem</span> <span class='ocrx_word' id='word_1_218' title='bbox 1051 1581 1238 1620; x_wconf 78' lang='lat' dir='ltr'>respiciunt,</span> 
     </span>
     <span class='ocr_line' id='line_1_31' title="bbox 271 1623 1238 1665; baseline -0.002 -9"><span class='ocrx_word' id='word_1_219' title='bbox 271 1626 351 1656; x_wconf 90' lang='lat' dir='ltr'>Iere.</span> <span class='ocrx_word' id='word_1_220' title='bbox 375 1626 404 1660; x_wconf 80' lang='lat'>5,</span> <span class='ocrx_word' id='word_1_221' title='bbox 429 1625 457 1656; x_wconf 88' lang='lat'>3.</span> <span class='ocrx_word' id='word_1_222' title='bbox 504 1625 575 1657; x_wconf 85' lang='lat' dir='ltr'>Hoc</span> <span class='ocrx_word' id='word_1_223' title='bbox 603 1625 702 1656; x_wconf 86' lang='lat' dir='ltr'>etiam</span> <span class='ocrx_word' id='word_1_224' title='bbox 733 1631 781 1656; x_wconf 85' lang='lat' dir='ltr'>est</span> <span class='ocrx_word' id='word_1_225' title='bbox 811 1625 893 1665; x_wconf 92' lang='lat' dir='ltr'>quod</span> <span class='ocrx_word' id='word_1_226' title='bbox 922 1624 981 1655; x_wconf 90' lang='lat' dir='ltr'>sibi</span> <span class='ocrx_word' id='word_1_227' title='bbox 1012 1623 1083 1655; x_wconf 90' lang='lat' dir='ltr'>vult</span> <span class='ocrx_word' id='word_1_228' title='bbox 1108 1623 1238 1661; x_wconf 82' lang='lat' dir='ltr'>Paulus,</span> 
     </span>
     <span class='ocr_line' id='line_1_32' title="bbox 270 1666 1237 1707; baseline -0.003 -8"><span class='ocrx_word' id='word_1_229' title='bbox 270 1668 362 1699; x_wconf 91' lang='lat' dir='ltr'>Rom.</span> <span class='ocrx_word' id='word_1_230' title='bbox 394 1668 423 1704; x_wconf 82' lang='lat'>2,</span> <span class='ocrx_word' id='word_1_231' title='bbox 457 1668 485 1704; x_wconf 81' lang='lat'>2,</span> <span class='ocrx_word' id='word_1_232' title='bbox 519 1677 618 1707; x_wconf 90' lang='lat' dir='ltr'>quum</span> <span class='ocrx_word' id='word_1_233' title='bbox 653 1667 715 1698; x_wconf 89' lang='lat' dir='ltr'>Dei</span> <span class='ocrx_word' id='word_1_234' title='bbox 749 1668 902 1699; x_wconf 89' lang='lat' dir='ltr'>iudicium</span> <span class='ocrx_word' id='word_1_235' title='bbox 936 1667 1028 1699; x_wconf 87' lang='lat' dir='ltr'>docet</span> <span class='ocrx_word' id='word_1_236' title='bbox 1061 1666 1237 1698; x_wconf 87' lang='lat' dir='ltr'>secundum</span> 
     </span>
     <span class='ocr_line' id='line_1_33' title="bbox 272 1709 1239 1752; baseline -0.001 -11"><span class='ocrx_word' id='word_1_237' title='bbox 272 1712 439 1742; x_wconf 86' lang='lat' dir='ltr'>veritatem</span> <span class='ocrx_word' id='word_1_238' title='bbox 469 1721 548 1742; x_wconf 89' lang='lat' dir='ltr'>esse.</span> <span class='ocrx_word' id='word_1_239' title='bbox 595 1710 678 1742; x_wconf 87' lang='lat' dir='ltr'>Nam</span> <span class='ocrx_word' id='word_1_240' title='bbox 709 1710 775 1742; x_wconf 88' lang='lat' dir='ltr'>illic</span> <span class='ocrx_word' id='word_1_241' title='bbox 797 1711 831 1741; x_wconf 92' lang='lat' dir='ltr'>in</span> <span class='ocrx_word' id='word_1_242' title='bbox 856 1711 1040 1752; x_wconf 69' lang='lat' dir='ltr'>hypocritas</span> <span class='ocrx_word' id='word_1_243' title='bbox 1063 1709 1239 1747; x_wconf 86' lang='lat' dir='ltr'>invehitur,</span> 
     </span>
     <span class='ocr_line' id='line_1_34' title="bbox 270 1751 1239 1794; baseline -0.002 -10"><span class='ocrx_word' id='word_1_244' title='bbox 270 1754 324 1794; x_wconf 92' lang='lat' dir='ltr'>qui</span> <span class='ocrx_word' id='word_1_245' title='bbox 347 1753 452 1784; x_wconf 86' lang='lat' dir='ltr'>Deum</span> <span class='ocrx_word' id='word_1_246' title='bbox 477 1753 566 1784; x_wconf 88' lang='lat' dir='ltr'>inani</span> <span class='ocrx_word' id='word_1_247' title='bbox 587 1753 692 1784; x_wconf 90' lang='lat' dir='ltr'>colore</span> <span class='ocrx_word' id='word_1_248' title='bbox 715 1753 782 1784; x_wconf 91' lang='lat' dir='ltr'>ludi</span> <span class='ocrx_word' id='word_1_249' title='bbox 806 1763 899 1793; x_wconf 84' lang='lat' dir='ltr'>posse</span> <span class='ocrx_word' id='word_1_250' title='bbox 921 1757 1062 1793; x_wconf 87' lang='lat' dir='ltr'>sperant.</span> <span class='ocrx_word' id='word_1_251' title='bbox 1103 1751 1239 1784; x_wconf 85' lang='lat' dir='ltr'>Summa</span> 
     </span>
     <span class='ocr_line' id='line_1_35' title="bbox 271 1795 1239 1837; baseline -0.001 -10"><span class='ocrx_word' id='word_1_252' title='bbox 271 1802 327 1834; x_wconf 90' lang='lat' dir='ltr'>est,</span> <span class='ocrx_word' id='word_1_253' title='bbox 361 1806 418 1827; x_wconf 90' lang='lat' dir='ltr'>nos</span> <span class='ocrx_word' id='word_1_254' title='bbox 445 1797 578 1827; x_wconf 91' lang='lat' dir='ltr'>minime</span> <span class='ocrx_word' id='word_1_255' title='bbox 601 1806 678 1836; x_wconf 84' lang='lat' dir='ltr'>erga</span> <span class='ocrx_word' id='word_1_256' title='bbox 704 1796 808 1827; x_wconf 90' lang='lat' dir='ltr'>Deum</span> <span class='ocrx_word' id='word_1_257' title='bbox 832 1796 974 1837; x_wconf 82' lang='lat' dir='ltr'>defungi,</span> <span class='ocrx_word' id='word_1_258' title='bbox 1004 1797 1031 1827; x_wconf 87' lang='lat' dir='ltr'>si</span> <span class='ocrx_word' id='word_1_259' title='bbox 1054 1796 1082 1826; x_wconf 91' lang='lat' dir='ltr'>ei</span> <span class='ocrx_word' id='word_1_260' title='bbox 1106 1795 1146 1826; x_wconf 89' lang='lat' dir='ltr'>ad</span> <span class='ocrx_word' id='word_1_261' title='bbox 1168 1804 1239 1826; x_wconf 91' lang='lat' dir='ltr'>ocu-</span> 
     </span>
     <span class='ocr_line' id='line_1_36' title="bbox 270 1837 1238 1879; baseline -0.002 -9"><span class='ocrx_word' id='word_1_262' title='bbox 270 1839 337 1870; x_wconf 85' lang='lat' dir='ltr'>lum</span> <span class='ocrx_word' id='word_1_263' title='bbox 375 1839 601 1879; x_wconf 79' lang='lat' dir='ltr'>obsequamur:</span> <span class='ocrx_word' id='word_1_264' title='bbox 641 1849 705 1869; x_wconf 91' lang='lat' dir='ltr'>non</span> <span class='ocrx_word' id='word_1_265' title='bbox 744 1840 830 1870; x_wconf 89' lang='lat' dir='ltr'>enim</span> <span class='ocrx_word' id='word_1_266' title='bbox 867 1839 1031 1870; x_wconf 88' lang='lat' dir='ltr'>hominem</span> <span class='ocrx_word' id='word_1_267' title='bbox 1069 1837 1238 1869; x_wconf 79' lang='lat' dir='ltr'>mortalem</span> 
     </span>
     <span class='ocr_line' id='line_1_37' title="bbox 271 1881 1238 1922; baseline -0.002 -9"><span class='ocrx_word' id='word_1_268' title='bbox 271 1892 353 1919; x_wconf 81' lang='lat' dir='ltr'>esse,</span> <span class='ocrx_word' id='word_1_269' title='bbox 388 1883 439 1913; x_wconf 88' lang='lat' dir='ltr'>cui</span> <span class='ocrx_word' id='word_1_270' title='bbox 473 1882 648 1913; x_wconf 79' lang='lat' dir='ltr'>satisfaciat</span> <span class='ocrx_word' id='word_1_271' title='bbox 680 1892 832 1922; x_wconf 88' lang='lat' dir='ltr'>persona:</span> <span class='ocrx_word' id='word_1_272' title='bbox 867 1881 923 1912; x_wconf 90' lang='lat' dir='ltr'>sed</span> <span class='ocrx_word' id='word_1_273' title='bbox 952 1883 1039 1913; x_wconf 89' lang='lat' dir='ltr'>intus</span> <span class='ocrx_word' id='word_1_274' title='bbox 1068 1881 1175 1922; x_wconf 85' lang='lat' dir='ltr'>legere</span> <span class='ocrx_word' id='word_1_275' title='bbox 1204 1881 1238 1911; x_wconf 89' lang='lat' dir='ltr'>in</span> 
     </span>
     <span class='ocr_line' id='line_1_38' title="bbox 271 1923 1238 1964; baseline -0.002 -8"><span class='ocrx_word' id='word_1_276' title='bbox 271 1924 366 1956; x_wconf 89' lang='lat' dir='ltr'>corde</span> <span class='ocrx_word' id='word_1_277' title='bbox 391 1930 500 1956; x_wconf 87' lang='lat' dir='ltr'>nostro</span> <span class='ocrx_word' id='word_1_278' title='bbox 523 1924 633 1964; x_wconf 83' lang='lat' dir='ltr'>quales</span> <span class='ocrx_word' id='word_1_279' title='bbox 656 1934 783 1956; x_wconf 86' lang='lat' dir='ltr'>sumus:</span> <span class='ocrx_word' id='word_1_280' title='bbox 808 1934 873 1956; x_wconf 91' lang='lat' dir='ltr'>non</span> <span class='ocrx_word' id='word_1_281' title='bbox 897 1925 1044 1964; x_wconf 88' lang='lat' dir='ltr'>pedimus</span> <span class='ocrx_word' id='word_1_282' title='bbox 1067 1929 1122 1955; x_wconf 87' lang='lat' dir='ltr'>aut</span> <span class='ocrx_word' id='word_1_283' title='bbox 1138 1923 1238 1954; x_wconf 88' lang='lat' dir='ltr'>mani-</span> 
     </span>
     <span class='ocr_line' id='line_1_39' title="bbox 272 1966 1239 2007; baseline -0.001 -10"><span class='ocrx_word' id='word_1_284' title='bbox 272 1966 331 1997; x_wconf 90' lang='lat' dir='ltr'>bus</span> <span class='ocrx_word' id='word_1_285' title='bbox 366 1967 453 2007; x_wconf 80' lang='lat' dir='ltr'>leges</span> <span class='ocrx_word' id='word_1_286' title='bbox 485 1967 716 2007; x_wconf 86' lang='lat' dir='ltr'>praescribere,</span> <span class='ocrx_word' id='word_1_287' title='bbox 751 1967 805 1998; x_wconf 89' lang='lat' dir='ltr'>sed</span> <span class='ocrx_word' id='word_1_288' title='bbox 840 1967 1042 2007; x_wconf 85' lang='lat' dir='ltr'>spiritualem</span> <span class='ocrx_word' id='word_1_289' title='bbox 1076 1966 1239 2006; x_wconf 79' lang='lat' dir='ltr'>requirere</span> 
     </span>
     <span class='ocr_line' id='line_1_40' title="bbox 272 2009 1239 2049; baseline 0 -10"><span class='ocrx_word' id='word_1_290' title='bbox 272 2009 437 2041; x_wconf 86' lang='lat' dir='ltr'>iustitiam.</span> <span class='ocrx_word' id='word_1_291' title='bbox 483 2010 592 2049; x_wconf 78' lang='lat' dir='ltr'>Quum</span> <span class='ocrx_word' id='word_1_292' title='bbox 617 2015 726 2041; x_wconf 88' lang='lat' dir='ltr'>autem</span> <span class='ocrx_word' id='word_1_293' title='bbox 757 2010 834 2041; x_wconf 90' lang='lat' dir='ltr'>dicit</span> <span class='ocrx_word' id='word_1_294' title='bbox 863 2009 1088 2042; x_wconf 86' lang='lat' dir='ltr'>secundum</span> <span class='ocrx_word' id='word_1_295' title='bbox 1119 2019 1239 2049; x_wconf 87' lang='lat' dir='ltr'>opus,</span> 
     </span>
     <span class='ocr_line' id='line_1_41' title="bbox 273 2051 1240 2091; baseline -0.001 -9"><span class='ocrx_word' id='word_1_296' title='bbox 273 2051 333 2083; x_wconf 86' lang='lat' dir='ltr'>hoc</span> <span class='ocrx_word' id='word_1_297' title='bbox 364 2052 445 2083; x_wconf 88' lang='lat' dir='ltr'>nihil</span> <span class='ocrx_word' id='word_1_298' title='bbox 469 2053 520 2083; x_wconf 86' lang='lat' dir='ltr'>vel</span> <span class='ocrx_word' id='word_1_299' title='bbox 548 2053 587 2083; x_wconf 88' lang='lat' dir='ltr'>ad</span> <span class='ocrx_word' id='word_1_300' title='bbox 612 2054 773 2091; x_wconf 84' lang='lat' dir='ltr'>meritum,</span> <span class='ocrx_word' id='word_1_301' title='bbox 803 2052 854 2084; x_wconf 89' lang='lat' dir='ltr'>vel</span> <span class='ocrx_word' id='word_1_302' title='bbox 877 2053 916 2084; x_wconf 83' lang='lat' dir='ltr'>ad</span> <span class='ocrx_word' id='word_1_303' title='bbox 941 2053 1130 2085; x_wconf 82' lang='lat' dir='ltr'>mercedem.</span> <span class='ocrx_word' id='word_1_304' title='bbox 1177 2051 1240 2082; x_wconf 86' lang='lat' dir='ltr'>Hic</span> 
     </span>
     <span class='ocr_line' id='line_1_42' title="bbox 273 2095 1240 2136; baseline 0 -12"><span class='ocrx_word' id='word_1_305' title='bbox 273 2095 360 2125; x_wconf 90' lang='lat' dir='ltr'>enim</span> <span class='ocrx_word' id='word_1_306' title='bbox 390 2104 454 2125; x_wconf 92' lang='lat' dir='ltr'>non</span> <span class='ocrx_word' id='word_1_307' title='bbox 485 2099 533 2125; x_wconf 85' lang='lat' dir='ltr'>est</span> <span class='ocrx_word' id='word_1_308' title='bbox 561 2095 599 2126; x_wconf 88' lang='lat' dir='ltr'>de</span> <span class='ocrx_word' id='word_1_309' title='bbox 622 2106 754 2136; x_wconf 89' lang='lat' dir='ltr'>operum</span> <span class='ocrx_word' id='word_1_310' title='bbox 776 2096 900 2127; x_wconf 85' lang='lat' dir='ltr'>meritis</span> <span class='ocrx_word' id='word_1_311' title='bbox 923 2095 1106 2135; x_wconf 88' lang='lat' dir='ltr'>disputatio,</span> <span class='ocrx_word' id='word_1_312' title='bbox 1137 2104 1240 2134; x_wconf 88' lang='lat' dir='ltr'>neque</span> 
     </span>
     <span class='ocr_line' id='line_1_43' title="bbox 275 2137 1238 2177; baseline 0 -10"><span class='ocrx_word' id='word_1_313' title='bbox 275 2137 314 2168; x_wconf 91' lang='lat' dir='ltr'>de</span> <span class='ocrx_word' id='word_1_314' title='bbox 337 2137 450 2168; x_wconf 86' lang='lat' dir='ltr'>salutis</span> <span class='ocrx_word' id='word_1_315' title='bbox 472 2148 583 2168; x_wconf 88' lang='lat' dir='ltr'>causa:</span> <span class='ocrx_word' id='word_1_316' title='bbox 606 2138 661 2169; x_wconf 89' lang='lat' dir='ltr'>sed</span> <span class='ocrx_word' id='word_1_317' title='bbox 685 2144 810 2169; x_wconf 88' lang='lat' dir='ltr'>tantum</span> <span class='ocrx_word' id='word_1_318' title='bbox 834 2138 987 2169; x_wconf 89' lang='lat' dir='ltr'>admonet</span> <span class='ocrx_word' id='word_1_319' title='bbox 1005 2139 1131 2175; x_wconf 90' lang='lat' dir='ltr'>Petrus,</span> <span class='ocrx_word' id='word_1_320' title='bbox 1156 2137 1238 2177; x_wconf 87' lang='lat' dir='ltr'>apud</span> 
     </span>
     <span class='ocr_line' id='line_1_44' title="bbox 275 2179 1239 2221; baseline -0.001 -10"><span class='ocrx_word' id='word_1_321' title='bbox 275 2180 337 2211; x_wconf 92' lang='lat' dir='ltr'>Dei</span> <span class='ocrx_word' id='word_1_322' title='bbox 373 2179 514 2210; x_wconf 85' lang='lat' dir='ltr'>tribunal</span> <span class='ocrx_word' id='word_1_323' title='bbox 550 2190 704 2219; x_wconf 85' lang='lat' dir='ltr'>personae</span> <span class='ocrx_word' id='word_1_324' title='bbox 738 2182 896 2221; x_wconf 82' lang='lat' dir='ltr'>respectui</span> <span class='ocrx_word' id='word_1_325' title='bbox 932 2192 995 2212; x_wconf 90' lang='lat' dir='ltr'>non</span> <span class='ocrx_word' id='word_1_326' title='bbox 1026 2192 1095 2213; x_wconf 87' lang='lat' dir='ltr'>esse</span> <span class='ocrx_word' id='word_1_327' title='bbox 1124 2180 1239 2218; x_wconf 83' lang='lat' dir='ltr'>locum,</span> 
     </span>
     <span class='ocr_line' id='line_1_45' title="bbox 275 2221 1239 2255; baseline 0.001 -3"><span class='ocrx_word' id='word_1_328' title='bbox 275 2221 331 2253; x_wconf 90' lang='lat' dir='ltr'>sed</span> <span class='ocrx_word' id='word_1_329' title='bbox 355 2232 463 2253; x_wconf 85' lang='lat' dir='ltr'>veram</span> <span class='ocrx_word' id='word_1_330' title='bbox 487 2223 592 2254; x_wconf 85' lang='lat' dir='ltr'>cordis</span> <span class='ocrx_word' id='word_1_331' title='bbox 615 2223 831 2255; x_wconf 82' lang='lat' dir='ltr'>sinceritatem</span> <span class='ocrx_word' id='word_1_332' title='bbox 856 2224 1031 2255; x_wconf 88' lang='lat' dir='ltr'>aestimari.</span> <span class='ocrx_word' id='word_1_333' title='bbox 1077 2224 1148 2255; x_wconf 91' lang='lat' dir='ltr'>Hoc</span> <span class='ocrx_word' id='word_1_334' title='bbox 1171 2223 1239 2254; x_wconf 89' lang='lat' dir='ltr'>loco</span> 
     </span>
     <span class='ocr_line' id='line_1_46' title="bbox 276 2265 1241 2306; baseline 0 -10"><span class='ocrx_word' id='word_1_335' title='bbox 276 2265 355 2296; x_wconf 87' lang='lat' dir='ltr'>fides</span> <span class='ocrx_word' id='word_1_336' title='bbox 374 2265 471 2295; x_wconf 82' lang='lat' dir='ltr'>etiam</span> <span class='ocrx_word' id='word_1_337' title='bbox 488 2265 547 2296; x_wconf 91' lang='lat' dir='ltr'>sub</span> <span class='ocrx_word' id='word_1_338' title='bbox 564 2266 669 2305; x_wconf 90' lang='lat' dir='ltr'>operis</span> <span class='ocrx_word' id='word_1_339' title='bbox 686 2267 814 2297; x_wconf 90' lang='lat' dir='ltr'>nomine</span> <span class='ocrx_word' id='word_1_340' title='bbox 830 2266 1121 2306; x_wconf 82' lang='lat' dir='ltr'>comprehenditur.</span> <span class='ocrx_word' id='word_1_341' title='bbox 1155 2265 1241 2297; x_wconf 89' lang='lat' dir='ltr'>Hinc</span> 
     </span>
     <span class='ocr_line' id='line_1_47' title="bbox 276 2307 1238 2349; baseline 0.002 -11"><span class='ocrx_word' id='word_1_342' title='bbox 276 2307 367 2338; x_wconf 86' lang='lat' dir='ltr'>facile</span> <span class='ocrx_word' id='word_1_343' title='bbox 391 2308 492 2347; x_wconf 85' lang='lat' dir='ltr'>liquet</span> <span class='ocrx_word' id='word_1_344' title='bbox 515 2318 611 2347; x_wconf 92' lang='lat' dir='ltr'>quam</span> <span class='ocrx_word' id='word_1_345' title='bbox 635 2308 745 2348; x_wconf 83' lang='lat' dir='ltr'>inepta</span> <span class='ocrx_word' id='word_1_346' title='bbox 767 2309 810 2339; x_wconf 88' lang='lat' dir='ltr'>sit</span> <span class='ocrx_word' id='word_1_347' title='bbox 832 2315 865 2340; x_wconf 91' lang='lat' dir='ltr'>et</span> <span class='ocrx_word' id='word_1_348' title='bbox 888 2309 1020 2349; x_wconf 88' lang='lat' dir='ltr'>puerilis</span> <span class='ocrx_word' id='word_1_349' title='bbox 1043 2319 1238 2349; x_wconf 86' lang='lat' dir='ltr'>consequen-</span> 
     </span>
     <span class='ocr_line' id='line_1_48' title="bbox 277 2349 1240 2391; baseline 0.002 -10"><span class='ocrx_word' id='word_1_350' title='bbox 277 2351 335 2390; x_wconf 84' lang='lat' dir='ltr'>tia,</span> <span class='ocrx_word' id='word_1_351' title='bbox 366 2349 457 2381; x_wconf 88' lang='lat' dir='ltr'>Deus</span> <span class='ocrx_word' id='word_1_352' title='bbox 487 2350 592 2390; x_wconf 89' lang='lat' dir='ltr'>qualis</span> <span class='ocrx_word' id='word_1_353' title='bbox 622 2351 664 2382; x_wconf 90' lang='lat' dir='ltr'>sit</span> <span class='ocrx_word' id='word_1_354' title='bbox 694 2352 828 2391; x_wconf 88' lang='lat' dir='ltr'>quisque</span> <span class='ocrx_word' id='word_1_355' title='bbox 856 2358 1019 2391; x_wconf 86' lang='lat' dir='ltr'>nostrum,</span> <span class='ocrx_word' id='word_1_356' title='bbox 1050 2363 1090 2383; x_wconf 79' lang='lat' dir='ltr'>ex</span> <span class='ocrx_word' id='word_1_357' title='bbox 1113 2353 1240 2391; x_wconf 82' lang='lat' dir='ltr'>integra</span> 
     </span>
     <span class='ocr_line' id='line_1_49' title="bbox 276 2393 1240 2434; baseline 0.001 -10"><span class='ocrx_word' id='word_1_358' title='bbox 276 2393 479 2431; x_wconf 85' lang='lat' dir='ltr'>conscientia,</span> <span class='ocrx_word' id='word_1_359' title='bbox 517 2403 582 2424; x_wconf 86' lang='lat' dir='ltr'>non</span> <span class='ocrx_word' id='word_1_360' title='bbox 620 2403 660 2424; x_wconf 79' lang='lat' dir='ltr'>ex</span> <span class='ocrx_word' id='word_1_361' title='bbox 684 2394 790 2433; x_wconf 88' lang='lat' dir='ltr'>specie</span> <span class='ocrx_word' id='word_1_362' title='bbox 823 2399 957 2426; x_wconf 81' lang='lat' dir='ltr'>externa</span> <span class='ocrx_word' id='word_1_363' title='bbox 989 2395 1125 2427; x_wconf 85' lang='lat' dir='ltr'>iudicat:</span> <span class='ocrx_word' id='word_1_364' title='bbox 1163 2403 1240 2434; x_wconf 89' lang='lat' dir='ltr'>ergo</span> 
     </span>
     <span class='ocr_line' id='line_1_50' title="bbox 276 2435 1241 2476; baseline 0.001 -10"><span class='ocrx_word' id='word_1_365' title='bbox 276 2436 425 2475; x_wconf 86' lang='lat' dir='ltr'>operibus</span> <span class='ocrx_word' id='word_1_366' title='bbox 442 2435 579 2467; x_wconf 90' lang='lat' dir='ltr'>salutem</span> <span class='ocrx_word' id='word_1_367' title='bbox 596 2436 836 2476; x_wconf 84' lang='lat' dir='ltr'>consequimur.</span> <span class='ocrx_word' id='word_1_368' title='bbox 873 2437 976 2468; x_wconf 85' lang='lat' dir='ltr'>Porro</span> <span class='ocrx_word' id='word_1_369' title='bbox 995 2437 1130 2475; x_wconf 89' lang='lat' dir='ltr'>timor,</span> <span class='ocrx_word' id='word_1_370' title='bbox 1151 2436 1241 2469; x_wconf 91' lang='lat' dir='ltr'>cuius</span> 
     </span>
     <span class='ocr_line' id='line_1_51' title="bbox 277 2478 1241 2520; baseline 0.001 -11"><span class='ocrx_word' id='word_1_371' title='bbox 277 2478 433 2516; x_wconf 88' lang='lat' dir='ltr'>meminit,</span> <span class='ocrx_word' id='word_1_372' title='bbox 457 2478 623 2510; x_wconf 88' lang='lat' dir='ltr'>securitati</span> <span class='ocrx_word' id='word_1_373' title='bbox 645 2479 834 2519; x_wconf 89' lang='lat' dir='ltr'>opponitur:</span> <span class='ocrx_word' id='word_1_374' title='bbox 859 2479 961 2519; x_wconf 87' lang='lat' dir='ltr'>qualis</span> <span class='ocrx_word' id='word_1_375' title='bbox 983 2481 1137 2520; x_wconf 86' lang='lat' dir='ltr'>obrepere</span> <span class='ocrx_word' id='word_1_376' title='bbox 1160 2479 1241 2511; x_wconf 86' lang='lat' dir='ltr'>solet</span> 
     </span>
     <span class='ocr_line' id='line_1_52' title="bbox 279 2521 1241 2563; baseline 0.002 -12"><span class='ocrx_word' id='word_1_377' title='bbox 279 2521 332 2552; x_wconf 91' lang='lat' dir='ltr'>ubi</span> <span class='ocrx_word' id='word_1_378' title='bbox 368 2531 442 2560; x_wconf 86' lang='lat' dir='ltr'>spes</span> <span class='ocrx_word' id='word_1_379' title='bbox 478 2526 527 2553; x_wconf 84' lang='lat' dir='ltr'>est</span> <span class='ocrx_word' id='word_1_380' title='bbox 559 2521 690 2562; x_wconf 90' lang='lat' dir='ltr'>impune</span> <span class='ocrx_word' id='word_1_381' title='bbox 725 2521 866 2553; x_wconf 82' lang='lat' dir='ltr'>fallendi.</span> <span class='ocrx_word' id='word_1_382' title='bbox 922 2522 1006 2554; x_wconf 89' lang='lat' dir='ltr'>Nam</span> <span class='ocrx_word' id='word_1_383' title='bbox 1039 2533 1140 2563; x_wconf 89' lang='lat' dir='ltr'>quum</span> <span class='ocrx_word' id='word_1_384' title='bbox 1174 2525 1241 2553; x_wconf 85' lang='lat' dir='ltr'>tam</span> 
     </span>
     <span class='ocr_line' id='line_1_53' title="bbox 279 2563 1241 2605; baseline 0.001 -11"><span class='ocrx_word' id='word_1_385' title='bbox 279 2564 446 2603; x_wconf 81' lang='lat' dir='ltr'>perspicax</span> <span class='ocrx_word' id='word_1_386' title='bbox 469 2564 512 2595; x_wconf 87' lang='lat' dir='ltr'>sit</span> <span class='ocrx_word' id='word_1_387' title='bbox 528 2563 589 2594; x_wconf 88' lang='lat' dir='ltr'>Dei</span> <span class='ocrx_word' id='word_1_388' title='bbox 613 2564 736 2603; x_wconf 90' lang='lat' dir='ltr'>oculus,</span> <span class='ocrx_word' id='word_1_389' title='bbox 760 2571 795 2595; x_wconf 86' lang='lat' dir='ltr'>ut</span> <span class='ocrx_word' id='word_1_390' title='bbox 817 2565 850 2595; x_wconf 90' lang='lat' dir='ltr'>in</span> <span class='ocrx_word' id='word_1_391' title='bbox 875 2564 1000 2596; x_wconf 86' lang='lat' dir='ltr'>abditos</span> <span class='ocrx_word' id='word_1_392' title='bbox 1023 2575 1122 2605; x_wconf 89' lang='lat' dir='ltr'>usque</span> <span class='ocrx_word' id='word_1_393' title='bbox 1137 2565 1241 2597; x_wconf 88' lang='lat' dir='ltr'>cordis</span> 
     </span>
     <span class='ocr_line' id='line_1_54' title="bbox 278 2607 1242 2647; baseline 0.002 -11"><span class='ocrx_word' id='word_1_394' title='bbox 278 2615 423 2637; x_wconf 81' lang='lat' dir='ltr'>recessus</span> <span class='ocrx_word' id='word_1_395' title='bbox 445 2612 601 2647; x_wconf 86' lang='lat' dir='ltr'>penetret,</span> <span class='ocrx_word' id='word_1_396' title='bbox 624 2607 758 2638; x_wconf 81' lang='lat' dir='ltr'>sollicite</span> <span class='ocrx_word' id='word_1_397' title='bbox 782 2617 846 2638; x_wconf 88' lang='lat' dir='ltr'>non</span> <span class='ocrx_word' id='word_1_398' title='bbox 869 2608 1087 2647; x_wconf 82' lang='lat' dir='ltr'>perfunctorie</span> <span class='ocrx_word' id='word_1_399' title='bbox 1109 2618 1182 2640; x_wconf 89' lang='lat' dir='ltr'>cum</span> <span class='ocrx_word' id='word_1_400' title='bbox 1205 2617 1242 2639; x_wconf 89' lang='lat' dir='ltr'>eo</span> 
     </span>
     <span class='ocr_line' id='line_1_55' title="bbox 277 2648 1242 2690; baseline 0.003 -11"><span class='ocrx_word' id='word_1_401' title='bbox 277 2648 518 2680; x_wconf 86' lang='lat' dir='ltr'>ambulandum.</span> <span class='ocrx_word' id='word_1_402' title='bbox 556 2649 787 2681; x_wconf 84' lang='lat' dir='ltr'>Incolatum</span> <span class='ocrx_word' id='word_1_403' title='bbox 806 2656 899 2682; x_wconf 85' lang='lat' dir='ltr'>vocat</span> <span class='ocrx_word' id='word_1_404' title='bbox 916 2656 1117 2690; x_wconf 85' lang='lat' dir='ltr'>praesentem</span> <span class='ocrx_word' id='word_1_405' title='bbox 1134 2650 1242 2688; x_wconf 84' lang='lat' dir='ltr'>vitam,</span> 
     </span>
    </p>
   </div>
   <div class='ocr_carea' id='block_1_7' title="bbox 1099 204 1437 238">
    <p class='ocr_par' dir='ltr' id='par_1_7' title="bbox 1099 204 1437 238">
     <span class='ocr_line' id='line_1_56' title="bbox 1099 204 1437 238; baseline 0.006 -3"><span class='ocrx_word' id='word_1_406' title='bbox 1099 204 1237 236; x_wconf 70' lang='lat' dir='ltr'>El&#39;lS&#39;l&#39;.</span> <span class='ocrx_word' id='word_1_407' title='bbox 1266 205 1398 238; x_wconf 71' lang='lat' dir='ltr'>Ps&#39;rffl</span> <span class='ocrx_word' id='word_1_408' title='bbox 1428 207 1437 237; x_wconf 90' lang='lat' dir='ltr'>l</span> 
     </span>
    </p>
   </div>
   <div class='ocr_carea' id='block_1_8' title="bbox 1262 336 1265 360">
    <p class='ocr_par' dir='ltr' id='par_1_8' title="bbox 1262 336 1265 360">
     <span class='ocr_line' id='line_1_57' title="bbox 1262 336 1265 360; baseline 0 0"><span class='ocrx_word' id='word_1_409' title='bbox 1262 336 1265 360; x_wconf 78' lang='grc'><strong>1</strong></span> 
     </span>
    </p>
   </div>
   <div class='ocr_carea' id='block_1_9' title="bbox 2199 209 2261 240">
    <p class='ocr_par' dir='ltr' id='par_1_9' title="bbox 2199 209 2261 240">
     <span class='ocr_line' id='line_1_58' title="bbox 2199 209 2261 240; baseline 0.016 -1"><span class='ocrx_word' id='word_1_410' title='bbox 2199 209 2261 240; x_wconf 84' lang='grc'>224</span> 
     </span>
    </p>
   </div>
   <div class='ocr_carea' id='block_1_10' title="bbox 1291 301 2259 341">
    <p class='ocr_par' dir='ltr' id='par_1_10' title="bbox 1291 301 2259 341">
     <span class='ocr_line' id='line_1_59' title="bbox 1291 301 2259 341; baseline 0.002 -9"><span class='ocrx_word' id='word_1_411' title='bbox 1291 312 1352 333; x_wconf 92' lang='lat' dir='ltr'>non</span> <span class='ocrx_word' id='word_1_412' title='bbox 1378 313 1441 341; x_wconf 81' lang='lat' dir='ltr'>quo</span> <span class='ocrx_word' id='word_1_413' title='bbox 1465 312 1559 332; x_wconf 76' lang='lat' dir='ltr'>sensu</span> <span class='ocrx_word' id='word_1_414' title='bbox 1580 301 1722 339; x_wconf 79' lang='lat' dir='ltr'>Iudaeos,</span> <span class='ocrx_word' id='word_1_415' title='bbox 1745 301 1861 340; x_wconf 87' lang='lat' dir='ltr'>quibus</span> <span class='ocrx_word' id='word_1_416' title='bbox 1880 301 1998 338; x_wconf 80' lang='lat' dir='ltr'>scribit,</span> <span class='ocrx_word' id='word_1_417' title='bbox 2025 302 2152 333; x_wconf 81' lang='lat' dir='ltr'>vocavit</span> <span class='ocrx_word' id='word_1_418' title='bbox 2168 303 2259 334; x_wconf 89' lang='lat' dir='ltr'>initio</span> 
     </span>
    </p>
   </div>
   <div class='ocr_carea' id='block_1_11' title="bbox 1262 344 2257 390">
    <p class='ocr_par' dir='ltr' id='par_1_11' title="bbox 1262 344 2257 390">
     <span class='ocr_line' id='line_1_60' title="bbox 1262 344 2257 390; baseline 0.002 -15"><span class='ocrx_word' id='word_1_419' title='bbox 1262 345 1443 390; x_wconf 36' lang='lat' dir='ltr'>,epistolae</span> <span class='ocrx_word' id='word_1_420' title='bbox 1478 344 1666 383; x_wconf 83' lang='lat' dir='ltr'>inquilinos:</span> <span class='ocrx_word' id='word_1_421' title='bbox 1706 344 1761 374; x_wconf 84' lang='lat' dir='ltr'>sed</span> <span class='ocrx_word' id='word_1_422' title='bbox 1796 345 1872 384; x_wconf 82' lang='lat' dir='ltr'>quia</span> <span class='ocrx_word' id='word_1_423' title='bbox 1907 345 1949 382; x_wconf 84' lang='lat' dir='ltr'>pii</span> <span class='ocrx_word' id='word_1_424' title='bbox 1982 354 2094 376; x_wconf 88' lang='lat' dir='ltr'>omncs</span> <span class='ocrx_word' id='word_1_425' title='bbox 2129 345 2161 375; x_wconf 91' lang='lat' dir='ltr'>in</span> <span class='ocrx_word' id='word_1_426' title='bbox 2197 345 2257 377; x_wconf 88' lang='lat' dir='ltr'>hoc</span> 
     </span>
    </p>
   </div>
   <div class='ocr_carea' id='block_1_12' title="bbox 1262 641 2076 684">
    <p class='ocr_par' dir='ltr' id='par_1_12' title="bbox 1262 641 2076 684">
     <span class='ocr_line' id='line_1_61' title="bbox 1262 641 2076 684; baseline 0.002 -12"><span class='ocrx_word' id='word_1_427' title='bbox 1262 654 1265 679; x_wconf 59' lang='grc' dir='ltr'>ς»</span> <span class='ocrx_word' id='word_1_428' title='bbox 1291 644 1361 684; x_wconf 75' lang='lat' dir='ltr'>guis</span> <span class='ocrx_word' id='word_1_429' title='bbox 1392 641 1530 678; x_wconf 82' lang='lat' dir='ltr'>Christi,</span> <span class='ocrx_word' id='word_1_430' title='bbox 1565 652 1626 682; x_wconf 88' lang='lat' dir='ltr'>quo</span> <span class='ocrx_word' id='word_1_431' title='bbox 1658 653 1728 673; x_wconf 82' lang='lat' dir='ltr'>eam</span> <span class='ocrx_word' id='word_1_432' title='bbox 1759 643 1943 674; x_wconf 82' lang='lat' dir='ltr'>aestimavit</span> <span class='ocrx_word' id='word_1_433' title='bbox 1975 642 2076 674; x_wconf 87' lang='lat' dir='ltr'>Deus.</span> 
     </span>
    </p>
   </div>
   <div class='ocr_carea' id='block_1_13' title="bbox 1263 308 1267 1415">
    <p class='ocr_par' dir='ltr' id='par_1_13' title="bbox 1263 308 1267 1415">
     <span class='ocr_line' id='line_1_62' title="bbox 1263 308 1267 1415; baseline 0 0"><span class='ocrx_word' id='word_1_434' title='bbox 1263 308 1267 1415; x_wconf 95' lang='lat' dir='ltr'> </span> 
     </span>
    </p>
   </div>
   <div class='ocr_carea' id='block_1_14' title="bbox 1262 1540 1267 2191">
    <p class='ocr_par' dir='ltr' id='par_1_14' title="bbox 1262 1540 1267 2191">
     <span class='ocr_line' id='line_1_63' title="bbox 1262 1540 1267 2191; baseline 0 0"><span class='ocrx_word' id='word_1_435' title='bbox 1262 1540 1267 2191; x_wconf 95' lang='lat' dir='ltr'> </span> 
     </span>
    </p>
   </div>
   <div class='ocr_carea' id='block_1_15' title="bbox 1263 386 2024 427">
    <p class='ocr_par' dir='ltr' id='par_1_15' title="bbox 1263 386 2024 427">
     <span class='ocr_line' id='line_1_64' title="bbox 1263 386 2024 427; baseline 0 -9"><span class='ocrx_word' id='word_1_436' title='bbox 1263 394 1264 398; x_wconf 59' lang='lat'>¹</span> <span class='ocrx_word' id='word_1_437' title='bbox 1291 388 1409 418; x_wconf 87' lang='lat' dir='ltr'>mundo</span> <span class='ocrx_word' id='word_1_438' title='bbox 1434 387 1689 426; x_wconf 62' lang='lat' dir='ltr'>peregrinantur,</span> <span class='ocrx_word' id='word_1_439' title='bbox 1715 386 1796 418; x_wconf 85' lang='lat' dir='ltr'>ch.</span> <span class='ocrx_word' id='word_1_440' title='bbox 1824 388 1874 427; x_wconf 88' lang='lat'>11,</span> <span class='ocrx_word' id='word_1_441' title='bbox 1900 386 1949 427; x_wconf 81' lang='lat'>13,</span> <span class='ocrx_word' id='word_1_442' title='bbox 1972 387 2024 418; x_wconf 82' lang='lat'>38.</span> 
     </span>
    </p>
   </div>
   <div class='ocr_carea' id='block_1_16' title="bbox 1289 428 2262 2692">
    <p class='ocr_par' dir='ltr' id='par_1_16' title="bbox 1289 428 2262 2692">
     <span class='ocr_line' id='line_1_65' title="bbox 1377 428 2259 469; baseline 0.001 -9"><span class='ocrx_word' id='word_1_443' title='bbox 1377 430 1424 461; x_wconf 83' lang='lat'>18.</span> <span class='ocrx_word' id='word_1_444' title='bbox 1450 428 1591 460; x_wconf 69' lang='lat' dir='ltr'>Scientes.</span> <span class='ocrx_word' id='word_1_445' title='bbox 1630 428 1728 460; x_wconf 79' lang='lat' dir='ltr'>Aliud</span> <span class='ocrx_word' id='word_1_446' title='bbox 1749 434 1979 469; x_wconf 76' lang='lat' dir='ltr'>argumentum</span> <span class='ocrx_word' id='word_1_447' title='bbox 1996 440 2013 460; x_wconf 83' lang='lat' dir='ltr'>a</span> <span class='ocrx_word' id='word_1_448' title='bbox 2031 429 2259 469; x_wconf 85' lang='lat' dir='ltr'>rcdcmptionis</span> 
     </span>
     <span class='ocr_line' id='line_1_66' title="bbox 1291 472 2258 512; baseline 0.001 -9"><span class='ocrx_word' id='word_1_449' title='bbox 1291 478 1418 503; x_wconf 83' lang='lat' dir='ltr'>nostrae</span> <span class='ocrx_word' id='word_1_450' title='bbox 1453 472 1572 511; x_wconf 73' lang='lat' dir='ltr'>pretio,</span> <span class='ocrx_word' id='word_1_451' title='bbox 1607 472 1690 511; x_wconf 90' lang='lat' dir='ltr'>quod</span> <span class='ocrx_word' id='word_1_452' title='bbox 1727 472 1816 502; x_wconf 88' lang='lat' dir='ltr'>uobis</span> <span class='ocrx_word' id='word_1_453' title='bbox 1849 482 1977 512; x_wconf 87' lang='lat' dir='ltr'>semper</span> <span class='ocrx_word' id='word_1_454' title='bbox 2008 473 2039 503; x_wconf 92' lang='lat' dir='ltr'>in</span> <span class='ocrx_word' id='word_1_455' title='bbox 2072 473 2258 504; x_wconf 83' lang='lat' dir='ltr'>memoriam</span> 
     </span>
     <span class='ocr_line' id='line_1_67' title="bbox 1290 514 2259 555; baseline 0 -9"><span class='ocrx_word' id='word_1_456' title='bbox 1290 516 1400 546; x_wconf 89' lang='lat' dir='ltr'>veuiro</span> <span class='ocrx_word' id='word_1_457' title='bbox 1430 514 1523 544; x_wconf 83' lang='lat' dir='ltr'>(lebet</span> <span class='ocrx_word' id='word_1_458' title='bbox 1553 524 1651 553; x_wconf 89' lang='lat' dir='ltr'>quum</span> <span class='ocrx_word' id='word_1_459' title='bbox 1683 514 1722 545; x_wconf 87' lang='lat' dir='ltr'>de</span> <span class='ocrx_word' id='word_1_460' title='bbox 1752 514 1856 545; x_wconf 88' lang='lat' dir='ltr'>salute</span> <span class='ocrx_word' id='word_1_461' title='bbox 1879 520 1991 546; x_wconf 81' lang='lat' dir='ltr'>nostra</span> <span class='ocrx_word' id='word_1_462' title='bbox 2014 515 2129 555; x_wconf 84' lang='lat' dir='ltr'>agitur.</span> <span class='ocrx_word' id='word_1_463' title='bbox 2178 515 2259 546; x_wconf 81' lang='lat' dir='ltr'>Num</span> 
     </span>
     <span class='ocr_line' id='line_1_68' title="bbox 1290 556 2258 598; baseline 0.001 -10"><span class='ocrx_word' id='word_1_464' title='bbox 1290 559 1342 598; x_wconf 91' lang='lat' dir='ltr'>qui</span> <span class='ocrx_word' id='word_1_465' title='bbox 1372 556 1529 596; x_wconf 79' lang='lat' dir='ltr'>evangelii</span> <span class='ocrx_word' id='word_1_466' title='bbox 1558 557 1695 597; x_wconf 75' lang='lat' dir='ltr'>gratiam</span> <span class='ocrx_word' id='word_1_467' title='bbox 1726 557 1872 596; x_wconf 83' lang='lat' dir='ltr'>repudiat</span> <span class='ocrx_word' id='word_1_468' title='bbox 1902 563 1957 588; x_wconf 88' lang='lat' dir='ltr'>aut</span> <span class='ocrx_word' id='word_1_469' title='bbox 1979 557 2113 597; x_wconf 82' lang='lat' dir='ltr'>spernit,</span> <span class='ocrx_word' id='word_1_470' title='bbox 2144 558 2171 589; x_wconf 88' lang='lat' dir='ltr'>ei</span> <span class='ocrx_word' id='word_1_471' title='bbox 2197 568 2258 589; x_wconf 89' lang='lat' dir='ltr'>uon</span> 
     </span>
     <span class='ocr_line' id='line_1_69' title="bbox 1291 599 2258 637; baseline 0 -6"><span class='ocrx_word' id='word_1_472' title='bbox 1291 600 1382 631; x_wconf 80' lang='lat' dir='ltr'>modo</span> <span class='ocrx_word' id='word_1_473' title='bbox 1407 599 1480 630; x_wconf 83' lang='lat' dir='ltr'>vilis</span> <span class='ocrx_word' id='word_1_474' title='bbox 1505 602 1553 630; x_wconf 87' lang='lat' dir='ltr'>est</span> <span class='ocrx_word' id='word_1_475' title='bbox 1577 605 1608 630; x_wconf 89' lang='lat' dir='ltr'>et</span> <span class='ocrx_word' id='word_1_476' title='bbox 1632 600 1755 631; x_wconf 81' lang='lat' dir='ltr'>abiectu</span> <span class='ocrx_word' id='word_1_477' title='bbox 1778 610 1836 631; x_wconf 83' lang='lat' dir='ltr'>sua</span> <span class='ocrx_word' id='word_1_478' title='bbox 1859 600 1956 637; x_wconf 84' lang='lat' dir='ltr'>salus,</span> <span class='ocrx_word' id='word_1_479' title='bbox 1981 600 2037 631; x_wconf 88' lang='lat' dir='ltr'>scd</span> <span class='ocrx_word' id='word_1_480' title='bbox 2061 600 2158 631; x_wconf 83' lang='lat' dir='ltr'>etiarn</span> <span class='ocrx_word' id='word_1_481' title='bbox 2184 611 2258 632; x_wconf 79' lang='lat' dir='ltr'>san—</span> 
     </span>
     <span class='ocr_line' id='line_1_70' title="bbox 2129 643 2260 674; baseline 0 0"><span class='ocrx_word' id='word_1_482' title='bbox 2129 643 2260 674; x_wconf 78' lang='lat' dir='ltr'>Scimus</span> 
     </span>
     <span class='ocr_line' id='line_1_71' title="bbox 1291 684 2258 726; baseline 0 -10"><span class='ocrx_word' id='word_1_483' title='bbox 1291 692 1396 716; x_wconf 79' lang='lat' dir='ltr'>antem</span> <span class='ocrx_word' id='word_1_484' title='bbox 1421 695 1515 724; x_wconf 83' lang='lat' dir='ltr'>quam</span> <span class='ocrx_word' id='word_1_485' title='bbox 1541 684 1736 715; x_wconf 88' lang='lat' dir='ltr'>horrendum</span> <span class='ocrx_word' id='word_1_486' title='bbox 1761 685 1803 716; x_wconf 87' lang='lat' dir='ltr'>sit</span> <span class='ocrx_word' id='word_1_487' title='bbox 1826 685 2042 726; x_wconf 83' lang='lat' dir='ltr'>sacrilegium,</span> <span class='ocrx_word' id='word_1_488' title='bbox 2066 686 2258 726; x_wconf 87' lang='lat' dir='ltr'>sauguinem</span> 
     </span>
     <span class='ocr_line' id='line_1_72' title="bbox 1291 727 2260 768; baseline 0 -9"><span class='ocrx_word' id='word_1_489' title='bbox 1291 729 1348 759; x_wconf 80' lang='lat' dir='ltr'>filii</span> <span class='ocrx_word' id='word_1_490' title='bbox 1375 728 1433 758; x_wconf 84' lang='lat' dir='ltr'>Dei</span> <span class='ocrx_word' id='word_1_491' title='bbox 1466 728 1644 767; x_wconf 77' lang='lat' dir='ltr'>profanare.</span> <span class='ocrx_word' id='word_1_492' title='bbox 1689 727 1798 767; x_wconf 80' lang='lat' dir='ltr'>Quare</span> <span class='ocrx_word' id='word_1_493' title='bbox 1829 729 1907 759; x_wconf 91' lang='lat' dir='ltr'>nihil</span> <span class='ocrx_word' id='word_1_494' title='bbox 1939 735 1988 760; x_wconf 86' lang='lat' dir='ltr'>est</span> <span class='ocrx_word' id='word_1_495' title='bbox 2017 728 2103 768; x_wconf 90' lang='lat' dir='ltr'>quod</span> <span class='ocrx_word' id='word_1_496' title='bbox 2139 739 2196 759; x_wconf 90' lang='lat' dir='ltr'>nos</span> <span class='ocrx_word' id='word_1_497' title='bbox 2219 728 2260 759; x_wconf 81' lang='lat' dir='ltr'>ad</span> 
     </span>
     <span class='ocr_line' id='line_1_73' title="bbox 1291 770 2259 811; baseline -0.001 -9"><span class='ocrx_word' id='word_1_498' title='bbox 1291 771 1470 802; x_wconf 75' lang='lat' dir='ltr'>sanctitatis</span> <span class='ocrx_word' id='word_1_499' title='bbox 1502 770 1644 801; x_wconf 88' lang='lat' dir='ltr'>studium</span> <span class='ocrx_word' id='word_1_500' title='bbox 1676 771 1781 802; x_wconf 80' lang='lat' dir='ltr'>aerius</span> <span class='ocrx_word' id='word_1_501' title='bbox 1813 771 1981 802; x_wconf 83' lang='lat' dir='ltr'>stimulare</span> <span class='ocrx_word' id='word_1_502' title='bbox 2006 771 2120 802; x_wconf 82' lang='lat' dir='ltr'>debeat</span> <span class='ocrx_word' id='word_1_503' title='bbox 2162 781 2259 811; x_wconf 90' lang='lat' dir='ltr'>quam</span> 
     </span>
     <span class='ocr_line' id='line_1_74' title="bbox 1293 813 2260 854; baseline 0 -10"><span class='ocrx_word' id='word_1_504' title='bbox 1293 814 1386 844; x_wconf 82' lang='lat' dir='ltr'>huius</span> <span class='ocrx_word' id='word_1_505' title='bbox 1422 813 1513 852; x_wconf 80' lang='lat' dir='ltr'>pretii</span> <span class='ocrx_word' id='word_1_506' title='bbox 1548 813 1712 844; x_wconf 82' lang='lat' dir='ltr'>memoria.</span> <span class='ocrx_word' id='word_1_507' title='bbox 1770 814 1922 845; x_wconf 91' lang='lat' dir='ltr'>Aurum</span> <span class='ocrx_word' id='word_1_508' title='bbox 1964 820 1996 845; x_wconf 87' lang='lat' dir='ltr'>ct</span> <span class='ocrx_word' id='word_1_509' title='bbox 2037 820 2260 854; x_wconf 86' lang='lat' dir='ltr'>argentum</span> 
     </span>
     <span class='ocr_line' id='line_1_75' title="bbox 1292 855 2260 896; baseline 0.001 -9"><span class='ocrx_word' id='word_1_510' title='bbox 1292 855 1507 895; x_wconf 80' lang='lat' dir='ltr'>amplificandi</span> <span class='ocrx_word' id='word_1_511' title='bbox 1540 866 1636 886; x_wconf 84' lang='lat' dir='ltr'>causa</span> <span class='ocrx_word' id='word_1_512' title='bbox 1659 857 1793 896; x_wconf 87' lang='lat' dir='ltr'>opponit</span> <span class='ocrx_word' id='word_1_513' title='bbox 1816 867 1855 887; x_wconf 85' lang='lat' dir='ltr'>ex</span> <span class='ocrx_word' id='word_1_514' title='bbox 1876 857 2029 888; x_wconf 84' lang='lat' dir='ltr'>adverso:</span> <span class='ocrx_word' id='word_1_515' title='bbox 2063 861 2098 888; x_wconf 87' lang='lat' dir='ltr'>ut</span> <span class='ocrx_word' id='word_1_516' title='bbox 2122 857 2260 888; x_wconf 85' lang='lat' dir='ltr'>sciamus</span> 
     </span>
     <span class='ocr_line' id='line_1_76' title="bbox 1292 898 2261 940; baseline 0.001 -11"><span class='ocrx_word' id='word_1_517' title='bbox 1292 905 1395 929; x_wconf 82' lang='lat' dir='ltr'>totum</span> <span class='ocrx_word' id='word_1_518' title='bbox 1427 898 1582 929; x_wconf 90' lang='lat' dir='ltr'>mundum</span> <span class='ocrx_word' id='word_1_519' title='bbox 1614 904 1646 929; x_wconf 87' lang='lat' dir='ltr'>ot</span> <span class='ocrx_word' id='word_1_520' title='bbox 1674 908 1885 938; x_wconf 85' lang='lat' dir='ltr'>quaecunque</span> <span class='ocrx_word' id='word_1_521' title='bbox 1912 899 2098 931; x_wconf 84' lang='lat' dir='ltr'>hominibus</span> <span class='ocrx_word' id='word_1_522' title='bbox 2122 899 2261 940; x_wconf 85' lang='lat' dir='ltr'>pretiosa</span> 
     </span>
     <span class='ocr_line' id='line_1_77' title="bbox 1291 941 2262 980; baseline 0.001 -9"><span class='ocrx_word' id='word_1_523' title='bbox 1291 947 1378 980; x_wconf 87' lang='lat' dir='ltr'>sunt,</span> <span class='ocrx_word' id='word_1_524' title='bbox 1403 941 1442 971; x_wconf 85' lang='lat' dir='ltr'>ad</span> <span class='ocrx_word' id='word_1_525' title='bbox 1466 941 1561 972; x_wconf 87' lang='lat' dir='ltr'>huius</span> <span class='ocrx_word' id='word_1_526' title='bbox 1584 941 1679 980; x_wconf 88' lang='lat' dir='ltr'>pretii</span> <span class='ocrx_word' id='word_1_527' title='bbox 1704 941 1927 973; x_wconf 83' lang='lat' dir='ltr'>excellentiam</span> <span class='ocrx_word' id='word_1_528' title='bbox 1952 942 2035 973; x_wconf 90' lang='lat' dir='ltr'>nihil</span> <span class='ocrx_word' id='word_1_529' title='bbox 2059 952 2136 973; x_wconf 89' lang='lat' dir='ltr'>csse.</span> <span class='ocrx_word' id='word_1_530' title='bbox 2178 941 2262 973; x_wconf 90' lang='lat' dir='ltr'>Dicit</span> 
     </span>
     <span class='ocr_line' id='line_1_78' title="bbox 1291 984 2260 1022; baseline 0.002 -8"><span class='ocrx_word' id='word_1_531' title='bbox 1291 989 1398 1014; x_wconf 88' lang='lat' dir='ltr'>autem</span> <span class='ocrx_word' id='word_1_532' title='bbox 1423 984 1660 1022; x_wconf 83' lang='lat' dir='ltr'>redemptos</span> <span class='ocrx_word' id='word_1_533' title='bbox 1684 994 1702 1014; x_wconf 91' lang='lat' dir='ltr'>a</span> <span class='ocrx_word' id='word_1_534' title='bbox 1726 994 1810 1015; x_wconf 89' lang='lat' dir='ltr'>vana</span> <span class='ocrx_word' id='word_1_535' title='bbox 1833 985 2096 1016; x_wconf 81' lang='lat' dir='ltr'>conversatione:</span> <span class='ocrx_word' id='word_1_536' title='bbox 2121 990 2156 1015; x_wconf 87' lang='lat' dir='ltr'>ut</span> <span class='ocrx_word' id='word_1_537' title='bbox 2178 987 2260 1016; x_wconf 79' lang='lat' dir='ltr'>scia-</span> 
     </span>
     <span class='ocr_line' id='line_1_79' title="bbox 1292 1026 2259 1058; baseline 0.001 -1"><span class='ocrx_word' id='word_1_538' title='bbox 1292 1037 1363 1057; x_wconf 89' lang='lat' dir='ltr'>mus</span> <span class='ocrx_word' id='word_1_539' title='bbox 1394 1032 1492 1057; x_wconf 78' lang='lat' dir='ltr'>totam</span> <span class='ocrx_word' id='word_1_540' title='bbox 1527 1026 1664 1058; x_wconf 88' lang='lat' dir='ltr'>hominis</span> <span class='ocrx_word' id='word_1_541' title='bbox 1699 1027 1797 1058; x_wconf 88' lang='lat' dir='ltr'>vitam</span> <span class='ocrx_word' id='word_1_542' title='bbox 1829 1027 1992 1058; x_wconf 81' lang='lat' dir='ltr'>exitialem</span> <span class='ocrx_word' id='word_1_543' title='bbox 2022 1038 2092 1058; x_wconf 85' lang='lat' dir='ltr'>esso</span> <span class='ocrx_word' id='word_1_544' title='bbox 2114 1037 2259 1058; x_wconf 89' lang='lat' dir='ltr'>errorum</span> 
     </span>
     <span class='ocr_line' id='line_1_80' title="bbox 1291 1068 2259 1109; baseline 0.002 -10"><span class='ocrx_word' id='word_1_545' title='bbox 1291 1068 1523 1109; x_wconf 85' lang='lat' dir='ltr'>labyrinthum,</span> <span class='ocrx_word' id='word_1_546' title='bbox 1554 1069 1654 1101; x_wconf 84' lang='lat' dir='ltr'>donce</span> <span class='ocrx_word' id='word_1_547' title='bbox 1684 1069 1723 1100; x_wconf 86' lang='lat' dir='ltr'>ad</span> <span class='ocrx_word' id='word_1_548' title='bbox 1748 1069 1916 1101; x_wconf 83' lang='lat' dir='ltr'>Christum</span> <span class='ocrx_word' id='word_1_549' title='bbox 1946 1080 2122 1101; x_wconf 85' lang='lat' dir='ltr'>conversus</span> <span class='ocrx_word' id='word_1_550' title='bbox 2151 1069 2259 1101; x_wconf 83' lang='lat' dir='ltr'>fuerit.</span> 
     </span>
     <span class='ocr_line' id='line_1_81' title="bbox 1291 1111 2259 1152; baseline 0.001 -10"><span class='ocrx_word' id='word_1_551' title='bbox 1291 1111 1419 1142; x_wconf 84' lang='lat' dir='ltr'>Deinde</span> <span class='ocrx_word' id='word_1_552' title='bbox 1454 1112 1626 1152; x_wconf 82' lang='lat' dir='ltr'>significat,</span> <span class='ocrx_word' id='word_1_553' title='bbox 1663 1122 1727 1143; x_wconf 91' lang='lat' dir='ltr'>non</span> <span class='ocrx_word' id='word_1_554' title='bbox 1758 1112 1882 1143; x_wconf 84' lang='lat' dir='ltr'>meritis</span> <span class='ocrx_word' id='word_1_555' title='bbox 1914 1113 2030 1144; x_wconf 87' lang='lat' dir='ltr'>nostris</span> <span class='ocrx_word' id='word_1_556' title='bbox 2061 1113 2127 1143; x_wconf 86' lang='lat' dir='ltr'>fieri</span> <span class='ocrx_word' id='word_1_557' title='bbox 2159 1117 2195 1143; x_wconf 87' lang='lat' dir='ltr'>ut</span> <span class='ocrx_word' id='word_1_558' title='bbox 2225 1113 2259 1143; x_wconf 89' lang='lat' dir='ltr'>in</span> 
     </span>
     <span class='ocr_line' id='line_1_82' title="bbox 1292 1154 2260 1196; baseline 0.001 -11"><span class='ocrx_word' id='word_1_559' title='bbox 1292 1155 1377 1185; x_wconf 81' lang='lat' dir='ltr'>viam</span> <span class='ocrx_word' id='word_1_560' title='bbox 1401 1155 1609 1186; x_wconf 78' lang='lat' dir='ltr'>reducamur:</span> <span class='ocrx_word' id='word_1_561' title='bbox 1634 1154 1690 1186; x_wconf 86' lang='lat' dir='ltr'>sed</span> <span class='ocrx_word' id='word_1_562' title='bbox 1713 1155 1789 1195; x_wconf 89' lang='lat' dir='ltr'>quia</span> <span class='ocrx_word' id='word_1_563' title='bbox 1810 1155 1897 1186; x_wconf 88' lang='lat' dir='ltr'>Deus</span> <span class='ocrx_word' id='word_1_564' title='bbox 1921 1156 2070 1196; x_wconf 87' lang='lat' dir='ltr'>pretium,</span> <span class='ocrx_word' id='word_1_565' title='bbox 2094 1155 2178 1195; x_wconf 89' lang='lat' dir='ltr'>quod</span> <span class='ocrx_word' id='word_1_566' title='bbox 2203 1165 2260 1195; x_wconf 90' lang='lat' dir='ltr'>pro</span> 
     </span>
     <span class='ocr_line' id='line_1_83' title="bbox 1290 1197 2259 1238; baseline 0.001 -11"><span class='ocrx_word' id='word_1_567' title='bbox 1290 1197 1393 1228; x_wconf 84' lang='lat' dir='ltr'>salute</span> <span class='ocrx_word' id='word_1_568' title='bbox 1425 1202 1536 1228; x_wconf 83' lang='lat' dir='ltr'>nostra</span> <span class='ocrx_word' id='word_1_569' title='bbox 1566 1197 1733 1238; x_wconf 82' lang='lat' dir='ltr'>impendit,</span> <span class='ocrx_word' id='word_1_570' title='bbox 1764 1197 1833 1229; x_wconf 88' lang='lat' dir='ltr'>vult</span> <span class='ocrx_word' id='word_1_571' title='bbox 1863 1198 1896 1228; x_wconf 92' lang='lat' dir='ltr'>in</span> <span class='ocrx_word' id='word_1_572' title='bbox 1929 1198 2020 1229; x_wconf 90' lang='lat' dir='ltr'>nobis</span> <span class='ocrx_word' id='word_1_573' title='bbox 2043 1208 2112 1229; x_wconf 86' lang='lat' dir='ltr'>csse</span> <span class='ocrx_word' id='word_1_574' title='bbox 2135 1198 2259 1229; x_wconf 85' lang='lat' dir='ltr'>efficax.</span> 
     </span>
     <span class='ocr_line' id='line_1_84' title="bbox 1291 1240 2261 1281; baseline 0.002 -11"><span class='ocrx_word' id='word_1_575' title='bbox 1291 1240 1379 1279; x_wconf 83' lang='lat' dir='ltr'>Ergo</span> <span class='ocrx_word' id='word_1_576' title='bbox 1420 1240 1552 1281; x_wconf 84' lang='lat' dir='ltr'>sanguis</span> <span class='ocrx_word' id='word_1_577' title='bbox 1587 1240 1711 1272; x_wconf 86' lang='lat' dir='ltr'>Christi</span> <span class='ocrx_word' id='word_1_578' title='bbox 1752 1251 1814 1271; x_wconf 91' lang='lat' dir='ltr'>non</span> <span class='ocrx_word' id='word_1_579' title='bbox 1854 1240 1947 1272; x_wconf 92' lang='lat' dir='ltr'>modo</span> <span class='ocrx_word' id='word_1_580' title='bbox 1982 1241 2096 1272; x_wconf 85' lang='lat' dir='ltr'>salutis</span> <span class='ocrx_word' id='word_1_581' title='bbox 2131 1247 2261 1272; x_wconf 86' lang='lat' dir='ltr'>nostrae</span> 
     </span>
     <span class='ocr_line' id='line_1_85' title="bbox 1292 1283 2257 1321; baseline 0.001 -8"><span class='ocrx_word' id='word_1_582' title='bbox 1292 1283 1408 1321; x_wconf 84' lang='lat' dir='ltr'>pignus</span> <span class='ocrx_word' id='word_1_583' title='bbox 1450 1289 1513 1320; x_wconf 86' lang='lat' dir='ltr'>cst,</span> <span class='ocrx_word' id='word_1_584' title='bbox 1556 1283 1611 1314; x_wconf 88' lang='lat' dir='ltr'>sed</span> <span class='ocrx_word' id='word_1_585' title='bbox 1647 1283 1825 1315; x_wconf 89' lang='lat' dir='ltr'>vocationis</span> <span class='ocrx_word' id='word_1_586' title='bbox 1859 1285 1955 1315; x_wconf 87' lang='lat' dir='ltr'>etiam</span> <span class='ocrx_word' id='word_1_587' title='bbox 1991 1290 2119 1314; x_wconf 86' lang='lat' dir='ltr'>nostrae</span> <span class='ocrx_word' id='word_1_588' title='bbox 2153 1293 2257 1315; x_wconf 83' lang='lat' dir='ltr'>causa.</span> 
     </span>
     <span class='ocr_line' id='line_1_86' title="bbox 1290 1325 2259 1366; baseline 0.001 -10"><span class='ocrx_word' id='word_1_589' title='bbox 1290 1325 1392 1356; x_wconf 86' lang='lat' dir='ltr'>Porro</span> <span class='ocrx_word' id='word_1_590' title='bbox 1421 1330 1530 1357; x_wconf 89' lang='lat' dir='ltr'>monet</span> <span class='ocrx_word' id='word_1_591' title='bbox 1554 1326 1672 1358; x_wconf 85' lang='lat' dir='ltr'>Petrus</span> <span class='ocrx_word' id='word_1_592' title='bbox 1703 1325 1884 1357; x_wconf 88' lang='lat' dir='ltr'>cavendum</span> <span class='ocrx_word' id='word_1_593' title='bbox 1916 1337 1985 1358; x_wconf 88' lang='lat' dir='ltr'>esse</span> <span class='ocrx_word' id='word_1_594' title='bbox 2017 1336 2056 1357; x_wconf 87' lang='lat' dir='ltr'>ne</span> <span class='ocrx_word' id='word_1_595' title='bbox 2080 1326 2186 1366; x_wconf 89' lang='lat' dir='ltr'>ipsum</span> <span class='ocrx_word' id='word_1_596' title='bbox 2211 1326 2259 1357; x_wconf 91' lang='lat' dir='ltr'>in·</span> 
     </span>
     <span class='ocr_line' id='line_1_87' title="bbox 1289 1368 2261 1408; baseline 0.001 -10"><span class='ocrx_word' id='word_1_597' title='bbox 1289 1368 1463 1399; x_wconf 85' lang='lat' dir='ltr'>credulitas</span> <span class='ocrx_word' id='word_1_598' title='bbox 1480 1374 1588 1400; x_wconf 87' lang='lat' dir='ltr'>nostra</span> <span class='ocrx_word' id='word_1_599' title='bbox 1604 1369 1778 1406; x_wconf 83' lang='lat' dir='ltr'>exinaniat,</span> <span class='ocrx_word' id='word_1_600' title='bbox 1796 1368 1846 1400; x_wconf 90' lang='lat' dir='ltr'>vel</span> <span class='ocrx_word' id='word_1_601' title='bbox 1864 1369 1990 1400; x_wconf 88' lang='lat' dir='ltr'>irritum</span> <span class='ocrx_word' id='word_1_602' title='bbox 2004 1368 2125 1400; x_wconf 87' lang='lat' dir='ltr'>reddat.</span> <span class='ocrx_word' id='word_1_603' title='bbox 2150 1368 2261 1408; x_wconf 77' lang='lat' dir='ltr'>Quum</span> 
     </span>
     <span class='ocr_line' id='line_1_88' title="bbox 1291 1411 2260 1451; baseline 0.001 -10"><span class='ocrx_word' id='word_1_604' title='bbox 1291 1411 1387 1442; x_wconf 80' lang='lat' dir='ltr'>iactet</span> <span class='ocrx_word' id='word_1_605' title='bbox 1404 1411 1525 1442; x_wconf 88' lang='lat' dir='ltr'>Paulus</span> <span class='ocrx_word' id='word_1_606' title='bbox 1549 1422 1583 1442; x_wconf 83' lang='lat' dir='ltr'>se</span> <span class='ocrx_word' id='word_1_607' title='bbox 1603 1421 1683 1451; x_wconf 87' lang='lat' dir='ltr'>pura</span> <span class='ocrx_word' id='word_1_608' title='bbox 1699 1412 1895 1442; x_wconf 85' lang='lat' dir='ltr'>conscientia</span> <span class='ocrx_word' id='word_1_609' title='bbox 1913 1412 2019 1442; x_wconf 91' lang='lat' dir='ltr'>Deum</span> <span class='ocrx_word' id='word_1_610' title='bbox 2037 1411 2142 1443; x_wconf 83' lang='lat' dir='ltr'>colere</span> <span class='ocrx_word' id='word_1_611' title='bbox 2159 1421 2260 1451; x_wconf 89' lang='lat' dir='ltr'>usque</span> 
     </span>
     <span class='ocr_line' id='line_1_89' title="bbox 1291 1453 2259 1492; baseline 0 -8"><span class='ocrx_word' id='word_1_612' title='bbox 1291 1464 1309 1484; x_wconf 88' lang='lat' dir='ltr'>a</span> <span class='ocrx_word' id='word_1_613' title='bbox 1337 1454 1480 1492; x_wconf 86' lang='lat' dir='ltr'>proavis:</span> <span class='ocrx_word' id='word_1_614' title='bbox 1511 1459 1543 1484; x_wconf 88' lang='lat' dir='ltr'>et</span> <span class='ocrx_word' id='word_1_615' title='bbox 1565 1454 1650 1485; x_wconf 90' lang='lat' dir='ltr'>idem</span> <span class='ocrx_word' id='word_1_616' title='bbox 1675 1453 1844 1485; x_wconf 77' lang='lat' dir='ltr'>Timotheo</span> <span class='ocrx_word' id='word_1_617' title='bbox 1874 1454 1914 1485; x_wconf 90' lang='lat' dir='ltr'>ad</span> <span class='ocrx_word' id='word_1_618' title='bbox 1938 1454 2151 1485; x_wconf 87' lang='lat' dir='ltr'>imitationem</span> <span class='ocrx_word' id='word_1_619' title='bbox 2173 1464 2259 1485; x_wconf 89' lang='lat' dir='ltr'>com-</span> 
     </span>
     <span class='ocr_line' id='line_1_90' title="bbox 1291 1496 2259 1536; baseline -0.001 -9"><span class='ocrx_word' id='word_1_620' title='bbox 1291 1496 1422 1527; x_wconf 88' lang='lat' dir='ltr'>mendet</span> <span class='ocrx_word' id='word_1_621' title='bbox 1453 1497 1604 1536; x_wconf 85' lang='lat' dir='ltr'>pietatem</span> <span class='ocrx_word' id='word_1_622' title='bbox 1635 1497 1728 1527; x_wconf 88' lang='lat' dir='ltr'>aviae</span> <span class='ocrx_word' id='word_1_623' title='bbox 1751 1496 1872 1528; x_wconf 87' lang='lat' dir='ltr'>Loidos</span> <span class='ocrx_word' id='word_1_624' title='bbox 1901 1502 1933 1528; x_wconf 90' lang='lat' dir='ltr'>et</span> <span class='ocrx_word' id='word_1_625' title='bbox 1965 1497 2078 1528; x_wconf 84' lang='lat' dir='ltr'>matris</span> <span class='ocrx_word' id='word_1_626' title='bbox 2104 1497 2259 1528; x_wconf 84' lang='lat' dir='ltr'>Eunices:</span> 
     </span>
     <span class='ocr_line' id='line_1_91' title="bbox 1292 1539 2260 1579; baseline 0 -10"><span class='ocrx_word' id='word_1_627' title='bbox 1292 1539 1376 1570; x_wconf 86' lang='lat' dir='ltr'>dicat</span> <span class='ocrx_word' id='word_1_628' title='bbox 1405 1539 1503 1570; x_wconf 88' lang='lat' dir='ltr'>etiam</span> <span class='ocrx_word' id='word_1_629' title='bbox 1527 1539 1678 1571; x_wconf 85' lang='lat' dir='ltr'>Christus</span> <span class='ocrx_word' id='word_1_630' title='bbox 1709 1539 1747 1569; x_wconf 90' lang='lat' dir='ltr'>de</span> <span class='ocrx_word' id='word_1_631' title='bbox 1771 1539 1909 1576; x_wconf 85' lang='lat' dir='ltr'>Iudaeis,</span> <span class='ocrx_word' id='word_1_632' title='bbox 1940 1539 2025 1579; x_wconf 90' lang='lat' dir='ltr'>ipsos</span> <span class='ocrx_word' id='word_1_633' title='bbox 2053 1539 2135 1570; x_wconf 84' lang='lat' dir='ltr'>scire</span> <span class='ocrx_word' id='word_1_634' title='bbox 2165 1548 2260 1579; x_wconf 90' lang='lat' dir='ltr'>quem</span> 
     </span>
     <span class='ocr_line' id='line_1_92' title="bbox 1292 1580 2260 1622; baseline 0 -10"><span class='ocrx_word' id='word_1_635' title='bbox 1292 1581 1399 1612; x_wconf 90' lang='lat' dir='ltr'>Deum</span> <span class='ocrx_word' id='word_1_636' title='bbox 1429 1581 1580 1613; x_wconf 83' lang='lat' dir='ltr'>adorent:</span> <span class='ocrx_word' id='word_1_637' title='bbox 1612 1581 1715 1613; x_wconf 90' lang='lat' dir='ltr'>videri</span> <span class='ocrx_word' id='word_1_638' title='bbox 1746 1587 1851 1621; x_wconf 87' lang='lat' dir='ltr'>potest</span> <span class='ocrx_word' id='word_1_639' title='bbox 1876 1581 1935 1613; x_wconf 91' lang='lat' dir='ltr'>hoc</span> <span class='ocrx_word' id='word_1_640' title='bbox 1958 1581 2144 1622; x_wconf 86' lang='lat' dir='ltr'>absurdum,</span> <span class='ocrx_word' id='word_1_641' title='bbox 2176 1580 2260 1621; x_wconf 89' lang='lat' dir='ltr'>quod</span> 
     </span>
     <span class='ocr_line' id='line_1_93' title="bbox 1293 1624 2262 1664; baseline 0 -9"><span class='ocrx_word' id='word_1_642' title='bbox 1293 1624 1408 1656; x_wconf 84' lang='lat' dir='ltr'>Petrus</span> <span class='ocrx_word' id='word_1_643' title='bbox 1431 1624 1569 1656; x_wconf 87' lang='lat' dir='ltr'>Iudaeos</span> <span class='ocrx_word' id='word_1_644' title='bbox 1599 1624 1649 1656; x_wconf 89' lang='lat' dir='ltr'>sui</span> <span class='ocrx_word' id='word_1_645' title='bbox 1673 1625 1826 1664; x_wconf 85' lang='lat' dir='ltr'>temporis</span> <span class='ocrx_word' id='word_1_646' title='bbox 1850 1624 1931 1655; x_wconf 87' lang='lat' dir='ltr'>nihil</span> <span class='ocrx_word' id='word_1_647' title='bbox 1957 1635 1997 1655; x_wconf 84' lang='lat' dir='ltr'>ex</span> <span class='ocrx_word' id='word_1_648' title='bbox 2020 1629 2149 1664; x_wconf 86' lang='lat' dir='ltr'>patrum</span> <span class='ocrx_word' id='word_1_649' title='bbox 2172 1624 2262 1655; x_wconf 90' lang='lat' dir='ltr'>insti-</span> 
     </span>
     <span class='ocr_line' id='line_1_94' title="bbox 1292 1667 2260 1706; baseline 0 -8"><span class='ocrx_word' id='word_1_650' title='bbox 1292 1668 1414 1698; x_wconf 87' lang='lat' dir='ltr'>tutione</span> <span class='ocrx_word' id='word_1_651' title='bbox 1443 1667 1592 1699; x_wconf 85' lang='lat' dir='ltr'>didicisse</span> <span class='ocrx_word' id='word_1_652' title='bbox 1621 1667 1735 1698; x_wconf 87' lang='lat' dir='ltr'>asserit</span> <span class='ocrx_word' id='word_1_653' title='bbox 1767 1671 1894 1706; x_wconf 85' lang='lat' dir='ltr'>praeter</span> <span class='ocrx_word' id='word_1_654' title='bbox 1925 1677 2047 1698; x_wconf 87' lang='lat' dir='ltr'>meram</span> <span class='ocrx_word' id='word_1_655' title='bbox 2071 1667 2260 1698; x_wconf 81' lang='lat' dir='ltr'>vanitatem.</span> 
     </span>
     <span class='ocr_line' id='line_1_95' title="bbox 1291 1709 2259 1750; baseline -0.001 -9"><span class='ocrx_word' id='word_1_656' title='bbox 1291 1710 1494 1750; x_wconf 80' lang='lat' dir='ltr'>Respondeo‚</span> <span class='ocrx_word' id='word_1_657' title='bbox 1526 1710 1704 1747; x_wconf 88' lang='lat' dir='ltr'>Christum,</span> <span class='ocrx_word' id='word_1_658' title='bbox 1736 1720 1834 1749; x_wconf 90' lang='lat' dir='ltr'>quum</span> <span class='ocrx_word' id='word_1_659' title='bbox 1858 1709 1987 1741; x_wconf 85' lang='lat' dir='ltr'>Iudaeis</span> <span class='ocrx_word' id='word_1_660' title='bbox 2018 1711 2184 1747; x_wconf 87' lang='lat' dir='ltr'>rationem,</span> <span class='ocrx_word' id='word_1_661' title='bbox 2210 1709 2259 1741; x_wconf 90' lang='lat' dir='ltr'>vel</span> 
     </span>
     <span class='ocr_line' id='line_1_96' title="bbox 1291 1752 2260 1793; baseline 0 -10"><span class='ocrx_word' id='word_1_662' title='bbox 1291 1753 1456 1784; x_wconf 87' lang='lat' dir='ltr'>scientiam</span> <span class='ocrx_word' id='word_1_663' title='bbox 1479 1753 1644 1793; x_wconf 84' lang='lat' dir='ltr'>religionis</span> <span class='ocrx_word' id='word_1_664' title='bbox 1664 1762 1759 1792; x_wconf 87' lang='lat' dir='ltr'>quam</span> <span class='ocrx_word' id='word_1_665' title='bbox 1777 1757 1899 1790; x_wconf 89' lang='lat' dir='ltr'>tenent,</span> <span class='ocrx_word' id='word_1_666' title='bbox 1923 1758 2068 1784; x_wconf 85' lang='lat' dir='ltr'>constare</span> <span class='ocrx_word' id='word_1_667' title='bbox 2085 1752 2260 1792; x_wconf 82' lang='lat' dir='ltr'>praedicat,</span> 
     </span>
     <span class='ocr_line' id='line_1_97' title="bbox 1291 1795 2260 1836; baseline 0 -10"><span class='ocrx_word' id='word_1_668' title='bbox 1291 1797 1448 1835; x_wconf 89' lang='lat' dir='ltr'>respicere</span> <span class='ocrx_word' id='word_1_669' title='bbox 1473 1795 1513 1826; x_wconf 88' lang='lat' dir='ltr'>ad</span> <span class='ocrx_word' id='word_1_670' title='bbox 1536 1796 1639 1836; x_wconf 85' lang='lat' dir='ltr'>legem</span> <span class='ocrx_word' id='word_1_671' title='bbox 1663 1796 1769 1835; x_wconf 88' lang='lat' dir='ltr'>potius</span> <span class='ocrx_word' id='word_1_672' title='bbox 1793 1801 1826 1826; x_wconf 83' lang='lat' dir='ltr'>et</span> <span class='ocrx_word' id='word_1_673' title='bbox 1860 1795 2046 1827; x_wconf 88' lang='lat' dir='ltr'>mandatum</span> <span class='ocrx_word' id='word_1_674' title='bbox 2071 1795 2134 1826; x_wconf 89' lang='lat' dir='ltr'>Dei</span> <span class='ocrx_word' id='word_1_675' title='bbox 2164 1805 2260 1835; x_wconf 89' lang='lat' dir='ltr'>quam</span> 
     </span>
     <span class='ocr_line' id='line_1_98' title="bbox 1292 1837 2260 1878; baseline -0.001 -8"><span class='ocrx_word' id='word_1_676' title='bbox 1292 1839 1331 1870; x_wconf 88' lang='lat' dir='ltr'>ad</span> <span class='ocrx_word' id='word_1_677' title='bbox 1367 1838 1487 1878; x_wconf 87' lang='lat' dir='ltr'>vulgus</span> <span class='ocrx_word' id='word_1_678' title='bbox 1528 1838 1707 1869; x_wconf 87' lang='lat' dir='ltr'>hominum.</span> <span class='ocrx_word' id='word_1_679' title='bbox 1764 1837 1848 1877; x_wconf 81' lang='lat' dir='ltr'>Quia</span> <span class='ocrx_word' id='word_1_680' title='bbox 1882 1838 1968 1869; x_wconf 91' lang='lat' dir='ltr'>enim</span> <span class='ocrx_word' id='word_1_681' title='bbox 2002 1838 2161 1878; x_wconf 87' lang='lat' dir='ltr'>templum</span> <span class='ocrx_word' id='word_1_682' title='bbox 2196 1848 2260 1869; x_wconf 89' lang='lat' dir='ltr'>non</span> 
     </span>
     <span class='ocr_line' id='line_1_99' title="bbox 1291 1880 2260 1922; baseline -0.001 -10"><span class='ocrx_word' id='word_1_683' title='bbox 1291 1886 1412 1912; x_wconf 88' lang='lat' dir='ltr'>temere</span> <span class='ocrx_word' id='word_1_684' title='bbox 1442 1886 1585 1912; x_wconf 86' lang='lat' dir='ltr'>erectum</span> <span class='ocrx_word' id='word_1_685' title='bbox 1616 1881 1720 1912; x_wconf 80' lang='lat' dir='ltr'>fuerat</span> <span class='ocrx_word' id='word_1_686' title='bbox 1743 1881 1962 1922; x_wconf 77' lang='lat' dir='ltr'>lerosolymis,</span> <span class='ocrx_word' id='word_1_687' title='bbox 1991 1891 2093 1921; x_wconf 89' lang='lat' dir='ltr'>neque</span> <span class='ocrx_word' id='word_1_688' title='bbox 2116 1880 2182 1912; x_wconf 86' lang='lat' dir='ltr'>illic</span> <span class='ocrx_word' id='word_1_689' title='bbox 2207 1881 2260 1912; x_wconf 84' lang='lat' dir='ltr'>ho-</span> 
     </span>
     <span class='ocr_line' id='line_1_100' title="bbox 1291 1923 2260 1964; baseline 0 -10"><span class='ocrx_word' id='word_1_690' title='bbox 1291 1925 1414 1955; x_wconf 90' lang='lat' dir='ltr'>minum</span> <span class='ocrx_word' id='word_1_691' title='bbox 1445 1924 1587 1964; x_wconf 88' lang='lat' dir='ltr'>arbitrio,</span> <span class='ocrx_word' id='word_1_692' title='bbox 1618 1923 1672 1955; x_wconf 92' lang='lat' dir='ltr'>sed</span> <span class='ocrx_word' id='word_1_693' title='bbox 1701 1924 1793 1954; x_wconf 83' lang='lat' dir='ltr'>iuxta</span> <span class='ocrx_word' id='word_1_694' title='bbox 1817 1923 1896 1964; x_wconf 85' lang='lat' dir='ltr'>legis</span> <span class='ocrx_word' id='word_1_695' title='bbox 1919 1924 2153 1964; x_wconf 88' lang='lat' dir='ltr'>praescriptum</span> <span class='ocrx_word' id='word_1_696' title='bbox 2177 1923 2260 1955; x_wconf 88' lang='lat' dir='ltr'>cole-</span> 
     </span>
     <span class='ocr_line' id='line_1_101' title="bbox 1292 1966 2262 1998; baseline -0.001 0"><span class='ocrx_word' id='word_1_697' title='bbox 1292 1967 1386 1998; x_wconf 85' lang='lat' dir='ltr'>batur</span> <span class='ocrx_word' id='word_1_698' title='bbox 1411 1967 1514 1997; x_wconf 88' lang='lat' dir='ltr'>Deus:</span> <span class='ocrx_word' id='word_1_699' title='bbox 1546 1967 1617 1998; x_wconf 89' lang='lat' dir='ltr'>ideo</span> <span class='ocrx_word' id='word_1_700' title='bbox 1648 1966 1723 1998; x_wconf 90' lang='lat' dir='ltr'>dicit</span> <span class='ocrx_word' id='word_1_701' title='bbox 1747 1966 1881 1998; x_wconf 88' lang='lat' dir='ltr'>Iudaeos</span> <span class='ocrx_word' id='word_1_702' title='bbox 1912 1976 1978 1997; x_wconf 89' lang='lat' dir='ltr'>non</span> <span class='ocrx_word' id='word_1_703' title='bbox 2009 1976 2116 1998; x_wconf 90' lang='lat' dir='ltr'>errare</span> <span class='ocrx_word' id='word_1_704' title='bbox 2144 1967 2177 1997; x_wconf 91' lang='lat' dir='ltr'>in</span> <span class='ocrx_word' id='word_1_705' title='bbox 2201 1966 2262 1998; x_wconf 85' lang='lat' dir='ltr'>hac</span> 
     </span>
     <span class='ocr_line' id='line_1_102' title="bbox 1291 2008 2260 2050; baseline 0 -10"><span class='ocrx_word' id='word_1_706' title='bbox 1291 2009 1372 2050; x_wconf 87' lang='lat' dir='ltr'>legis</span> <span class='ocrx_word' id='word_1_707' title='bbox 1410 2010 1643 2041; x_wconf 80' lang='lat' dir='ltr'>observatione.</span> <span class='ocrx_word' id='word_1_708' title='bbox 1700 2008 1869 2048; x_wconf 79' lang='lat' dir='ltr'>Quantum</span> <span class='ocrx_word' id='word_1_709' title='bbox 1912 2009 1951 2040; x_wconf 83' lang='lat' dir='ltr'>ad</span> <span class='ocrx_word' id='word_1_710' title='bbox 1986 2009 2078 2040; x_wconf 87' lang='lat' dir='ltr'>Pauli</span> <span class='ocrx_word' id='word_1_711' title='bbox 2112 2019 2260 2050; x_wconf 83' lang='lat' dir='ltr'>proavos,</span> 
     </span>
     <span class='ocr_line' id='line_1_103' title="bbox 1293 2051 2260 2092; baseline -0.001 -9"><span class='ocrx_word' id='word_1_712' title='bbox 1293 2052 1437 2091; x_wconf 87' lang='lat' dir='ltr'>Loidem,</span> <span class='ocrx_word' id='word_1_713' title='bbox 1461 2053 1618 2090; x_wconf 88' lang='lat' dir='ltr'>Eunicen,</span> <span class='ocrx_word' id='word_1_714' title='bbox 1649 2056 1681 2083; x_wconf 87' lang='lat' dir='ltr'>et</span> <span class='ocrx_word' id='word_1_715' title='bbox 1704 2052 1837 2090; x_wconf 88' lang='lat' dir='ltr'>similes,</span> <span class='ocrx_word' id='word_1_716' title='bbox 1869 2062 1931 2083; x_wconf 91' lang='lat' dir='ltr'>non</span> <span class='ocrx_word' id='word_1_717' title='bbox 1957 2051 2089 2083; x_wconf 90' lang='lat' dir='ltr'>dubium</span> <span class='ocrx_word' id='word_1_718' title='bbox 2112 2056 2160 2084; x_wconf 83' lang='lat' dir='ltr'>est</span> <span class='ocrx_word' id='word_1_719' title='bbox 2182 2051 2260 2092; x_wconf 91' lang='lat' dir='ltr'>quin</span> 
     </span>
     <span class='ocr_line' id='line_1_104' title="bbox 1292 2094 2260 2135; baseline -0.001 -10"><span class='ocrx_word' id='word_1_720' title='bbox 1292 2096 1426 2135; x_wconf 83' lang='lat' dir='ltr'>exiguas</span> <span class='ocrx_word' id='word_1_721' title='bbox 1449 2095 1563 2126; x_wconf 87' lang='lat' dir='ltr'>saltem</span> <span class='ocrx_word' id='word_1_722' title='bbox 1588 2094 1738 2134; x_wconf 87' lang='lat' dir='ltr'>reliquias</span> <span class='ocrx_word' id='word_1_723' title='bbox 1760 2095 1793 2125; x_wconf 89' lang='lat' dir='ltr'>in</span> <span class='ocrx_word' id='word_1_724' title='bbox 1817 2094 1935 2135; x_wconf 90' lang='lat' dir='ltr'>populo</span> <span class='ocrx_word' id='word_1_725' title='bbox 1954 2094 2009 2126; x_wconf 91' lang='lat' dir='ltr'>illo</span> <span class='ocrx_word' id='word_1_726' title='bbox 2026 2094 2115 2126; x_wconf 88' lang='lat' dir='ltr'>Deus</span> <span class='ocrx_word' id='word_1_727' title='bbox 2133 2104 2260 2133; x_wconf 89' lang='lat' dir='ltr'>semper</span> 
     </span>
     <span class='ocr_line' id='line_1_105' title="bbox 1294 2137 2261 2178; baseline -0.001 -10"><span class='ocrx_word' id='word_1_728' title='bbox 1294 2138 1451 2174; x_wconf 85' lang='lat' dir='ltr'>habuerit,</span> <span class='ocrx_word' id='word_1_729' title='bbox 1475 2139 1508 2169; x_wconf 86' lang='lat' dir='ltr'>in</span> <span class='ocrx_word' id='word_1_730' title='bbox 1532 2138 1648 2178; x_wconf 88' lang='lat' dir='ltr'>quibus</span> <span class='ocrx_word' id='word_1_731' title='bbox 1671 2137 1797 2168; x_wconf 88' lang='lat' dir='ltr'>sincera</span> <span class='ocrx_word' id='word_1_732' title='bbox 1821 2138 1922 2177; x_wconf 85' lang='lat' dir='ltr'>pietas</span> <span class='ocrx_word' id='word_1_733' title='bbox 1945 2137 2114 2168; x_wconf 83' lang='lat' dir='ltr'>manebat:</span> <span class='ocrx_word' id='word_1_734' title='bbox 2138 2137 2261 2168; x_wconf 87' lang='lat' dir='ltr'>interea</span> 
     </span>
     <span class='ocr_line' id='line_1_106' title="bbox 1293 2179 2261 2220; baseline -0.001 -9"><span class='ocrx_word' id='word_1_735' title='bbox 1293 2191 1407 2220; x_wconf 87' lang='lat' dir='ltr'>corpus</span> <span class='ocrx_word' id='word_1_736' title='bbox 1438 2182 1543 2220; x_wconf 90' lang='lat' dir='ltr'>ipsum</span> <span class='ocrx_word' id='word_1_737' title='bbox 1573 2179 1684 2220; x_wconf 90' lang='lat' dir='ltr'>populi</span> <span class='ocrx_word' id='word_1_738' title='bbox 1715 2180 1796 2211; x_wconf 91' lang='lat' dir='ltr'>mire</span> <span class='ocrx_word' id='word_1_739' title='bbox 1825 2185 2012 2219; x_wconf 88' lang='lat' dir='ltr'>corruptum</span> <span class='ocrx_word' id='word_1_740' title='bbox 2036 2186 2115 2220; x_wconf 83' lang='lat' dir='ltr'>erat,</span> <span class='ocrx_word' id='word_1_741' title='bbox 2148 2185 2179 2211; x_wconf 88' lang='lat' dir='ltr'>et</span> <span class='ocrx_word' id='word_1_742' title='bbox 2202 2179 2261 2210; x_wconf 88' lang='lat' dir='ltr'>dif-</span> 
     </span>
     <span class='ocr_line' id='line_1_107' title="bbox 1292 2222 2260 2263; baseline -0.002 -9"><span class='ocrx_word' id='word_1_743' title='bbox 1292 2224 1431 2254; x_wconf 81' lang='lat' dir='ltr'>fluxerat</span> <span class='ocrx_word' id='word_1_744' title='bbox 1460 2224 1494 2254; x_wconf 92' lang='lat' dir='ltr'>in</span> <span class='ocrx_word' id='word_1_745' title='bbox 1525 2233 1620 2254; x_wconf 90' lang='lat' dir='ltr'>omne</span> <span class='ocrx_word' id='word_1_746' title='bbox 1648 2231 1795 2253; x_wconf 87' lang='lat' dir='ltr'>errorum</span> <span class='ocrx_word' id='word_1_747' title='bbox 1827 2233 1940 2263; x_wconf 86' lang='lat' dir='ltr'>genus.</span> <span class='ocrx_word' id='word_1_748' title='bbox 1986 2222 2181 2263; x_wconf 83' lang='lat' dir='ltr'>Regnabant</span> <span class='ocrx_word' id='word_1_749' title='bbox 2210 2222 2260 2252; x_wconf 91' lang='lat' dir='ltr'>in-</span> 
     </span>
     <span class='ocr_line' id='line_1_108' title="bbox 1294 2264 2260 2306; baseline -0.002 -9"><span class='ocrx_word' id='word_1_750' title='bbox 1294 2276 1446 2297; x_wconf 87' lang='lat' dir='ltr'>numerae</span> <span class='ocrx_word' id='word_1_751' title='bbox 1462 2265 1719 2306; x_wconf 84' lang='lat' dir='ltr'>superstitioneS‚</span> <span class='ocrx_word' id='word_1_752' title='bbox 1738 2265 1922 2296; x_wconf 87' lang='lat' dir='ltr'>invaluerat</span> <span class='ocrx_word' id='word_1_753' title='bbox 1938 2265 2126 2306; x_wconf 86' lang='lat' dir='ltr'>hypocrisis,</span> <span class='ocrx_word' id='word_1_754' title='bbox 2145 2264 2260 2296; x_wconf 85' lang='lat' dir='ltr'>salutis</span> 
     </span>
     <span class='ocr_line' id='line_1_109' title="bbox 1293 2308 2259 2349; baseline -0.002 -9"><span class='ocrx_word' id='word_1_755' title='bbox 1293 2309 1410 2340; x_wconf 86' lang='lat' dir='ltr'>fiducia</span> <span class='ocrx_word' id='word_1_756' title='bbox 1444 2309 1484 2340; x_wconf 88' lang='lat' dir='ltr'>ad</span> <span class='ocrx_word' id='word_1_757' title='bbox 1518 2318 1622 2349; x_wconf 84' lang='lat' dir='ltr'>nugas</span> <span class='ocrx_word' id='word_1_758' title='bbox 1651 2308 1757 2339; x_wconf 86' lang='lat' dir='ltr'>nescio</span> <span class='ocrx_word' id='word_1_759' title='bbox 1786 2318 1865 2348; x_wconf 84' lang='lat' dir='ltr'>quas</span> <span class='ocrx_word' id='word_1_760' title='bbox 1895 2308 2043 2339; x_wconf 87' lang='lat' dir='ltr'>traducta</span> <span class='ocrx_word' id='word_1_761' title='bbox 2072 2312 2159 2339; x_wconf 86' lang='lat' dir='ltr'>erat:</span> <span class='ocrx_word' id='word_1_762' title='bbox 2193 2317 2259 2338; x_wconf 92' lang='lat' dir='ltr'>non</span> 
     </span>
     <span class='ocr_line' id='line_1_110' title="bbox 1292 2350 2260 2391; baseline -0.001 -9"><span class='ocrx_word' id='word_1_763' title='bbox 1292 2351 1386 2382; x_wconf 89' lang='lat' dir='ltr'>modo</span> <span class='ocrx_word' id='word_1_764' title='bbox 1416 2352 1523 2391; x_wconf 88' lang='lat' dir='ltr'>pravis</span> <span class='ocrx_word' id='word_1_765' title='bbox 1554 2350 1759 2391; x_wconf 88' lang='lat' dir='ltr'>opinionibus</span> <span class='ocrx_word' id='word_1_766' title='bbox 1788 2350 1904 2382; x_wconf 85' lang='lat' dir='ltr'>imbuti</span> <span class='ocrx_word' id='word_1_767' title='bbox 1932 2354 2035 2388; x_wconf 87' lang='lat' dir='ltr'>erant,</span> <span class='ocrx_word' id='word_1_768' title='bbox 2065 2350 2119 2381; x_wconf 88' lang='lat' dir='ltr'>sed</span> <span class='ocrx_word' id='word_1_769' title='bbox 2143 2350 2260 2382; x_wconf 79' lang='lat' dir='ltr'>crassis</span> 
     </span>
     <span class='ocr_line' id='line_1_111' title="bbox 1292 2392 2259 2432; baseline -0.002 -7"><span class='ocrx_word' id='word_1_770' title='bbox 1292 2395 1389 2425; x_wconf 86' lang='lat' dir='ltr'>etiam</span> <span class='ocrx_word' id='word_1_771' title='bbox 1413 2394 1533 2425; x_wconf 84' lang='lat' dir='ltr'>deliriis</span> <span class='ocrx_word' id='word_1_772' title='bbox 1556 2393 1714 2425; x_wconf 82' lang='lat' dir='ltr'>fascinati.</span> <span class='ocrx_word' id='word_1_773' title='bbox 1753 2393 1818 2432; x_wconf 77' lang='lat' dir='ltr'>Qui</span> <span class='ocrx_word' id='word_1_774' title='bbox 1835 2403 1911 2424; x_wconf 88' lang='lat' dir='ltr'>vero</span> <span class='ocrx_word' id='word_1_775' title='bbox 1929 2393 1964 2424; x_wconf 90' lang='lat' dir='ltr'>in</span> <span class='ocrx_word' id='word_1_776' title='bbox 1983 2393 2130 2424; x_wconf 88' lang='lat' dir='ltr'>diversas</span> <span class='ocrx_word' id='word_1_777' title='bbox 2146 2392 2259 2424; x_wconf 88' lang='lat' dir='ltr'>mundi</span> 
     </span>
     <span class='ocr_line' id='line_1_112' title="bbox 1293 2435 2262 2477; baseline -0.001 -10"><span class='ocrx_word' id='word_1_778' title='bbox 1293 2437 1405 2477; x_wconf 86' lang='lat' dir='ltr'>plagas</span> <span class='ocrx_word' id='word_1_779' title='bbox 1432 2436 1568 2477; x_wconf 86' lang='lat' dir='ltr'>dispersi</span> <span class='ocrx_word' id='word_1_780' title='bbox 1596 2440 1703 2474; x_wconf 85' lang='lat' dir='ltr'>erant,</span> <span class='ocrx_word' id='word_1_781' title='bbox 1738 2435 1914 2467; x_wconf 89' lang='lat' dir='ltr'>maioribus</span> <span class='ocrx_word' id='word_1_782' title='bbox 1944 2435 2140 2475; x_wconf 86' lang='lat' dir='ltr'>corruptelis</span> <span class='ocrx_word' id='word_1_783' title='bbox 2168 2441 2262 2467; x_wconf 88' lang='lat' dir='ltr'>erant</span> 
     </span>
     <span class='ocr_line' id='line_1_113' title="bbox 1292 2478 2261 2519; baseline -0.001 -9"><span class='ocrx_word' id='word_1_784' title='bbox 1292 2480 1449 2519; x_wconf 88' lang='lat' dir='ltr'>impliciti.</span> <span class='ocrx_word' id='word_1_785' title='bbox 1498 2479 1646 2519; x_wconf 90' lang='lat' dir='ltr'>Denique</span> <span class='ocrx_word' id='word_1_786' title='bbox 1681 2479 1824 2510; x_wconf 84' lang='lat' dir='ltr'>maxima</span> <span class='ocrx_word' id='word_1_787' title='bbox 1854 2489 1894 2509; x_wconf 82' lang='lat' dir='ltr'>ex</span> <span class='ocrx_word' id='word_1_788' title='bbox 1924 2483 2015 2518; x_wconf 90' lang='lat' dir='ltr'>parte</span> <span class='ocrx_word' id='word_1_789' title='bbox 2046 2488 2125 2518; x_wconf 85' lang='lat' dir='ltr'>gens</span> <span class='ocrx_word' id='word_1_790' title='bbox 2155 2478 2212 2509; x_wconf 88' lang='lat' dir='ltr'>illa</span> <span class='ocrx_word' id='word_1_791' title='bbox 2242 2487 2261 2508; x_wconf 84' lang='lat' dir='ltr'>a</span> 
     </span>
     <span class='ocr_line' id='line_1_114' title="bbox 1294 2520 2259 2563; baseline -0.001 -10"><span class='ocrx_word' id='word_1_792' title='bbox 1294 2532 1370 2553; x_wconf 88' lang='lat' dir='ltr'>vera</span> <span class='ocrx_word' id='word_1_793' title='bbox 1397 2523 1517 2563; x_wconf 87' lang='lat' dir='ltr'>pietate</span> <span class='ocrx_word' id='word_1_794' title='bbox 1540 2522 1590 2553; x_wconf 91' lang='lat' dir='ltr'>vel</span> <span class='ocrx_word' id='word_1_795' title='bbox 1614 2521 1774 2553; x_wconf 84' lang='lat' dir='ltr'>defecerat</span> <span class='ocrx_word' id='word_1_796' title='bbox 1796 2531 1938 2561; x_wconf 88' lang='lat' dir='ltr'>prorsus,</span> <span class='ocrx_word' id='word_1_797' title='bbox 1966 2520 2018 2552; x_wconf 86' lang='lat' dir='ltr'>vel</span> <span class='ocrx_word' id='word_1_798' title='bbox 2041 2521 2180 2552; x_wconf 88' lang='lat' dir='ltr'>multum</span> <span class='ocrx_word' id='word_1_799' title='bbox 2204 2520 2259 2552; x_wconf 89' lang='lat' dir='ltr'>de-</span> 
     </span>
     <span class='ocr_line' id='line_1_115' title="bbox 1293 2563 2260 2605; baseline -0.002 -9"><span class='ocrx_word' id='word_1_800' title='bbox 1293 2569 1516 2605; x_wconf 84' lang='lat' dir='ltr'>generaverat.</span> <span class='ocrx_word' id='word_1_801' title='bbox 1579 2564 1688 2603; x_wconf 80' lang='lat' dir='ltr'>Quum</span> <span class='ocrx_word' id='word_1_802' title='bbox 1734 2574 1811 2605; x_wconf 84' lang='lat' dir='ltr'>ergo</span> <span class='ocrx_word' id='word_1_803' title='bbox 1851 2569 1981 2604; x_wconf 85' lang='lat' dir='ltr'>patrum</span> <span class='ocrx_word' id='word_1_804' title='bbox 2021 2563 2260 2595; x_wconf 85' lang='lat' dir='ltr'>institutionem</span> 
     </span>
     <span class='ocr_line' id='line_1_116' title="bbox 1295 2606 2260 2647; baseline 0 -10"><span class='ocrx_word' id='word_1_805' title='bbox 1295 2607 1427 2638; x_wconf 84' lang='lat' dir='ltr'>damnat</span> <span class='ocrx_word' id='word_1_806' title='bbox 1455 2607 1582 2644; x_wconf 87' lang='lat' dir='ltr'>Petrus,</span> <span class='ocrx_word' id='word_1_807' title='bbox 1613 2612 1741 2646; x_wconf 84' lang='lat' dir='ltr'>separat</span> <span class='ocrx_word' id='word_1_808' title='bbox 1769 2616 1839 2638; x_wconf 86' lang='lat' dir='ltr'>eam</span> <span class='ocrx_word' id='word_1_809' title='bbox 1869 2617 1886 2636; x_wconf 81' lang='lat' dir='ltr'>a</span> <span class='ocrx_word' id='word_1_810' title='bbox 1916 2606 2057 2645; x_wconf 86' lang='lat' dir='ltr'>Christo,</span> <span class='ocrx_word' id='word_1_811' title='bbox 2088 2607 2143 2647; x_wconf 90' lang='lat' dir='ltr'>qui</span> <span class='ocrx_word' id='word_1_812' title='bbox 2173 2606 2260 2638; x_wconf 86' lang='lat' dir='ltr'>solus</span> 
     </span>
     <span class='ocr_line' id='line_1_117' title="bbox 1296 2649 2258 2692; baseline -0.001 -11"><span class='ocrx_word' id='word_1_813' title='bbox 1296 2655 1343 2681; x_wconf 88' lang='lat' dir='ltr'>est</span> <span class='ocrx_word' id='word_1_814' title='bbox 1371 2650 1452 2692; x_wconf 86' lang='lat' dir='ltr'>legis</span> <span class='ocrx_word' id='word_1_815' title='bbox 1484 2652 1591 2681; x_wconf 85' lang='lat' dir='ltr'>anima</span> <span class='ocrx_word' id='word_1_816' title='bbox 1619 2656 1650 2680; x_wconf 88' lang='lat' dir='ltr'>et</span> <span class='ocrx_word' id='word_1_817' title='bbox 1674 2650 1801 2680; x_wconf 85' lang='lat' dir='ltr'>veritas¹</span> <span class='ocrx_word' id='word_1_818' title='bbox 1848 2649 1934 2680; x_wconf 87' lang='lat' dir='ltr'>Hinc</span> <span class='ocrx_word' id='word_1_819' title='bbox 1958 2659 2034 2680; x_wconf 87' lang='lat' dir='ltr'>vero</span> <span class='ocrx_word' id='word_1_820' title='bbox 2065 2649 2258 2690; x_wconf 83' lang='lat' dir='ltr'>colligimus,</span> 
     </span>
    </p>
   </div>
   <div class='ocr_carea' id='block_1_17' title="bbox 2457 0 2513 3126">
    <p class='ocr_par' dir='ltr' id='par_1_17' title="bbox 2457 0 2513 3126">
     <span class='ocr_line' id='line_1_118' title="bbox 2457 0 2513 3126; baseline 0 0"><span class='ocrx_word' id='word_1_821' title='bbox 2457 0 2513 3126; x_wconf 95' lang='lat' dir='ltr'> </span> 
     </span>
    </p>
   </div>
  </div>
 </body>
</html>
