2912 4368
390 763 453 793 459
1209 756 1349 786 El’ffi'r.
1376 754 1510 786 PETRI
1541 754 1566 783 Η
2324 756 2386 785 4⁴5⁴»

391 859 426 888 dc
452 859 533 887 vobi>
559 856 804 895 ‚tyotuzbantww
827 864 959 893 quornm
986 854 1131 884 iudicium
1155 853 1276 892 pridem
1302 863 1359 884 non

393 905 497 932 cca-sul.
521 904 544 928 vl
569 909 696 937 quorum
716 898 850 935 pcrdite'o
876 908 933 927 non
957 897 1112 927 dormitat.

1413 852 1488 883 bont
1513 851 1554 891 pii
1580 856 1615 880 ut
1638 850 1853 881 clandestinas
1879 859 2003 889 quoque
2027 859 2137 880 eorum
2156 850 2283 882 fraudes
2302 852 2379 882 effu-

1413 896 1511 934 giunt.
1568 893 1737 932 Utcunque
1773 894 1857 923 enim
1894 904 1926 922 sc
1962 893 2138 930 insinuent,
2175 903 2237 923 non
2274 898 2382 926 tamen

1385 953 1387 972 =‚
1414 942 1564 977 poterunt
1597 935 1706 966 scdulo
1742 941 1881 966 attentos
1913 936 2156 966 circumvenire.
2216 936 2238 966 S
2254 947 2298 967 ec
2313 942 2323 966 t
2338 947 2382 968 as

484 987 505 1013 1.
535 984 670 1013 lim-unt
700 986 809 1017 uidem,
833 985 881 1013 cle.
929 982 1093 1019 Quoniam
1128 981 1185 1012 boc
1218 981 1360 1021 graviter

392 1036 419 1058 ct
455 1026 629 1066 periculoso
663 1027 807 1055 intirmns
838 1025 1046 1055 conscientias
1078 1029 1248 1054 concutere
1271 1024 1360 1060 solet,

392 1070 466 1099 dum
502 1070 674 1107 insurgunt
710 1068 780 1098 fulsi
816 1068 962 1098 doctores
997 1068 1048 1106 qni
1081 1067 1152 1096 iidci
1185 1067 1359 1097 doctrinam

394 1112 440 1141 vel
467 1118 690 1149 corrumpunt,
717 1111 765 1141 vcl
794 1111 950 1141 lacerant:
976 1120 1105 1140 necesse
1126 1110 1184 1139 t'uit
1208 1109 1361 1149 apostolo,
1386 1122 1388 1165 4

392 1165 489 1192 quum
527 1154 634 1184 tidoles
666 1154 785 1183 hortari
818 1154 915 1183 vellet
947 1153 984 1183 ad
1017 1153 1240 1188 constantiam,
1277 1153 1360 1182 cins-

392 1197 477 1226 modi
502 1196 686 1227 scamlulnni
713 1196 833 1226 tollere.
881 1196 981 1226 Porro
1012 1195 1071 1226 hoc
1095 1201 1286 1235 argumento
1311 1205 1359 1224 so-

391 1239 477 1269 latur
509 1250 562 1269 cos
594 1239 707 1278 quibus
738 1239 859 1273 scribit.
893 1244 924 1269 et
954 1239 1124 1269 confirmat
1154 1238 1238 1277 quod
1271 1238 1360 1268 Deus

392 1292 520 1321 sempor
546 1282 603 1311 hoc
627 1292 743 1321 genero
769 1282 954 1312 tentationis
972 1281 1138 1312 ecclesiam
1162 1291 1253 1311 suam
1272 1291 1361 1310 cxor-
1386 1283 1388 1316 j

391 1325 510 1355 cuerit:
552 1336 591 1354 nc
631 1325 711 1355 t'ortc
749 1335 859 1355 corum
898 1324 994 1354 corda
1033 1325 1159 1354 novitas
1198 1322 1388 1363 percellat}

391 1367 463 1398 Non
490 1368 560 1403 alia,
586 1367 699 1406 inquit,
731 1368 839 1397 futura
864 1373 911 1397 est
936 1367 996 1397 sub
1019 1367 1187 1406 cvangelio
1210 1366 1361 1396 ccclesiae

391 1411 539 1444 conditio,
562 1420 658 1448 qnam
676 1410 751 1440 olim
769 1410 827 1440 sub
846 1410 915 1450 lege
931 1410 1041 1440 fuerit:
1067 1409 1361 1448 pseudoprophetae
1386 1425 1388 1435 ι

391 1457 534 1483 veterem
559 1453 724 1483 ecclesiam
750 1453 931 1489 turbarunt,
956 1452 1039 1483 idem
1065 1458 1096 1482 et
1116 1452 1206 1482 nobis
1230 1462 1360 1490 exspec-

391 1496 524 1525 tandum
560 1501 617 1525 cst.
673 1495 743 1526 Hoc
773 1496 913 1535 oportuit
948 1495 1066 1525 diserte
1102 1500 1253 1524 testatum
1283 1504 1361 1532 esse,

393 1539 466 1577 qnia
501 1538 593 1569 multi
618 1538 829 1577 tranquillum
855 1539 913 1569 sub
938 1538 1060 1569 Christi
1086 1548 1184 1577 regno
1210 1536 1361 1567 ccclesiae

391 1584 511 1611 statum
536 1581 596 1611 sibi
615 1581 788 1621 fingebant.
824 1581 909 1620 Quia
932 1581 1017 1611 enim
1042 1581 1109 1611 eius
1134 1580 1273 1610 adventu
1292 1589 1361 1619 pro-

391 1623 508 1662 phetae
525 1623 660 1654 solidam
686 1634 807 1663 pacem,
834 1634 994 1655 summam
1015 1623 1160 1654 coelestis
1184 1622 1362 1661 sapientiae

390 1666 510 1703 lucem,
545 1666 737 1706 plenamque
772 1677 878 1697 rerum
914 1666 1058 1697 omnium
1094 1665 1361 1695 instaurationem

390 1710 600 1748 promittunt,
636 1720 699 1740 non
734 1710 890 1749 putabant
921 1709 1085 1740 ecclesiam
1121 1707 1258 1747 amplius
1289 1707 1362 1737 ullis

390 1752 621 1782 certaminibus
659 1752 727 1783 fore
761 1752 944 1783 obnoxiam.
1002 1750 1250 1781 Meminerimus
1284 1760 1360 1789 ergo

391 1795 541 1834 spiritum
566 1795 627 1826 Dei
658 1794 716 1826 hoc
747 1795 844 1825 semel
869 1794 1104 1834 pronuntiasse,
1135 1802 1298 1832 nunquam
1323 1792 1361 1823 ab

391 1837 451 1868 hoc
486 1837 640 1868 intestino
675 1837 759 1868 malo
794 1838 969 1868 immunem
1004 1837 1069 1866 fore
1104 1836 1286 1866 ecclesiam:
1325 1845 1361 1866 ac

391 1879 483 1910 nobis
522 1890 647 1920 semper
685 1881 715 1911 in
755 1888 896 1910 mentem
932 1880 1042 1910 veniat
1080 1879 1140 1909 ista
1174 1877 1359 1914 similitudo,

391 1933 593 1953 communem
618 1923 707 1954 nobis
731 1934 799 1954 esse
823 1923 897 1953 fidei
924 1921 1142 1961 probationem
1167 1931 1239 1952 cum
1263 1921 1361 1960 patri-

391 1965 459 2003 bus,
484 1966 559 2004 quia
584 1967 693 1996 eadem
718 1967 758 1996 sit
783 1966 872 2001 ratio,
905 1974 1019 2003 nempe
1042 1966 1079 1994 ut
1106 1964 1166 1994 hoc
1189 1963 1282 1994 modo
1306 1973 1359 2003 ap-

391 2013 502 2048 pareat
526 2019 564 2038 an
590 2019 663 2039 vere
681 2008 785 2038 Deum
803 2016 963 2038 amemus:
987 2006 1257 2046 quemadmodum
1275 2006 1361 2037 Deu-

392 2051 563 2081 teronomii
581 2061 647 2091 cap.
668 2051 715 2087 13,
735 2051 763 2087 3,
781 2051 934 2090 scriptum
952 2053 1010 2081 est.
1044 2050 1146 2080 Porro
1163 2048 1215 2080 hic
1231 2048 1361 2089 singula

391 2093 540 2133 exempla
566 2094 683 2124 referre
707 2104 834 2124 necesse
858 2104 921 2124 non
945 2097 1005 2123 est:
1031 2092 1109 2123 satis
1132 2092 1174 2123 sit
1193 2096 1303 2123 tenere
1326 2091 1360 2122 in

391 2146 527 2172 summa,
560 2136 642 2175 quod
672 2141 799 2175 patrum
830 2135 979 2176 exemplo
1008 2135 1099 2166 nobis
1123 2134 1279 2166 adversus
1301 2134 1359 2165 im-

391 2180 460 2219 pias
485 2178 649 2210 doctrinas
674 2179 885 2218 pugnandum
910 2179 969 2209 sit:
999 2178 1083 2218 quod
1113 2178 1152 2208 ob
1176 2177 1307 2209 dissidia
1330 2181 1406 2203 ⁶⁴³*

392 2224 495 2253 sectas
530 2222 661 2252 minime
692 2221 853 2253 labascere
885 2221 999 2252 debeat
1022 2220 1101 2251 fides
1125 2224 1250 2252 nostra:

392 2264 477 2295 inter
512 2265 714 2296 turbulentas
747 2265 952 2305 agitationeS,
988 2263 1102 2303 quibus
1133 2263 1234 2295 Satan
1266 2273 1271 2292 ι

393 2307 501 2338 omnia
525 2313 669 2339 evertere
700 2314 834 2339 conatus
857 2313 913 2345 est,
944 2308 1037 2337 firma
1061 2306 1270 2337 nihilominus
1294 2316 1342 2345 pt..
1368 2311 1417 2352 ἱ

391 2351 509 2381 stiterit
545 2350 606 2380 Dei
640 2350 770 2381 veritas.
827 2349 977 2381 Observa
1014 2354 1122 2380 autem
1162 2359 1225 2380 non
1259 2358 1361 2380 unum

393 2394 496 2423 notari
519 2403 537 2423 a
560 2393 657 2424 Petro
689 2396 826 2433 tempus,
859 2403 957 2432 quum
991 2392 1075 2429 dicit,
1108 2396 1229 2423 erunt
1263 2391 1361 2422 falsi

393 2436 604 2473 doctores,
636 2437 691 2467 sed
715 2446 826 2466 omnes
850 2436 955 2475 potius
979 2440 1098 2466 aetates
1121 2433 1359 2474 comprehendi.

392 2478 596 2509 Christianos
631 2479 717 2509 enim
753 2488 825 2509 cum
859 2478 958 2509 veteri
994 2479 1109 2517 populo
1144 2478 1196 2509 hic
1229 2477 1361 2509 confert.

393 2521 469 2551 Ideo
494 2520 577 2551 hanc
602 2521 780 2552 doctrinam
806 2520 846 2551 ad
871 2527 998 2560 tempus
1023 2526 1167 2551 nostrum
1185 2529 1361 2552 accommo-

395 2563 471 2593 dare
495 2563 593 2599 decet¹
620 2574 658 2594 ne
683 2564 761 2594 haec
785 2564 919 2594 tentatio
944 2574 1000 2594 nos
1023 2564 1161 2604 frangat,
1193 2573 1291 2603 quum
1315 2562 1361 2592 in-

394 2616 526 2645 surgere
558 2605 701 2637 videmus
737 2606 830 2637 falsos
861 2606 1005 2637 doctores
1034 2612 1068 2636 ut
1097 2606 1157 2636 Dei
1189 2606 1359 2637 veritatem

394 2653 592 2688 oppugnent.
646 2649 818 2679 Caeterum
850 2648 920 2679 ideo
956 2659 1012 2680 nos
1047 2648 1197 2680 admonet
1227 2648 1360 2689 spiritus

395 2690 473 2728 Dei,
509 2696 543 2721 ut
578 2691 693 2721 intenti
729 2692 828 2722 simus
862 2690 901 2721 ad
939 2691 1130 2723 cavendum:
1169 2694 1264 2731 atque
1299 2691 1361 2722 huc

396 2738 517 2773 spectat
542 2737 608 2764 tota
633 2733 804 2773 descriptio
828 2744 922 2773 quam
945 2744 1019 2764 mox
1042 2735 1196 2766 subiiciet.
1243 2734 1361 2773 Quam-

396 2785 493 2816 quam
517 2776 660 2817 singulas
684 2782 785 2807 sectas
810 2787 874 2806 non
898 2777 1009 2817 pinget
1033 2778 1098 2808 suis
1115 2777 1282 2813 coloribus,
1306 2775 1360 2807 sed

396 2819 601 2858 peculiariter
631 2829 810 2849 sermonem
842 2820 958 2859 diriget
988 2820 1019 2850 in
1044 2820 1188 2850 homines
1212 2820 1361 2859 profanos

396 2861 449 2901 qui
477 2861 539 2891 Dei
570 2864 788 2901 contemptum
821 2862 985 2893 inducunt.
1031 2862 1202 2893 Generalis
1232 2862 1360 2902 quidem

397 2908 444 2935 est
474 2905 645 2941 sententia,
680 2904 857 2934 cavendum
892 2914 961 2935 esse
991 2914 1009 2935 a
1044 2905 1133 2937 falsis
1164 2904 1361 2936 doctoribus:
1387 2900 1388 2905 ¹

397 2946 452 2977 sed
477 2947 597 2978 interea
621 2947 758 2987 speciem
783 2957 879 2977 unam
903 2947 999 2987 elegit
1023 2948 1106 2979 unde
1125 2948 1195 2988 plus
1220 2946 1362 2979 instabat

396 2989 537 3029 periculi.
586 2989 680 3028 Quod
710 3000 750 3020 ex
774 2989 873 3021 Iudae
903 2990 1010 3021 verbis
1034 2991 1147 3022 melius
1177 2995 1273 3031 patet,
1309 2991 1361 3030 qui

397 3032 482 3063 idem
506 3042 638 3071 prorsus
661 3038 888 3072 argumentum
913 3037 1040 3064 tractat.

487 3075 548 3114 Qui
568 3075 775 3107 subinducem.
830 3075 901 3106 Hoc
925 3075 1022 3106 verbo
1047 3074 1187 3107 Satanae
1211 3075 1361 3106 astutiam

399 3121 497 3154 notat,
526 3122 557 3148 et
580 3118 752 3157 impiorum
775 3119 918 3149 omnium
948 3119 1002 3158 qui
1026 3118 1085 3149 sub
1109 3118 1220 3149 eodem
1245 3117 1362 3149 vexillo

399 3159 551 3197 militant,
586 3161 672 3200 quod
706 3160 842 3200 obliquis
876 3160 1086 3198 anfractibus,
1120 3166 1151 3192 et
1185 3161 1276 3201 quasi
1306 3170 1363 3200 per

398 3202 563 3234 cuniculos
597 3203 735 3235 subituri
766 3204 839 3235 sint.
886 3204 958 3243 Quo
981 3204 1083 3244 magis
1112 3203 1287 3244 advigilare
1311 3202 1363 3235 de-

1414 980 1565 1010 oxitiosus
1595 978 1687 1016 dicit,
1723 987 1757 1009 ut
1789 984 1941 1017 quantam
1974 979 2109 1018 quisquc
2133 988 2243 1009 curam
2268 979 2383 1011 salutis

1414 1033 1489 1053 suae
1520 1021 1629 1059 habet,
1664 1026 1766 1052 sectas
1799 1022 1887 1058 istus,
1920 1025 2074 1059 tanquam
2108 1021 2247 1052 maxime
2273 1022 2384 1053 noxias

1415 1071 1519 1104 postes
1543 1064 1725 1093 exhorreat.
1761 1064 1853 1102 Quod
1880 1064 2019 1103 pertinet
2042 1063 2080 1093 ad
2102 1064 2204 1102 ipsum
2223 1069 2382 1095 sectarum

1416 1108 1463 1137 vel
1490 1107 1658 1137 haerescos
1683 1117 1808 1144 nomon,
1839 1118 1900 1136 non
1926 1106 1980 1137 abs
2006 1116 2038 1136 re
2063 1115 2189 1145 semper
2213 1107 2329 1137 infame
2353 1114 2384 1138 et

1415 1160 1547 1180 exosum
1565 1150 1623 1179 fuit
1648 1150 1730 1179 inter
1749 1150 1808 1180 Dei
1828 1150 1919 1180 tilios.
1958 1148 2133 1179 Vinculum
2152 1150 2235 1179 enim
2254 1154 2383 1181 sanctae

1416 1192 1549 1222 unitatis
1588 1191 1726 1231 simplex
1758 1197 1806 1222 est
1831 1192 1889 1222 Dei
1923 1193 2057 1222 veritas:
2092 1192 2186 1222 simul
2219 1196 2314 1232 atquc
2345 1193 2383 1223 ab

1415 1246 1450 1265 eu
1485 1234 1676 1273 disceditur,
1717 1234 1795 1265 nihil
1832 1235 1917 1265 aliud
1959 1239 2055 1265 restat
2091 1244 2186 1274 quam
2224 1234 2384 1266 horrenda

1414 1278 1589 1316 dissipatio.

1500 1333 1606 1363 Etiam
1645 1332 1815 1363 Dominum
1853 1333 1907 1371 qui
1944 1333 2013 1363 illos
2051 1332 2184 1363 redemit.
2243 1333 2385 1365 Tametsi

1415 1377 1511 1407 variis
1542 1375 1645 1406 modis
1676 1376 1855 1415 abnegatur
1888 1375 2053 1415 Christus,
2086 1386 2157 1406 cum
2193 1380 2300 1406 tamen
2331 1376 2383 1408 hic

1414 1420 1497 1459 (mco
1529 1418 1658 1459 iudicio)
1690 1419 1822 1458 attingit
1847 1418 1972 1457 Petrus,
2007 1419 2060 1458 qui
2084 1418 2277 1458 exprimitur
2301 1418 2385 1459 apud

1415 1462 1542 1492 ludam:
1574 1472 1689 1500 nempe
1720 1461 1796 1491 dnm
1828 1461 1932 1499 gratia
1956 1460 2016 1491 Dei
2048 1462 2079 1491 in
2113 1461 2277 1492 lasciviam
2309 1472 2384 1493 con-

1416 1504 1561 1535 vertitur.
1608 1503 1758 1534 Redemit
1788 1504 1874 1533 enim
1900 1513 1956 1533 nos
1980 1503 2141 1542 Christus,
2175 1510 2208 1534 ut
2232 1504 2384 1544 populum

1415 1548 1546 1578 haberet
1584 1550 1789 1586 segregatum
1829 1545 1868 1576 ab
1905 1546 2052 1577 omnibus
2090 1546 2201 1576 mundi
2237 1547 2383 1586 inquina-

1416 1591 1549 1629 mentis,
1587 1589 1749 1620 addictum
1783 1589 1948 1619 sanctitati
1983 1593 2013 1618 et
2048 1589 2260 1620 innocentiae.
2319 1590 2382 1628 Qui

1416 1634 1513 1672 igitur
1544 1643 1680 1663 excusso
1711 1632 1821 1662 fraeno
1852 1632 1883 1661 in
1914 1641 2041 1662 omnem
2070 1631 2230 1662 licentiam
2254 1643 2287 1663 se
2312 1643 2384 1672 pro-

1416 1676 1539 1714 uniunt,
1569 1685 1632 1705 non
1665 1674 1826 1705 immerito
1858 1674 2008 1705 dicuntur
2029 1674 2200 1705 Christum
2224 1674 2383 1715 abnegare

1415 1729 1434 1748 a
1461 1729 1523 1757 quo
1554 1718 1711 1757 redempti
1735 1723 1821 1747 sunt.
1866 1716 2007 1748 Proinde
2031 1722 2066 1747 ut
2089 1716 2181 1748 salva
2204 1721 2236 1748 et
2259 1718 2384 1757 integra

1415 1761 1573 1801 evangelii
1616 1760 1760 1791 doctrina
1797 1760 1882 1799 apud
1913 1770 1971 1790 nos
2002 1765 2145 1797 maneat,
2180 1759 2239 1791 hoc
2268 1760 2384 1792 animis

1416 1805 1536 1834 nostris
1566 1804 1702 1834 infixum
1736 1803 1787 1842 sit,
1819 1803 2000 1842 redemptos
2030 1813 2097 1833 esse
2122 1813 2179 1833 nos
2203 1812 2220 1832 a
2244 1802 2383 1840 Christo,

1416 1853 1451 1877 ut
1476 1848 1560 1877 vitae
1583 1846 1680 1876 simul
1697 1853 1726 1876 et
1745 1846 1857 1876 mortis
1874 1852 2003 1876 nostrae
2020 1846 2060 1875 sit
2077 1845 2252 1875 Dominus:
2277 1846 2383 1886 itaque

1415 1890 1506 1920 nobis
1540 1889 1625 1920 hunc
1649 1889 1745 1919 finem
1770 1898 1839 1919 esse
1863 1889 2074 1928 propositum,
2108 1891 2142 1918 ut
2166 1888 2211 1918 illi
2237 1890 2384 1920 vivamus

1415 1942 1450 1963 ae
1485 1933 1670 1963 moriamur.
1723 1931 1845 1962 Iterum
1878 1931 2013 1962 celerem
2044 1931 2108 1962 illis
2139 1931 2306 1962 interitum
2335 1932 2384 1962 in·-

1386 1993 1388 1997 >
1415 1982 1501 2006 stare
1525 1975 1611 2013 dicit,
1636 1985 1675 2005 ne
1698 1974 1752 2005 alii
1776 1984 1809 2005 se
1832 1973 1896 2004 illis
1920 1974 2095 2014 implicent.

1499 2031 1528 2061 2.
1561 2029 1603 2061 Et
1631 2030 1720 2061 multi
1742 2032 1912 2069 sequentur.
1958 2030 2030 2060 Hoc
2054 2039 2129 2060 vero
2154 2039 2218 2060 non
2242 2028 2313 2060 leve
2336 2033 2385 2061 est

1414 2073 1603 2105 scandalum
1631 2073 1781 2108 infirmis,
1812 2083 1911 2112 quum
1935 2072 2047 2103 vident
2076 2072 2239 2104 communi
2269 2072 2385 2103 mundi

1414 2116 1574 2157 applausu
1603 2116 1709 2156 excipi
1739 2115 1836 2147 falsas
1867 2115 2039 2152 doctrinas,
2073 2120 2105 2146 et
2134 2115 2299 2155 ingentem
2325 2114 2385 2146 ho·

1414 2160 1540 2190 minum
1578 2168 1752 2190 numerum
1791 2158 1907 2198 abripi,
1946 2159 1991 2188 ita
2030 2163 2064 2188 ut
2100 2158 2194 2197 pauci
2230 2157 2265 2189 in
2304 2167 2386 2198 pura

1423 2210 1447 2214 ·“
1529 2202 1535 2208 ’
1573 2201 1758 2233 obedientia
1788 2206 1949 2232 maneant.
2006 2199 2061 2232 Sic
2095 2199 2189 2232 hodic
2220 2199 2303 2231 nihil
2335 2205 2386 2232 est

1642 2245 1749 2275 entius
1780 2243 1888 2275 turbet
1921 2244 1989 2282 pias
2030 2248 2156 2275 mentes
2254 2252 2281 2271 η
2311 2243 2386 2275 talis

1703 2287 1790 2318 enim
1824 2286 1890 2318 deci
2050 2296 2140 2324 ..cp
2296 2285 2385 2343 Qui

1718 2329 1859 2362 dederutv
2023 2303 2056 2358 ἱ

1414 2384 1445 2404 m
1786 2381 1794 2389 .

1413 2427 1476 2456 gen

1414 2469 1502 2489 DGSGt

1415 2502 1523 2532 POtI‘U:

1415 2545 1549 2576 doctore.

1415 2587 1534 2626 duplex
1566 2605 1573 2617 ι

1415 2630 1577 2668 lascivias,

1414 2673 1497 2712 quod
1522 2683 1613 2713 magi,

1500 2732 1562 2763 Per
1593 2743 1628 2771 qt«

1413 2775 1614 2815 interpretor,

1414 2824 1549 2848 tuuntur
1574 2818 1646 2848 hom

1413 2867 1517 2892 castos
1548 2871 1650 2891 mores

1414 2903 1601 2942 obstruitur,
1622 2913 1661 2933 ne
1678 2914 1694 2933 c

1414 2946 1546 2986 impune
1580 2945 1730 2976 laxantui

1415 2988 1536 3020 Christi
1567 2998 1686 3018 nomen
1714 2992 1745 3018 et

1415 3031 1481 3063 Alii
1523 3030 1688 3062 diversum
1728 3039 1796 3060 sen„

1415 3075 1575 3109 doctores,
1612 3076 1763 3113 tanquam
1798 3074 1821 3102 it

1415 3127 1512 3148 sanae
1544 3116 1717 3147 doctrinae.
1765 3114 1828 3146 Sed

1416 3160 1504 3190 Petri
1535 3158 1649 3197 verba,
1679 3157 1810 3189 daturos
1840 3168 1873 3188 ot

1417 3202 1546 3234 veritati
1584 3205 1734 3242 proterve
1773 3200 1899 3232 insulte.

2683 2004 2741 2051 ἐνιμιῑ,
2763 2021 2769 2040 ὲ

2689 2055 2756 2086 iduare
2818 2088 2821 2091 ι

2692 2098 2795 2136 ammte.
2838 2122 2842 2124 ,

2731 2186 2745 2216 4.
2760 2184 2777 2216 Si
2794 2196 2829 2215 ,Μ

2687 2228 2715 2260 hoc
2726 2238 2805 2269 οοςιιωω,
2818 2240 2845 2259 ι...
2875 2245 2882 2251 -

2687 2272 2783 2313 lunaribus
2804 2283 2885 2312 msc.

2689 2313 2721 2346 Ru
2732 2316 2783 2356 ‘inque
2799 2318 2850 2349 mim
2862 2328 2898 2348 au

2692 2360 2759 2406 mil·
2768 2361 2827 2400 pm
2839 2361 2884 2401 Qu
2894 2374 2909 2393 ιτ

2726 2407 2737 2417 ’“
2747 2403 2784 2437 Μ
2798 2409 2849 2437 *ΙΙΙ
2863 2417 2909 2438 122.

2804 2447 2888 2483 h
2906 2466 2909 2480 τ
