2513 3126
264 224 323 255 491
1107 219 1245 252 EPIST.
1271 220 1415 253 IUDAE
2191 223 2254 255 492

266 320 358 351 semel
391 318 552 350 noveritis.
586 316 667 356 quod
700 315 855 346 Dominus
883 317 1049 355 postquam
1081 325 1120 346 ea:
1153 318 1236 347 terra
1261 335 1263 342 ν

266 363 399 403 Aeyypti
430 360 581 401 populum
618 361 812 394 servaverat,
845 360 953 398 postea
989 368 1047 389 non
1084 359 1263 396 credontesi

259 405 410 445 perdidit.
451 404 480 434 6.
505 402 640 443 Anqelos
662 411 730 432 vero
753 401 806 441 qui
826 401 1039 441 principatum
1062 411 1154 432 suum
1178 411 1236 432 nou

265 448 469 483 servaverant,
501 445 553 477 sed
575 445 765 483 reliquerant
787 453 879 474 suum
901 444 1102 483 domicilium,
1132 444 1164 475 in
1190 444 1237 475 iu-

265 491 381 522 dicium
417 498 551 528 nzoynae
583 488 645 519 diei
679 486 810 518 vinculis
849 487 982 518 aetcniis
1017 486 1074 518 sub
1107 486 1237 527 caliyine

265 532 406 564 servavit.
464 531 492 562 7.
526 529 791 571 Quemadmodum
822 529 956 561 Sodoma
989 532 1016 560 et
1048 529 1236 568 Gomorrha,

265 579 290 607 et
312 584 391 614 quae
412 574 526 606 circum
554 576 642 605 erant
670 571 768 612 urbes,
799 582 894 612 quum
924 572 1025 604 simili
1046 573 1135 605 modo
1156 582 1237 604 scor-

264 620 344 648 tatae
374 620 479 657 essent,
509 618 538 647 ct
567 616 714 648 abiissent
741 618 811 655 post
840 625 962 647 carnem
989 615 1136 655 alienam,
1163 625 1237 656 pro-

260 660 383 700 positae
419 662 490 691 sunt
526 660 560 690 in
596 658 767 698 exemplar,
812 659 896 699 igJuis
932 659 1048 690 aeterni
1084 659 1236 691 iudicium

262 703 452 735 sustinentes.

351 789 380 820 5.
403 787 673 827 Commonefacere.
709 786 769 817 Vel
790 786 964 818 modestiae
983 796 1079 818 causa
1095 791 1236 826 excusat,
1262 788 1263 816 ἐ

266 842 306 863 ne
341 831 490 863 videatur
530 836 683 870 tanquam
722 828 818 861 rudes
854 829 891 860 de
930 829 1025 861 rebus
1063 830 1264 871 incognitis.

265 874 395 906 docere:
430 873 479 904 vel
504 877 590 905 certe
614 872 710 914 (quod
734 872 813 903 mihi
837 872 939 913 magis
966 872 1083 914 placet)
1107 873 1237 904 maioris

264 916 491 949 vehementiae
522 926 633 953 causa,
669 925 702 946 se
737 914 817 946 nihil
853 925 973 946 novum
1009 922 1064 946 aut
1095 915 1158 947 illis
1190 915 1237 946 in-

264 960 410 992 auditum
435 959 550 990 afferre
574 959 760 999 profitetur:
785 968 846 998 quo
871 958 942 998 plus
966 958 1040 989 fidei
1064 964 1096 989 et
1120 958 1236 990 autori—

264 1003 341 1034 tatis
363 1002 506 1034 obtineat
529 1001 614 1042 quod
640 1001 782 1033 dicturus
810 1005 867 1032 est.
913 1001 992 1041 Ego,
1025 1001 1138 1041 inquit,
1169 1006 1237 1032 tan-

264 1050 334 1077 tum
369 1046 402 1076 in
437 1045 625 1076 memoriam
656 1044 747 1076 vobis
781 1053 898 1076 revoco
931 1054 1011 1084 quae
1046 1045 1108 1075 iam
1138 1043 1237 1076 semel

265 1088 437 1120 dedioistis.
484 1087 766 1127 Quemadmodum
791 1097 866 1118 vero
896 1087 1063 1118 scientiam
1095 1087 1157 1118 illis
1181 1086 1236 1118 tri-

264 1131 347 1169 buit,
379 1136 414 1162 ut
444 1130 484 1162 ad
514 1130 694 1162 cavendum
726 1130 831 1171 magis
861 1130 925 1161 sint
957 1131 1090 1161 attenti:
1125 1131 1168 1161 ita
1198 1140 1237 1161 ne

266 1184 505 1214 supervacuum
538 1183 607 1204 esse
641 1177 756 1213 putent
789 1183 882 1213 quem
918 1182 994 1213 erga
1020 1182 1074 1204 eos
1103 1173 1239 1213 suscipit

264 1217 419 1254 laborem,
438 1216 510 1247 illos
527 1216 754 1247 monitionibus
772 1225 851 1256 opus
868 1214 987 1246 habere
1004 1216 1091 1247 dicit.
1126 1216 1238 1256 Neque

264 1260 351 1291 enim
383 1259 437 1291 hic
469 1264 597 1291 tantum
626 1264 674 1290 est
699 1259 786 1290 verbi
812 1258 873 1289 Dei
897 1268 984 1296 usus,
1016 1263 1052 1289 ut
1078 1259 1238 1291 discamus

265 1313 346 1343 quae
383 1312 552 1343 nunquam
588 1301 706 1333 luimus
741 1301 858 1341 edocti,
893 1301 949 1332 sed
983 1301 1081 1333 etiam
1112 1308 1148 1333 ut
1179 1312 1238 1333 nos

264 1346 383 1377 excitet
415 1345 453 1376 ad
485 1355 522 1377 ea
545 1355 628 1385 quae
657 1345 720 1375 iam
746 1349 902 1384 tenemus,
930 1344 1013 1375 serio
1043 1344 1237 1384 meditanda,

265 1399 323 1420 nec
358 1394 487 1428 torpere
518 1398 576 1419 nos
607 1388 639 1418 in
671 1387 786 1428 frigida
816 1388 931 1418 notitia
959 1388 1054 1419 sinat.
1101 1387 1238 1420 Summa

265 1437 372 1462 autem
397 1436 454 1469 est,
486 1436 654 1472 postquam
678 1441 696 1461 a
719 1430 790 1462 Deo
814 1430 919 1462 vocati
943 1441 1066 1471 sumus,
1099 1442 1163 1462 non
1187 1441 1236 1462 se-

265 1484 343 1506 cure
367 1484 435 1505 esse
452 1473 653 1514 gloriandum
671 1473 740 1504 eius
756 1473 875 1514 gratia:
899 1473 954 1505 sed
978 1475 1085 1513 potius
1102 1474 1237 1506 sollicite

264 1518 298 1548 in
322 1517 392 1548 eius
423 1517 537 1547 timore
567 1516 810 1548 ambulandum.
856 1516 941 1556 Quia
964 1517 991 1548 si
1015 1517 1085 1557 quis
1109 1517 1180 1548 Deo
1202 1518 1237 1548 in

267 1559 354 1591 hunc
371 1559 502 1591 modum
519 1559 643 1595 illudat,
661 1569 724 1590 non
741 1559 872 1600 impune
888 1569 1039 1591 cessurus
1056 1560 1097 1591 sit
1112 1560 1237 1601 gratiae

264 1603 333 1633 eius
357 1608 569 1642 contemptus.
615 1602 687 1634 Hoc
717 1602 823 1634 tribus
847 1602 1001 1643 exemplis
1025 1603 1236 1635 demonstrat.

264 1645 376 1676 Primo
399 1645 485 1677 enim
511 1645 669 1677 ultionem
692 1651 924 1677 commemorat
951 1655 1046 1685 quam
1071 1646 1109 1678 de
1132 1646 1236 1678 incre-

266 1688 349 1719 dulis
373 1689 509 1728 sumpsit
531 1688 631 1727 Deus,
664 1698 743 1729 quos
768 1688 888 1720 virtute
915 1698 974 1720 sua
997 1689 1180 1729 redemptos
1202 1689 1236 1720 in

264 1731 420 1772 populum
450 1736 665 1772 cooptaverat.
711 1731 835 1762 Eadem
864 1732 929 1763 fere
963 1732 1160 1772 comparatio
1189 1735 1238 1763 est

264 1773 349 1814 apud
384 1774 535 1813 Paulum,
569 1774 685 1814 prioris
717 1774 757 1805 ad
789 1774 936 1806 Corinth.
966 1775 1088 1806 decimo
1122 1775 1236 1815 capite.

266 1816 397 1848 Summa
419 1819 471 1856 est,
495 1827 575 1857 quos
595 1817 685 1848 Deus
709 1818 843 1849 summis
868 1818 1032 1849 beneficiis
1054 1823 1237 1856 ornaverat,

265 1870 342 1899 quos
366 1860 528 1891 extulerat
558 1860 592 1892 in
615 1860 753 1892 eundem
777 1860 909 1892 honoris
932 1861 1070 1901 gradum
1093 1871 1155 1901 quo
1179 1871 1237 1892 nos

265 1902 358 1934 hodie
396 1902 566 1944 dignatur:
606 1909 718 1944 postea
755 1914 868 1935 severe
906 1903 995 1935 ultus
1033 1907 1091 1936 est.
1149 1904 1236 1944 Ergo

266 1945 386 1976 frustra
410 1946 472 1977 Dei
504 1946 610 1987 gratia
632 1946 824 1986 superbiunt
847 1947 1031 1987 quicunque
1054 1948 1123 1978 eius
1147 1957 1235 1978 voca-

266 1988 345 2018 tioni
369 1998 431 2019 non
456 1989 663 2030 respondent.
709 1989 836 2021 Nomen
866 2000 949 2029 pop
964 1990 1032 2021 uli
1062 1990 1237 2021 honorifice

265 2030 390 2070 capitur
420 2041 476 2070 pro
506 2037 601 2072 gente
632 2037 743 2064 sancta
773 2038 804 2063 et
836 2032 954 2064 electa:
989 2043 1026 2065 ac
1049 2034 1076 2064 si
1107 2033 1237 2073 diceret,

265 2072 348 2104 nihil
381 2072 445 2104 illis
484 2075 640 2113 profuisse
678 2074 762 2115 quod
800 2075 960 2116 singulari
998 2075 1166 2116 privilegio
1204 2075 1236 2106 in

265 2115 379 2147 foedus
403 2117 559 2156 assumpti
579 2123 696 2149 essent.
733 2118 841 2156 Quum
866 2118 1109 2150 incredulos
1132 2123 1237 2158 vocat,

266 2159 388 2189 fontem
428 2158 575 2199 designat
616 2161 774 2191 malorum
815 2162 970 2193 omnium.
1031 2161 1112 2192 Inde
1150 2162 1236 2192 enim

266 2211 476 2241 quaecunque
493 2211 602 2232 eorum
619 2208 749 2242 peccata
765 2204 872 2236 Moses
889 2208 1132 2244 commemorat,
1149 2204 1237 2244 quod

266 2254 300 2275 se
324 2243 388 2275 Dei
411 2244 510 2275 verbo
537 2246 605 2284 regi
629 2255 694 2276 non
718 2246 930 2278 sustinebant.
976 2247 1060 2278 Nam
1085 2247 1139 2278 ubi
1162 2247 1236 2278 fidei

266 2286 438 2325 subiectio,
473 2297 602 2319 necesse
635 2292 683 2318 est
715 2293 751 2318 ut
782 2289 878 2320 simul
905 2290 939 2320 in
971 2290 1120 2321 omnibus
1151 2290 1237 2322 vitae

267 2330 413 2370 partibus
436 2335 562 2361 constet
585 2340 662 2370 erga
685 2330 791 2361 Deum
816 2332 1008 2364 obedientia.

353 2372 382 2403 6.
405 2372 541 2413 Anyelos
562 2383 643 2412 vero,
666 2375 718 2404 etc.
755 2373 995 2414 Argumentum
1020 2386 1038 2406 a
1061 2375 1174 2407 maiori
1198 2374 1238 2406 ad

267 2415 386 2446 minus.
431 2415 634 2456 Angelorum
658 2415 746 2447 enim
770 2416 910 2447 conditio
937 2419 1153 2457 praestantior
1176 2418 1238 2449 fuit

267 2467 364 2497 quam
389 2461 517 2490 nostra:
541 2464 572 2489 et
596 2463 703 2490 tamen
728 2469 835 2490 eorum
857 2458 1067 2491 defectionem
1092 2460 1238 2492 horribili

268 2500 421 2549 exemplo
437 2501 526 2532 ultus
542 2505 591 2533 est
607 2501 707 2533 Deus.
735 2501 807 2533 Non
824 2501 923 2542 igitur
940 2503 1092 2541 perfidiae
1109 2508 1239 2535 nostrae

269 2544 424 2583 ignoscet,
449 2544 476 2575 si
499 2555 518 2575 a
541 2545 653 2585 gratia,
677 2544 712 2575 in
735 2554 831 2584 quam
855 2554 915 2575 nos
940 2546 1075 2584 vocavit,
1100 2546 1238 2578 descive-

268 2587 379 2617 rimus.
426 2586 516 2619 Haec
540 2592 626 2618 certe
656 2596 761 2627 poena
783 2597 864 2627 quae
888 2587 1048 2619 coelorum
1071 2589 1185 2620 incolis
1208 2594 1239 2619 et

269 2633 336 2659 tam
360 2629 595 2662 excellentibus
615 2630 771 2661 ministris
789 2629 851 2661 Dei
874 2630 997 2662 inflicta
1021 2631 1088 2668 suit,
1113 2631 1240 2662 assidue

269 2671 361 2703 nobis
385 2676 459 2704 ante
484 2672 592 2704 oculos
616 2673 740 2704 versari
768 2672 878 2705 debet:
902 2683 943 2704 ne
959 2673 1085 2713 quando
1108 2673 1142 2704 in
1165 2683 1238 2705 con-

1289 320 1447 357 temptum
1481 317 1605 357 gratiae
1636 316 1696 347 Doi
1728 316 1914 353 efferamur,
1949 317 2034 348 unde
2065 317 2255 358 praecipites

1289 369 1418 391 ruamus
1441 360 1474 390 in
1498 361 1643 391 exitium.
1688 357 1801 401 Ἀρχὴ,
1831 359 1891 392 hoc
1914 358 1992 398 loco,
2024 364 2089 391 tam
2114 370 2170 400 pro
2193 360 2255 391 ori-

1290 402 1365 442 gine
1389 412 1484 442 quam
1510 403 1690 443 principatu
1715 409 1789 442 apto
1819 402 1902 433 sumi
1926 408 2040 443 potest.
2085 401 2257 444 Significat

1289 444 1374 475 euim
1406 444 1511 483 Iudas,
1542 445 1612 477 ideo
1642 455 1761 486 poenas
1791 445 1925 483 dedisse,
1957 445 2032 486 quia
2061 450 2169 486 spreta
2192 445 2256 477 Dei

1289 487 1442 525 bonitate,
1474 498 1492 520 a
1519 489 1623 529 prima
1648 489 1814 520 vocatione
1844 487 2033 520 exciderint.
2079 488 2122 520 Et
2147 488 2256 520 statim

1289 530 1435 570 sequitur
1459 531 1626 572 expositio,
1648 542 1744 571 quum
1769 531 1854 569 dicit,
1883 530 2113 571 reliquisse
2144 541 2257 563 suum

1289 572 1590 606 domicilium.
1636 574 1718 605 Nam
1751 585 1813 605 non
1845 584 1936 606 secus
1964 584 2000 606 ac
2030 574 2100 605 fieri
2129 574 2211 605 solet
2238 584 2257 605 a

1289 615 1446 647 militibus
1468 616 1663 658 transfugis,
1693 617 1800 656 statio,
1832 617 1864 648 in
1893 627 1954 657 qua
1988 616 2131 649 collocati
2155 622 2257 654 erant,

1290 658 1328 689 ab
1364 658 1428 690 illis
1463 659 1589 691 deserta
1619 659 1688 690 fuit.
1740 659 1892 691 Notanda
1923 664 1972 691 cst
2005 660 2103 691 etiam
2137 669 2257 700 poenae

1290 702 1442 733 atrocitas
1466 712 1561 742 quam
1583 703 1735 742 exprimit
1751 702 1924 743 apostolus.
1960 702 2030 734 Non
2049 702 2142 734 modo
2165 702 2257 734 liberi

1290 749 1382 775 erant
1416 745 1563 786 spiritus,
1602 744 1658 776 sed
1692 745 1845 777 coelestes
1879 745 2130 776 dominationes:
2173 754 2258 776 nunc

1291 788 1454 827 perpetuis
1485 787 1621 819 vinculis
1650 788 1815 820 constricti
1845 793 2005 819 tenentur.
2058 788 2131 819 Non
2165 787 2258 819 modo

1290 830 1479 862 fruebantur
1508 830 1647 870 gloriosa
1669 829 1732 861 Dei
1763 830 1842 868 luce,
1873 831 1927 862 sed
1959 831 2028 863 eius
2050 830 2202 871 splendor
2224 830 2258 861 in

1290 872 1353 903 illis
1383 873 1580 914 refulgebat:
1616 876 1652 903 ut
1683 873 1765 909 inde,
1800 874 1889 913 quasi
1920 884 1976 914 per
2005 874 2121 913 radios,
2155 883 2189 904 se
2219 872 2258 904 ad

1291 925 1402 947 omnes
1426 915 1539 947 mundi
1563 920 1669 956 partes
1693 915 1902 947 diffunderet:
1930 927 2016 948 nunc
2039 917 2097 948 sub
2121 916 2259 957 caligine

1291 958 1429 990 demersi
1453 961 1538 990 sunt.
1575 958 1676 989 Porro
1699 958 1791 990 nobis
1813 958 1986 999 fingendus
2011 971 2075 990 non
2098 965 2146 990 est
2171 959 2259 990 locus

1291 1011 1354 1041 quo
1382 1001 1497 1033 inclusi
1526 1002 1590 1033 sint
1622 1000 1748 1032 diaboli.
1800 1000 1998 1042 Simpliciter
2029 1003 2115 1033 enim
2145 1003 2259 1034 docere

1292 1044 1392 1075 voluit
1427 1044 1588 1084 apostolus
1619 1054 1715 1084 quam
1745 1044 1863 1076 misera
1896 1044 1937 1075 sit
1970 1055 2081 1076 eorum
2111 1043 2260 1083 conditio,

1291 1097 1330 1118 ex
1365 1097 1426 1127 quo
1461 1092 1592 1128 propter
1626 1087 1820 1127 apostasiam
1854 1096 1912 1118 sua
1946 1087 2105 1128 dignitate
2138 1087 2259 1127 privati

1291 1134 1377 1162 sunt.
1423 1130 1506 1161 Nam
1531 1140 1721 1170 quocunque
1744 1134 1891 1170 pergant,
1914 1140 2021 1162 secum
2046 1129 2182 1161 trahunt
2205 1139 2262 1161 sua

1292 1173 1431 1212 vincula,
1462 1178 1494 1203 et
1525 1173 1592 1204 suis
1615 1172 1757 1204 tenebris
1780 1172 1926 1204 obvoluti
1946 1178 2086 1204 manent.
2132 1172 2262 1203 Interea

1291 1215 1324 1246 in
1364 1226 1518 1257 magnum
1558 1215 1659 1256 diem,
1702 1221 1883 1248 extremum
1919 1226 2030 1247 eorum
2068 1215 2261 1256 supplicium

1291 1258 1450 1290 differtur.

1377 1302 1404 1333 7.
1439 1301 1701 1341 Quemadmodum
1736 1300 1869 1333 Sodoma
1897 1303 1924 1332 et
1955 1300 2138 1333 Gomorrha.
2189 1300 2262 1332 Hoc

1291 1345 1478 1385 exemplum
1502 1345 1606 1386 magis
1630 1344 1781 1385 generale
1797 1349 1861 1376 est:
1886 1347 2022 1375 testatur
2041 1344 2127 1375 enim
2144 1343 2262 1382 Deum,

1292 1388 1380 1419 nullo
1410 1388 1578 1419 hominum
1609 1398 1727 1428 genere
1750 1391 1892 1428 excepto,
1922 1387 2101 1428 promiscue
2125 1396 2262 1427 poenam

1291 1441 1420 1462 sumere
1451 1430 1489 1462 de
1520 1431 1670 1462 omnibus
1701 1431 1818 1471 impiis.
1864 1430 1908 1461 Et
1931 1429 2027 1461 Iudas
2059 1430 2128 1470 ipse
2152 1433 2262 1470 postea

1291 1479 1527 1511 commemorat,
1547 1473 1732 1505 incendium
1751 1472 1840 1511 illud,
1857 1483 1917 1513 quo
1936 1473 2101 1514 perierunt
2118 1473 2261 1512 quinque

1292 1516 1397 1555 urbes,
1429 1522 1546 1558 typum
1574 1526 1643 1548 esse
1673 1516 1758 1556 ignis
1782 1516 1915 1548 aeterni.
1961 1516 2049 1556 Ergo
2073 1515 2162 1546 Deus
2185 1520 2263 1545 tunc

1291 1560 1420 1601 insigne
1452 1560 1679 1591 documentum
1708 1559 1829 1599 statuit,
1860 1558 1944 1599 quod
1978 1568 2079 1598 usque
2105 1558 2139 1589 in
2163 1558 2262 1589 finem

1292 1603 1403 1634 mundi
1434 1603 1468 1634 in
1498 1603 1613 1634 timore
1643 1601 1791 1633 homines
1814 1601 2005 1633 contineret.
2050 1600 2144 1632 Unde
2168 1600 2262 1631 toties

1290 1646 1377 1677 illius
1405 1647 1440 1677 fit
1470 1645 1590 1677 mentio
1620 1645 1652 1676 in
1684 1645 1851 1685 scriptura.
1896 1644 1965 1675 Imo
1996 1644 2122 1684 quoties
2144 1653 2263 1674 memo-

1291 1688 1392 1720 rabile
1423 1688 1552 1729 aliquod
1576 1688 1628 1720 vel
1657 1688 1861 1719 tremendum
1885 1686 1946 1718 Dei
1970 1686 2126 1718 iudicium
2150 1692 2263 1718 notare

1292 1732 1404 1763 volunt
1433 1731 1619 1772 prophetae,
1656 1731 1714 1763 sub
1748 1731 1853 1771 figura
1882 1730 1967 1770 ignis
1990 1729 2158 1770 sulphurei
2182 1727 2263 1760 illud

1291 1775 1470 1815 pingentes,
1495 1774 1535 1805 ad
1559 1774 1720 1806 Sodomae
1744 1779 1775 1804 et
1799 1773 2002 1805 Gomorrhae
2025 1773 2194 1804 interitum
2217 1771 2262 1802 al-

1291 1818 1417 1849 ludunt.
1451 1817 1560 1857 Quare
1584 1827 1648 1848 non
1673 1817 1742 1848 sine
1765 1826 1860 1848 causa
1877 1816 1975 1847 Iudas
1999 1816 2161 1856 proposito
2180 1814 2262 1845 eius-

1292 1860 1377 1891 modi
1412 1860 1558 1901 speculo,
1594 1864 1749 1891 terrorem
1785 1859 1920 1891 saeculis
1954 1858 2102 1890 omnibus
2135 1857 2262 1889 incutit.

1292 1903 1402 1942 Quum
1427 1903 1503 1935 dicit
1526 1903 1712 1935 vicinas
1743 1902 1882 1933 urbes
1905 1902 1944 1932 in
1965 1901 2164 1932 similem
2188 1910 2264 1932 cum

1290 1947 1355 1978 illis
1389 1946 1564 1977 modum
1598 1951 1839 1976 scor-tatas
1877 1954 1993 1982 esse,
2027 1944 2086 1975 hoc
2119 1954 2184 1975 non
2221 1942 2262 1974 ad

1290 1989 1456 2021 Israelitas
1485 1991 1518 2020 et
1547 1988 1694 2029 angelos,
1724 1988 1779 2019 sed
1809 1992 1922 2019 mutuo
1952 1987 1992 2018 ad
2023 1986 2199 2018 Sodomam
2230 1990 2262 2017 et

1292 2032 1511 2064 Gomorrham
1546 2032 1660 2063 refero.
1717 2030 1783 2062 Nec
1817 2031 1924 2062 obstat
1961 2030 2045 2071 quod
2083 2039 2262 2070 pronomen

1291 2075 1413 2112 τούτοις
1432 2075 1647 2107 masculinum
1663 2079 1727 2105 est:
1752 2084 1828 2105 nam
1852 2073 1892 2105 ad
1908 2073 2028 2105 incolas
2044 2072 2150 2113 potius
2167 2081 2262 2112 quam

1292 2119 1331 2149 ad
1355 2119 1425 2150 loca
1449 2118 1547 2150 Iudas
1570 2117 1723 2157 respexit.
1768 2116 1907 2148 Abire
1931 2121 2037 2156 post
2060 2114 2262 2146 alienam

1291 2171 1492 2199 carnem,
1525 2160 1633 2201 posuit
1661 2170 1734 2200 pro,
1766 2160 1869 2199 abripi
1899 2159 1938 2190 ad
1970 2158 2170 2200 prodigiosas
2192 2156 2260 2188 libi-

1292 2204 1393 2235 dines.
1439 2203 1569 2235 Scimus
1592 2203 1678 2234 enim
1703 2202 1887 2235 Sodomitas
1912 2202 2076 2233 communi
2099 2198 2262 2232 scortandi

1292 2246 1422 2279 licentia
1453 2257 1517 2278 non
1549 2249 1726 2282 contentos,
1759 2245 1863 2285 magis
1892 2244 2091 2277 exsecranda
2120 2247 2152 2274 et
2172 2251 2262 2283 prae-

1292 2295 1422 2330 postera
1459 2289 1611 2320 foeditate
1650 2288 1789 2329 pollutos
1827 2288 1935 2319 fuisse.
1992 2285 2178 2318 Notandum
2213 2288 2262 2316 est

1292 2332 1377 2372 quod
1401 2343 1454 2363 eos
1478 2332 1608 2364 subiicit
1625 2331 1694 2372 igni
1710 2336 1862 2362 aeterno:
1884 2340 1959 2361 nam
1979 2330 2054 2360 hinc
2069 2327 2262 2368 colligimus,

1292 2375 1496 2406 formidabile
1520 2374 1600 2406 illud
1624 2374 1844 2414 spectaculum
1866 2372 1951 2413 quod
1974 2371 2125 2403 describit
2142 2370 2262 2410 Moses,

1293 2423 1420 2449 tautum
1444 2418 1604 2459 gravioris
1627 2427 1750 2457 poenae
1773 2416 1870 2447 fuisse
1893 2415 2078 2455 imaginem.

1379 2504 1407 2535 8.
1434 2503 1587 2535 Similiter
1615 2502 1670 2534 isti
1699 2511 1815 2541 quoque
1844 2500 1976 2532 somniis
1997 2499 2111 2538 delusi,
2140 2508 2261 2531 carnem

1292 2546 1416 2586 quidem
1446 2545 1663 2584 contaminant,
1698 2543 1937 2576 dominationem
1959 2552 2029 2575 vero
2052 2543 2206 2579 reiiciunt,
2235 2543 2262 2574 et

1293 2590 1327 2619 iu
1358 2588 1478 2628 ylorias
1512 2588 1674 2619 maledicta
1706 2589 1879 2627 conyerunt.
1935 2586 1964 2618 9.
1996 2585 2094 2626 Atqui
2123 2583 2263 2617 Mz‘chael

1293 2630 1505 2671 amhauyelus,
1534 2630 1657 2670 quaudo
1686 2629 1802 2662 iudicio
1831 2629 2004 2669 disceptans
2033 2638 2102 2661 cum
2129 2628 2260 2664 diabolo,

1293 2673 1470 2713 disputabat
1492 2673 1528 2704 de
1551 2683 1672 2712 corpore
1693 2672 1803 2712 Mosis,
1826 2683 1884 2704 uon
1907 2681 2006 2704 ausus
2025 2672 2089 2712 fuit
2110 2671 2261 2704 iudicium

2486 1167 2499 1212 «υ
2479 350 2505 1155 «μ’-κ·γΜερε-τια
2492 334 2497 340 .

2487 1241 2501 1274 ’ν

2485 1463 2495 1540 ι-,ιᾼ

2483 2202 2499 2339 0⁶0&ae

2483 2568 2498 2676 '‘J-¹20.»
2484 2525 2494 2546 ‘-

2484 2700 2498 2749 -o‘
