2513 3126
283 230 324 259 55»
1033 225 1174 258 EPIS'P.
1201 226 1262 257 AD
1288 227 1536 259 HEBRAEOS
2241 234 2280 262 5ss

285 327 390 366 potior
421 327 453 357 111
484 336 521 356 co
552 330 597 355 est
630 323 817 363 augelorum
847 322 988 354 conditio
1015 332 1111 363 quam
1137 327 1255 360 nostra,

285 370 367 408 quod
405 379 467 399 11011
503 367 624 402 dolent,
664 376 728 397 non
766 368 930 401 metuunt,
967 375 1029 396 non
1066 369 1257 405 torquentur

285 413 383 443 variis
413 411 506 445 curis,
538 415 673 440 mortem
706 420 768 440 non
801 408 983 439 formidant.
1031 408 1099 439 Has
1123 409 1257 440 infirmi-

285 462 365 485 tates
397 453 481 484 ultro
504 451 655 484 Christus
684 452 838 491 suscepit,
873 460 902 481 et
933 461 1006 483 cum
1040 450 1103 481 11118
1132 456 1258 483 certare

286 498 397 528 voluit:
433 505 496 526 non
534 494 629 526 modo
657 500 693 526 ut
723 494 760 525 de
792 494 854 525 illis
885 494 1053 525 victoriam
1086 493 1175 525 nobis
1205 505 1254 526 ac-

285 540 442 579 quireret,
473 537 528 569 sod
558 538 654 568 etiam
690 543 724 568 ut
753 542 841 568 certo
871 536 972 568 simus
996 537 1140 576 persuasi
1164 537 1254 568 illum

286 582 373 612 nobis
397 590 495 621 prope
518 580 629 611 adesse
647 580 770 620 quoties
794 579 866 610 illas
888 579 1083 620 experimur.
1120 579 1169 610 Ita
1191 590 1255 611 non

285 624 424 655 essentia
441 627 567 654 tantum
585 625 687 654 iactus
704 626 752 653 cst
776 622 881 662 homo,
905 621 960 653 sed
985 621 1146 653 humanae
1161 623 1255 654 etiam

285 673 418 698 naturae
446 666 616 706 qualitates
647 667 678 696 in
709 676 742 696 se
770 665 898 705 recepit.
946 664 1117 696 Restrictio
1147 669 1256 697 tamen

285 710 422 746 additur,
447 709 566 749 absquo
590 713 735 748 peccato:
763 708 837 747 quia
861 717 988 747 scmper
1011 707 1186 739 tenendum
1210 713 1258 740 est

285 753 345 784 1100
368 752 540 783 discrimen
564 752 648 782 inter
671 751 803 782 affectus
821 750 939 782 Christi
961 755 992 781 et
1009 755 1149 782 nostros:
1174 751 1256 790 quod

284 795 330 826 1111
355 800 440 826 recte
458 804 584 834 semper
600 793 766 833 compositi
785 794 915 824 fuerunt
931 793 970 823 ad
988 803 1099 825 veram
1119 794 1258 825 iustitiae

284 838 443 879 reguiam:
469 837 569 868 nostri
586 841 692 867 autem
716 837 770 876 qui
794 847 834 867 ex
859 836 986 867 turbido
1010 836 1098 867 fonte
1115 841 1257 875 manant,

284 890 411 920 semper
434 880 589 920 rcsipiunt
614 879 749 919 originis
768 889 844 910 suae
866 883 1025 916 naturam,
1049 879 1124 919 quia
1148 879 1257 911 turbu-

284 923 364 955 lenti
388 928 464 954 sunt
487 927 519 953 et
542 922 710 953 effraenes.

371 966 417 996 16.
438 964 628 996 Accedamus
647 965 743 1005 (Μίαν
758 974 826 996 cum
844 964 972 1005 fiducia,
991 967 1041 996 ete.
1077 964 1258 1004 Concludit,

285 1018 445 1041 accessum
470 1007 618 1039 omnibus
642 1007 680 1039 ad
702 1007 808 1038 Deum
834 1012 942 1048 patere
966 1007 1020 1047 qui
1044 1007 1118 1038 freti
1141 1007 1258 1039 media-

286 1057 353 1082 tore
377 1050 508 1082 Christo
529 1050 568 1081 ad
593 1061 665 1082 eum
691 1050 864 1081 accedunt:
889 1050 953 1081 imo
978 1050 1125 1081 hortatur
1147 1050 1257 1082 fideles

286 1101 319 1125 ut
343 1104 376 1125 se
396 1094 428 1124 in
446 1093 508 1124 Dei
528 1099 736 1133 conspectum
755 1094 871 1124 offerre
890 1093 960 1124 sine
976 1093 1042 1124 11113
1058 1093 1258 1124 dubitatione

285 1136 433 1167 audeant.
479 1135 586 1176 Atque
614 1136 667 1167 hic
697 1137 888 1176 praecipuus
915 1141 963 1166 est
986 1135 1163 1176 spiritualis
1186 1135 1257 1167 doc-

285 1180 388 1210 trinae
419 1178 558 1216 fructus,
588 1183 676 1210 certa
704 1179 875 1210 invocandi
906 1179 967 1210 Dei
998 1179 1129 1210 fiducia:
1164 1179 1257 1210 sicuti

285 1232 412 1253 rursum
445 1221 584 1253 concidit
612 1232 648 1253 ac
671 1222 755 1261 perit
778 1225 845 1253 tota
868 1221 981 1262 religio
1005 1232 1104 1261 quum
1124 1222 1259 1262 eripitur

285 1266 365 1296 haec
393 1264 553 1296 certitudo
579 1264 791 1296 conscientiis.
837 1264 932 1296 Unde
955 1264 1106 1305 colligere
1129 1274 1258 1305 promp-

286 1317 354 1339 tum
372 1312 431 1346 est,
454 1307 487 1338 in
507 1312 626 1348 papatu
643 1307 835 1338 exstinctam
855 1308 954 1338 fuisse
971 1307 1131 1348 evangelii
1147 1307 1259 1346 lucem,

285 1350 338 1382 ubi
369 1349 519 1381 iubentur
546 1350 657 1381 miseri
692 1350 839 1381 homines
871 1350 1017 1381 dubitare
1048 1351 1156 1381 sintne
1186 1360 1258 1390 pro-

285 1393 400 1433 pitium
432 1392 538 1424 Deum
574 1403 614 1424 an
649 1393 810 1424 infensum
845 1393 998 1424 habituri.
1051 1393 1260 1433 Praecipiunt

285 1436 412 1476 quidem
434 1441 470 1467 ut
486 1435 575 1467 Deus
599 1441 788 1476 quaeratur:
812 1436 866 1467 sed
887 1446 990 1476 neque
1008 1436 1059 1467 via
1079 1435 1259 1467 ostenditur

285 1489 347 1518 qua
378 1479 539 1519 perveniri
574 1478 613 1509 ad
643 1489 716 1509 eum
750 1479 864 1519 possit,
899 1484 930 1509 et
962 1480 1131 1511 obseratur
1163 1479 1259 1510 ianua

286 1532 347 1561 qua
377 1522 444 1553 sola
473 1521 598 1562 ingredi
623 1521 746 1553 licebat.
793 1521 901 1552 Verbo
926 1522 1068 1553 fatentur
1090 1522 1257 1553 Christum

286 1564 508 1601 mediatorem,
543 1564 599 1595 sed
633 1575 667 1595 re
700 1565 770 1604 ipsa
804 1565 974 1596 sacerdotii
1006 1565 1074 1596 eius
1105 1565 1257 1596 virtutem

287 1607 429 1645 abolent,
458 1608 626 1647 ipsumque
655 1607 777 1639 honore
808 1607 956 1647 spoliant.
1010 1608 1092 1639 Nam
1124 1609 1170 1639 ita
1198 1613 1259 1639 sta-

287 1650 444 1681 tuendum
473 1654 535 1689 est,
564 1650 732 1681 Christum
764 1660 839 1681 vere
870 1650 1079 1682 mediatorem
1113 1661 1178 1682 non
1209 1661 1259 1682 co-

286 1693 399 1733 gnosci
422 1692 498 1733 quin
523 1693 684 1724 eximatur
707 1693 891 1725 hominibus
915 1694 1080 1731 dubitatio,
1109 1705 1149 1726 311
1171 1695 1259 1726 adire

287 1735 326 1766 ad
357 1735 466 1766 Deum
500 1746 600 1767 necne
633 1736 710 1776 ipsis
743 1736 848 1767 liceat.
901 1737 1029 1777 Alioqui
1063 1748 1127 1768 non
1160 1742 1260 1769 staret

287 1779 366 1810 haec
388 1779 633 1818 consequentia:
664 1778 831 1810 Habemus
854 1780 1038 1820 pontificem
1062 1780 1117 1820 qui
1139 1780 1178 1811 ad
1203 1790 1260 1812 nos

286 1820 446 1852 iuvandos
468 1821 670 1853 voluntarius
694 1826 758 1852 est:
782 1832 858 1862 ergo
881 1832 992 1854 secure
1015 1827 1047 1854 et
1066 1823 1145 1854 citra
1161 1822 1259 1854 ullam

285 1864 536 1895 haesitationem
560 1864 744 1896 adeundum
765 1864 856 1896 nobis
875 1876 944 1896 esse
968 1866 1154 1897 thronum
1178 1866 1259 1897 Dei.

286 1907 329 1937 Et
361 1917 438 1938 sane
472 1907 499 1938 si
533 1907 578 1937 ita
612 1908 756 1947 persuasi
786 1918 944 1948 0880111118,
977 1908 1145 1940 Christum
1175 1909 1260 1940 ultro

286 1949 378 1980 nobis
402 1959 534 1980 manum
559 1950 760 1990 protendere,
785 1951 855 1990 quis
878 1961 942 1981 non
967 1951 1097 1991 plenam
1120 1951 1259 1983 adeundi

285 1991 435 2024 fiduciam
466 1992 671 2032 conciperet?
718 1993 839 2024 Verum
872 2000 920 2025 est
951 1994 1052 2035 igitur
1075 1994 1157 2035 quod
1182 1994 1258 2031 dixi,

286 2034 409 2066 Christi
441 2035 618 2066 sacerdotio
647 2046 738 2066 suam
772 2036 870 2067 adimi
904 2037 1073 2075 virtutem,
1109 2037 1258 2077 quamdiu

286 2077 447 2108 haesitant
477 2078 624 2109 homines
653 2084 684 2109 et
713 2079 801 2110 anxii
825 2084 900 2110 sunt
923 2080 956 2110 in
979 2080 1170 2120 quaerendis
1193 2089 1258 2111 me-

286 2119 477 2151 diatoribus:
503 2121 593 2161 quasi
617 2131 701 2152 unus
720 2121 774 2153 ille
794 2132 859 2153 non
876 2122 1024 2160 sufficiat,
1048 2123 1138 2155 cuius
1154 2126 1260 2163 patro-

286 2163 369 2193 cinio
399 2164 583 2203 quicunque
613 2174 690 2195 vere
719 2164 845 2196 suffulti
877 2170 953 2196 sunt
976 2165 1257 2207 (quemadmodum

285 2205 338 2236 hic
368 2205 531 2245 apostolus
560 2207 728 2248 praecipit)
759 2212 846 2239 certo
881 2210 1084 2240 constituunt
1113 2207 1258 2240 exaudiri

288 2259 364 2280 suas
387 2259 507 2288 preces.
540 2249 804 2281 Fundamentum
829 2250 925 2282 huius
944 2251 1079 2283 fiduciae
1094 2256 1152 2289 est,
1176 2250 1259 2292 quod

288 2291 348 2322 Dei
383 2291 519 2322 thronus
553 2303 616 2323 non
651 2293 820 2324 maiestate
854 2294 941 2324 nuda
975 2294 1150 2335 insignitur
1178 2303 1259 2334 quae

288 2344 346 2365 nos
378 2334 622 2374 obstupefaciat:
653 2336 708 2367 sed
738 2340 873 2367 ornatur
902 2347 986 2368 novo
1014 2337 1116 2377 titulo,
1146 2346 1260 2377 nempe

289 2377 464 2415 gratiae,
498 2378 554 2418 qui
585 2388 712 2418 semper
742 2378 835 2410 nobis
865 2380 898 2410 in
929 2380 1118 2411 memoriam
1149 2379 1260 2410 venire

289 2418 379 2450 debet
404 2430 502 2460 quum
526 2420 588 2451 Dei
612 2426 819 2462 conspectum
848 2422 1037 2463 refugimus.
1083 2422 1166 2454 Nam
1189 2422 1260 2453 fieri

289 2471 351 2491 non
383 2468 487 2502 potest
516 2464 593 2503 quin
622 2463 685 2495 Dei
716 2464 832 2505 gloria,
867 2465 894 2496 si
924 2475 993 2496 eam
1024 2465 1123 2497 solam
1152 2469 1260 2496 mente

290 2505 580 2544 apprehendamus,
600 2517 657 2538 nos
673 2507 821 2547 protinus
838 2507 1060 2547 desperatione
1076 2507 1259 2539 absorbeat:

289 2547 334 2576 ita
364 2546 500 2579 thronus
529 2549 597 2580 eius
627 2550 688 2580 erit
716 2549 933 2582 formidabilis.
978 2550 1151 2591 Apostolus
1182 2559 1260 2591 ergo

290 2595 325 2619 ut
338 2589 533 2622 diffidentiae
546 2592 722 2632 medeatur,
738 2593 889 2633 omnique
908 2593 1124 2633 trepidatione
1136 2597 1260 2624 mentes

290 2639 418 2678 nostras
447 2632 573 2671 liberet,
603 2634 695 2665 illum
728 2635 823 2667 vestit
853 2636 972 2676 gratia,
1004 2646 1184 2676 nomenque
1212 2635 1259 2666 illi

290 2676 427 2715 imponit
451 2675 534 2715 quod
551 2677 711 2708 suavitate
727 2688 786 2709 nos
802 2688 858 2709 sua
875 2678 1010 2710 alliciat:
1034 2689 1070 2710 ac
1087 2679 1113 2710 si
1130 2679 1259 2718 diceret,

1310 325 1571 365 quandoquidem
1590 325 1679 357 Deus
1699 326 1814 358 throno
1830 337 1889 359 suo
1907 327 1998 367 quasi
2016 327 2142 368 insigne
2159 329 2281 368 gratiae

1310 368 1500 407 paternique
1523 378 1599 408 erga
1624 379 1681 399 nos
1705 371 1822 401 amoris
1846 370 2004 410 praefixit,
2036 380 2101 401 non
2125 377 2173 402 est
2196 371 2280 411 quod

1310 411 1349 441 ab
1384 410 1470 441 aditu
1508 421 1565 441 1108
1599 419 1706 442 arceat
1738 413 1807 444 eius
1842 413 2003 444 maiestas.
2057 412 2190 444 Summa
2224 420 2280 450 cst,

1310 457 1377 484 tuto
1413 463 1469 483 1108
1504 454 1653 485 invocare
1685 454 1805 496 Deum,
1844 466 1943 495 quum
1979 455 2070 487 nobis
2106 456 2280 496 propitium

1310 507 1377 527 csse
1402 496 1536 527 scimus:
1559 496 1589 527 id
1614 501 1720 528 autem
1746 498 1814 529 fieri
1838 498 1960 530 Christi
1983 498 2148 537 beneficio,
2172 508 2278 538 quem-

1309 538 1479 569 admodum
1511 538 1648 570 habetur
1676 540 1714 571 ad
1740 541 1897 581 Ephesios
1920 542 2024 580 capite
2048 541 2076 578 3,
2103 541 2152 572 12.
2198 540 2282 580 Quia

1310 581 1385 612 dum
1415 581 1446 611 in
1477 592 1566 612 suam
1592 582 1686 613 fidem
1710 592 1746 615 ac
1769 584 1953 615 clientelam
1977 593 2036 615 nos
2060 583 2210 615 Christus
2235 594 2281 614 re-

1309 624 1395 664 cipit,
1414 623 1472 654 Dci
1497 625 1706 664 maiestatem,
1729 636 1811 666 quae
1835 626 2046 658 formidabilis
2070 626 2189 667 alioqui
2214 637 2282 658 esse

1310 671 1444 707 poterat,
1467 667 1610 699 bonitate
1626 668 1720 705 velat,
1745 679 1785 700 ne
1809 669 1882 710 quid
1903 669 1969 701 illic
1988 671 2132 710 apparet,
2157 675 2282 709 praeter

1311 710 1447 750 gratiam
1472 713 1707 751 paternumque
1731 711 1884 743 favorem.

1402 752 1441 784 Ut
1463 752 1653 785 obtineamus
1675 754 1932 792 misericordiam,
1955 757 2005 786 eto.
2044 754 2116 786 Hoc
2133 764 2196 785 non
2213 754 2282 785 sine

1311 806 1427 836 magna
1456 805 1553 827 causa
1581 796 1721 834 additur,
1752 802 1789 828 ut
1816 797 2007 829 nominatim
2037 807 2091 829 008
2115 797 2283 829 confirmet

1311 839 1363 879 qui
1397 838 1618 870 misericordia
1653 838 1815 880 indigent,
1850 850 1891 871 ne
1925 841 1995 880 quis
2025 840 2175 871 miseriae
2205 850 2282 871 81130

1311 892 1409 913 sensu
1440 881 1580 912 deiectus
1621 882 1706 912 viam
1737 881 1796 913 sibi
1827 892 1886 913 sua
1916 882 2094 914 diffidentia
2127 883 2281 914 obstruat.

1311 924 1475 964 Loquutio
1494 924 1589 956 haec:
1613 924 1657 956 Ut
1675 924 1879 956 obtineamus
1896 925 2156 963 misericordiam,
2177 925 2281 965 primo

1311 967 1537 998 suavissimam
1563 966 1741 998 doctrinam
1767 968 1925 999 continet:
1958 968 2138 1008 quicunque
2161 967 2283 999 Christi

1312 1010 1488 1050 patrocinio
1519 1009 1650 1040 subnixi
1681 1009 1788 1041 Deum
1821 1010 1940 1050 precati
1972 1010 2100 1049 fuerint,
2133 1011 2171 1042 de
2202 1010 2282 1042 obti-

1311 1052 1417 1083 nenda
1455 1052 1676 1084 misericordia
1708 1057 1812 1084 certos
1844 1053 1919 1084 fore.
1979 1052 2140 1085 Omnibus
2175 1059 2281 1084 tamen

1312 1096 1366 1135 qui
1406 1096 1490 1126 hanc
1524 1095 1608 1126 viam
1652 1105 1715 1127 non
1758 1096 1939 1133 tenuerint,
1980 1095 2108 1136 oblique
2141 1096 2283 1127 minatur

1312 1138 1484 1178 apostolus,
1508 1148 1545 1169 30
1562 1137 1669 1169 Deum
1694 1138 1758 1169 illis
1777 1139 1845 1170 fore
1864 1137 2095 1170 inexorabilem
2113 1139 2281 1179 siguificat,

1312 1181 1385 1221 quia
1416 1181 1543 1212 unicam
1573 1181 1642 1212 eius
1666 1180 1814 1221 placandi
1838 1182 1994 1212 rationem
2019 1182 2283 1221 contempserint.

1313 1223 1421 1264 Addit,
1452 1223 1491 1254 in
1521 1223 1726 1254 auxilium
1757 1228 2055 1264 opportunum:
2085 1223 2146 1255 hoc
2168 1228 2226 1261 est,
2256 1224 2284 1255 si

1312 1267 1451 1298 velimus
1491 1266 1666 1307 impetrare
1706 1277 1917 1307 quaecunque
1958 1272 2036 1298 sunt
2077 1267 2108 1297 in
2143 1266 2282 1298 salutem

1312 1314 1455 1341 nostram
1489 1309 1678 1341 necessaria.
1732 1309 1970 1349 Opportunitas
2005 1313 2112 1340 antem
2147 1309 2210 1340 ista
2243 1309 2281 1340 ad

1312 1358 1438 1393 tempus
1468 1352 1647 1384 vocationis
1677 1352 1816 1393 respicit,
1848 1352 2027 1384 secundum
2057 1351 2137 1382 illud
2161 1352 2283 1383 Iesaiae

1311 1395 1405 1436 (Iesa.
1422 1395 1473 1435 49,
1496 1395 1529 1436 8)
1553 1395 1634 1434 quod
1652 1395 1774 1426 Paulus
1797 1395 1836 1426 ad
1853 1395 2014 1435 evangelii
2031 1394 2281 1435 publicationem

1312 1437 1530 1470 accommodat
1560 1437 1602 1479 (2.
1634 1437 1744 1469 Corin.
1774 1438 1802 1476 6,
1833 1438 1875 1479 2).
1927 1438 2010 1469 Ecce
2039 1448 2127 1468 nunc
2156 1442 2283 1477 tempus

1312 1485 1486 1521 acceptum,
1519 1486 1578 1512 etc.
1631 1481 1777 1521 Respicit
1807 1481 1892 1512 enim
1924 1480 2089 1521 apostolus
2121 1479 2160 1511 ad
2189 1479 2282 1510 illum

1313 1524 1395 1555 diem
1416 1524 1608 1555 hodiernum
1629 1533 1690 1563 quo
1709 1523 1797 1555 Deus
1813 1523 1979 1555 nobiscum
1996 1523 2149 1563 loquitur.
2188 1522 2282 1562 Quod

1312 1567 1338 1598 si
1374 1567 1441 1598 Deo
1483 1565 1580 1597 hodie
1620 1566 1773 1606 loquente
1814 1567 1847 1598 in
1882 1566 2059 1598 crastinum
2094 1565 2283 1604 differimus,

1312 1610 1421 1640 veniet
1455 1620 1519 1640 nox
1552 1610 1761 1649 intempesta,
1804 1619 1867 1650 qua
1902 1619 1967 1639 non
2003 1608 2141 1648 amplius
2174 1608 2283 1639 licebit

1312 1653 1393 1692 quod
1425 1653 1488 1683 iam
1513 1652 1596 1691 licet,
1627 1651 1810 1692 frustraque
1833 1652 1914 1683 ostio
1938 1651 2046 1683 clauso
2071 1651 2282 1691 pulsabimus.

1675 1781 1856 1820 CAPUT
1878 1782 1924 1821 V.

1399 1868 1426 1898 1.
1454 1866 1563 1898 Omnis
1580 1875 1713 1905 namque
1729 1866 1874 1906 pontifex
1895 1876 1932 1897 ex
1953 1865 2127 1897 hominibus
2143 1873 2283 1904 assump-

1311 1912 1368 1946 tus,
1396 1919 1457 1948 pro
1484 1908 1659 1940 hominibus
1681 1909 1874 1940 constituit-ur
1896 1909 1938 1940 ad
1959 1918 1995 1939 ea
2018 1918 2096 1948 quae
2116 1907 2157 1939 ad
2179 1906 2282 1939 Deum

1308 1953 1473 1993 pertinent,
1503 1954 1537 1983 ut
1566 1952 1674 1991 offerat
1703 1952 1784 1983 dona
1812 1953 1839 1982 et
1869 1950 2027 1990 sacrificia
2051 1960 2112 1990 pro
2136 1949 2280 1990 peccatis,

1312 1995 1341 2026 2.
1372 1995 1427 2035 qui
1451 1994 1554 2034 possit
1577 1994 1762 2034 placabilem
1791 2004 1824 2025 se
1847 1994 1998 2033 praebere
2020 1993 2234 2034 iynorantibus
2255 1994 2282 2023 et

1311 2037 1504 2069 errantibus:
1535 2037 1658 2077 quando
1687 2038 1754 2077 ipse
1783 2047 1900 2077 quoque
1929 2036 2139 2068 circumdatus
2167 2037 2211 2067 est
2232 2035 2280 2066 in-

1309 2081 1462 2120 firmitate.
1514 2079 1544 2112 3.
1573 2079 1617 2111 Et
1637 2082 1767 2119 propter
1796 2079 1875 2112 hanc
1903 2079 1995 2119 debet,
2028 2077 2279 2119 quemadmodum

1306 2133 1368 2163 pro
1393 2123 1521 2163 populo,
1551 2123 1598 2154 ita
1625 2125 1652 2154 et
1672 2133 1733 2162 pro
1763 2133 1795 2154 se
1822 2123 1891 2161 ipso
1921 2122 2029 2162 offerre
2052 2131 2112 2161 pro
2133 2120 2278 2160 peccatis.

1311 2166 1340 2197 4.
1364 2166 1411 2197 Ae
1432 2175 1517 2198 nemo
1539 2165 1601 2196 sibi
1622 2168 1757 2206 usurpat
1779 2165 1942 2197 honorem:
1963 2165 2017 2196 sed
2038 2164 2093 2204 qui
2114 2165 2237 2195 vocatur
2259 2173 2280 2194 a

1311 2209 1387 2249 Deo,
1409 2209 1489 2241 sicut
1510 2211 1536 2239 et
1552 2208 1672 2240 Aaron.
1708 2208 1737 2240 5.
1765 2208 1868 2248 Quare
1889 2218 1943 2240 neo
1960 2207 2102 2239 Christus
2123 2215 2154 2238 se
2176 2206 2280 2245 ipsum

1309 2251 1492 2292 ylorifieavit
1520 2254 1554 2282 ut
1580 2253 1657 2282 esset
1674 2251 1831 2292 pontifex:
1857 2251 1912 2282 sed
1933 2250 1988 2290 qui
2009 2250 2150 2288 loquutus
2172 2250 2215 2280 est
2237 2247 2279 2279 ad

1311 2304 1396 2325 eum.-
1419 2294 1526 2326 Filius
1548 2303 1634 2326 meus
1655 2304 1687 2326 es
1704 2296 1747 2333 tu,
1770 2303 1822 2335 090
1840 2293 1928 2324 hodie
1944 2292 2038 2333 qenai
2052 2293 2087 2322 te.
2122 2291 2152 2322 6.
2172 2291 2279 2330 Quem-

1311 2338 1475 2369 admodum
1503 2340 1530 2369 et
1558 2336 1635 2369 alibi
1664 2337 1748 2374 dicit,
1779 2337 1828 2367 Tu
1853 2346 1885 2367 es
1906 2334 2047 2367 sacerdos
2067 2334 2101 2365 in
2123 2336 2277 2365 aeternum

1310 2379 1476 2411 seeundum
1498 2380 1638 2412 ordinem
1660 2379 1872 2411 Melchisedec.

1397 2466 1424 2497 1.
1452 2466 1561 2498 Omnis
1582 2474 1712 2504 namque
1726 2463 1877 2503 pontifex.
1912 2463 2086 2502 Comparat
2110 2461 2277 2494 Christum

1311 2518 1382 2539 cum
1414 2508 1634 2540 sacerdotibus
1664 2507 1817 2537 leviticis:
1849 2515 1884 2537 ac
1908 2505 2000 2537 docet
2022 2504 2096 2545 quid
2119 2515 2190 2536 cum
2214 2504 2277 2535 illis

1311 2551 1413 2582 simile
1443 2551 1560 2582 habeat
1583 2549 1635 2581 vel
1665 2549 1838 2580 diversum.
1884 2548 1958 2580 Huc
1987 2552 2097 2579 autem
2121 2546 2278 2587 spectabit

1311 2598 1377 2624 tota
1401 2593 1574 2634 disputatio
1598 2597 1632 2624 ut
1651 2592 1748 2632 probe
1764 2590 1967 2632 intelligatur
1983 2591 2120 2622 officium
2139 2589 2276 2622 Christi:

1311 2635 1424 2668 deinde
1448 2635 1602 2677 quidquid
1626 2634 1686 2667 sub
1706 2634 1776 2675 lege
1798 2634 1981 2665 institutum
2002 2634 2072 2674 fuit,
2095 2633 2164 2664 eius
2179 2641 2276 2664 causa

1310 2678 1407 2710 fuisse
1430 2679 1625 2711 institutum.
1662 2677 1750 2709 Hinc
1769 2677 1898 2708 tandem
1916 2676 1976 2708 sibi
1992 2676 2165 2708 transitum
2182 2674 2276 2705 faciet
