2513 3126
321 221 384 253 215

329 318 507 349 subindicat
527 324 644 354 susque
661 314 763 353 deque
780 313 959 344 habendum
978 313 1116 344 aliorum
1129 313 1296 352 iacturam,

328 360 424 392 modo
458 359 565 389 salvae
598 358 664 387 sint
697 356 832 387 animae.
883 356 993 394 Quum
1026 355 1103 388 dicit
1136 355 1296 396 Reper-

329 406 487 437 tantos,
529 399 761 430 dubitationem
797 398 861 429 illis
896 399 1022 435 eximit,
1063 409 1126 438 quo
1160 398 1297 430 alacrius

328 444 525 476 contendant
565 442 639 473 dum
681 442 759 473 certi
794 447 870 472 sunt
904 441 942 472 de
976 442 1080 473 salute
1113 441 1296 473 obtinenda.

330 487 457 517 Interea
481 491 588 516 tamen
612 485 700 516 hunc
723 485 819 515 finem
844 494 914 515 esse
937 484 1012 515 fidei
1029 484 1128 521 docet,
1153 494 1192 515 ne
1208 484 1297 515 anxii

327 531 393 560 sint
427 528 511 568 quod
546 528 651 559 adhuc
684 527 843 558 differtur.
900 526 996 558 Nunc
1029 528 1116 558 enim
1150 527 1296 558 sufficere

329 571 419 602 nobis
448 570 542 602 debet
572 574 682 601 nostra
712 570 857 610 adoptio:
889 579 948 600 nec
977 570 1153 610 petendum
1183 576 1231 600 est
1261 575 1297 600 ut

327 619 403 645 ante
427 619 553 653 tempus
577 614 746 644 mittamur
769 613 802 643 in
827 612 1037 644 haereditatis
1053 613 1295 653 possessionem.

328 656 442 688 Posset
461 657 556 687 etiam
577 666 633 696 pro
650 657 722 692 tine,
748 655 810 695 legi
827 665 966 687 merces:
990 655 1046 687 sed
1062 655 1172 687 eodem
1189 665 1294 686 sensu.

328 699 522 740 Colligimus
551 699 635 730 enim
668 708 708 729 ex
732 698 868 738 apostoli
890 698 1006 737 verbis,
1036 708 1099 729 non
1123 698 1217 729 aliter
1240 707 1296 727 nos

327 752 422 782 quam
456 742 517 772 fido
547 742 700 781 consequi
724 741 872 772 salutem.
918 740 1048 773 Scimus
1071 746 1176 772 autem
1200 740 1295 770 fidem

328 785 397 817 sola
419 785 583 825 gratuitae
607 784 790 824 adoptionis
813 784 1027 824 promissione
1051 784 1120 814 niti.
1159 782 1295 821 Quodsi

329 829 374 858 ita
404 832 462 865 est,
494 833 580 857 certe
608 837 711 866 neque
734 836 866 867 operum
891 827 1015 857 meritis
1038 827 1172 858 debetur
1195 824 1294 863 salus,

328 880 432 910 neque
463 869 538 900 inde
567 869 728 909 speranda
755 875 811 901 est.
871 869 926 900 lur
949 875 1055 901 autem
1079 869 1202 899 animas
1226 873 1295 897 tan-

328 919 397 944 tum
426 912 580 950 nominat,
611 922 711 952 quum
742 919 774 943 et
796 912 981 952 corporibus
1004 912 1161 952 promissa
1183 910 1224 941 sit
1249 919 1295 939 re-

328 955 539 987 surrectionis
562 955 686 995 gloria?
725 954 886 994 Quoniam
906 955 1095 986 immortalis
1115 958 1163 983 est
1179 953 1296 989 anima,

328 999 455 1038 proprie
495 997 582 1029 salus
620 997 666 1028 illi
704 998 909 1029 attribuitur:
955 995 1224 1037 quemadmodum
1262 1000 1295 1025 et

329 1040 451 1072 Paulus
484 1040 647 1072 interdum
672 1041 755 1080 loqui
779 1040 869 1078 solet,
898 1040 944 1072 Ut
965 1041 1097 1080 spiritus
1121 1038 1231 1069 salvus
1255 1038 1297 1068 sit

328 1084 362 1114 in
387 1083 437 1114 die
456 1083 592 1114 Domini
610 1084 653 1125 (1.
670 1083 793 1115 Coi-int.
819 1083 847 1120 5,
871 1082 913 1124 ὃ).
952 1083 1060 1121 Atque
1082 1081 1141 1113 hoc
1165 1080 1296 1121 perinde

327 1126 413 1157 valet
436 1136 472 1157 ac
495 1126 522 1157 si
546 1126 717 1165 diceretur,
739 1125 827 1157 salus
843 1132 980 1156 aeterna.
1019 1124 1080 1155 Est
1095 1124 1178 1154 enim
1197 1124 1294 1154 tacita

327 1170 524 1209 comparatio
548 1170 635 1200 vitae
665 1169 812 1200 mortalis
836 1174 867 1199 et
890 1168 1037 1204 caducae,
1066 1176 1147 1206 quae
1168 1166 1207 1197 ad
1230 1176 1296 1197 cor-

327 1222 388 1251 pus
412 1212 561 1251 pertinet.
607 1211 738 1242 Interea
761 1216 868 1242 tamen
893 1220 957 1241 non
981 1209 1164 1241 excluditur
1186 1219 1204 1239 a
1227 1209 1296 1250 glo-

329 1255 395 1285 riae
433 1255 586 1285 societate
623 1264 756 1294 corpus,
796 1258 954 1293 quatenus
992 1253 1117 1283 animae
1154 1257 1204 1284 est
1240 1261 1296 1283 an·

327 1306 459 1328 nexum.

417 1382 464 1413 10.
496 1382 545 1413 De
572 1392 633 1422 qua
662 1383 763 1413 salute
791 1381 1004 1420 exquisierunt
1027 1383 1054 1411 et
1076 1380 1205 1412 scrutati
1226 1382 1298 1412 sunt

323 1425 501 1465 prophetae.
536 1426 590 1464 qui
623 1425 659 1456 de
679 1425 789 1464 futura
819 1434 891 1464 erya
921 1433 972 1454 vos
999 1424 1106 1464 qratia
1134 1423 1297 1454 vaticinati

328 1471 416 1499 suut.-
452 1469 500 1498 11.
525 1470 694 1499 scrutantes
715 1468 750 1498 in
772 1477 860 1507 quem
882 1469 937 1497 aut
959 1466 1133 1498 cuiusmodi
1151 1466 1296 1506 temporis

327 1511 493 1542 articulum
515 1511 702 1550 significaret
723 1511 779 1549 qui
800 1510 835 1541 in
851 1509 916 1540 illis
930 1512 996 1541 erat
1010 1510 1142 1549 spiritus
1159 1509 1295 1540 Christi.-

321 1555 419 1594 prius
448 1554 614 1592 testificans
640 1555 785 1584 venturas
807 1553 842 1583 in
867 1551 1026 1585 Christum
1048 1552 1240 1592 afflictimzeS,
1269 1554 1297 1583 et

327 1606 405 1636 quae
426 1599 610 1636 sequuturae
632 1598 729 1635 erant,
750 1595 878 1636 ylarias.
919 1594 969 1626 12.
996 1595 1114 1634 Quibus
1131 1594 1296 1626 relevatum

328 1642 371 1670 est
400 1640 480 1679 quod
505 1649 563 1670 non
585 1638 645 1669 sibi
667 1639 759 1677 ipsis,
789 1638 842 1670 sed
864 1638 951 1669 nobis
972 1637 1193 1669 ministrabant
1214 1637 1296 1678 haec,

327 1692 406 1721 quae
434 1692 514 1712 nuuc
544 1682 729 1712 annuntiata
758 1684 830 1712 sunt
858 1681 943 1712 vobis
966 1690 1027 1720 per
1055 1690 1105 1712 eos
1135 1681 1190 1720 qui
1212 1680 1296 1712 vobis

320 1725 546 1764 Inaedicarunt
577 1724 778 1764 cvanyeliwm,
803 1734 864 1763 per
893 1723 1040 1763 spiritum
1061 1726 1201 1755 sanetum
1222 1724 1295 1755 mis·
1321 1745 1322 1753 1

1321 1779 1323 1784 ⁸
1348 1765 1471 1797 Christi
1496 1765 1648 1797 adventu.
1683 1764 1796 1804 Neque
1819 1765 1905 1796 aliud
1923 1764 1983 1795 sibi
2001 1764 2113 1795 volunt
2131 1763 2211 1795 haec
2226 1764 2317 1795 Petri

326 1777 396 1798 sum
419 1778 434 1798 e
456 1767 553 1798 coelo.-
576 1767 609 1797 in
633 1777 711 1806 quae
734 1767 911 1799 desiderant
932 1766 1034 1807 anyeli
1051 1767 1238 1806 prospicere.

413 1852 535 1884 Salutis
565 1852 662 1884 huius
692 1853 832 1893 pretium
856 1852 931 1884 inde
960 1852 1179 1889 commendat,
1211 1852 1294 1892 quod

327 1896 359 1926 in
383 1906 453 1926 eam
478 1900 544 1927 toto
568 1895 674 1927 studio
698 1896 811 1927 intenti
833 1896 963 1927 fuerunt
985 1895 1171 1936 prophetae.
1212 1895 1295 1926 Rem

327 1939 410 1969 enim
427 1948 579 1979 magnam
598 1944 629 1970 et
641 1938 815 1979 singularis
826 1938 1038 1970 excellentiae
1053 1939 1150 1969 fuisse
1163 1943 1296 1978 oportet,

327 1991 407 2019 quae
432 1980 604 2021 prophetas
635 1982 680 2012 ita.
704 1981 743 2012 ad
767 1982 818 2012 sui
841 1981 1082 2021 inquisitionem
1105 1980 1296 2012 accenderit.

329 2022 458 2054 Clarius
488 2034 566 2055 vero
597 2024 775 2055 etiamnum
805 2024 840 2055 in
870 2034 907 2055 eo
935 2023 1058 2055 relucet
1080 2024 1197 2064 ingens
1220 2033 1298 2064 erga

329 2075 389 2096 nos
412 2065 475 2097 Dei
497 2065 634 2106 bonitas,
657 2067 741 2107 quod
765 2067 867 2098 multo
890 2065 963 2107 plus
986 2067 1077 2098 nobis
1100 2065 1297 2106 patefactum

330 2108 424 2139 hodie
459 2115 527 2146 est,
556 2119 652 2148 quam
686 2110 762 2141 olim
797 2109 852 2140 diu
882 2116 914 2141 et
943 2109 1079 2141 sollicite
1113 2108 1297 2149 quaerendo

329 2152 522 2190 consequuti
552 2153 617 2182 sint
648 2152 822 2192 prophetae
847 2162 968 2184 omnes.
1014 2152 1144 2183 Interea
1167 2153 1298 2183 certitu-

330 2193 438 2224 dinem
461 2193 574 2225 salutis
597 2195 766 2226 confirmat
789 2195 828 2226 ab
851 2196 920 2235 ipsa
942 2200 1121 2226 vetustate:
1145 2195 1297 2234 quoniam

330 2237 369 2267 ab
400 2236 492 2267 initio
521 2237 636 2267 mundi
666 2237 843 2277 legitimum
874 2248 892 2269 a
921 2238 1036 2278 spiritu
1067 2243 1178 2268 sancto
1208 2237 1297 2268 testi-

330 2279 475 2310 monium
498 2278 657 2310 habuerit.
693 2280 766 2310 Duo
785 2280 864 2312 haec
881 2281 1030 2312 distincte
1049 2280 1191 2311 notanda
1207 2285 1297 2311 sunt:

331 2321 415 2361 quod
439 2321 530 2353 nobis
553 2322 626 2362 plus
649 2322 758 2353 datum
783 2333 851 2354 esse
874 2334 971 2363 quam
991 2323 1133 2363 antiquis
1153 2323 1298 2363 patribus

331 2365 486 2402 affirmat,
525 2370 560 2395 ut
597 2364 658 2395 hac
690 2366 928 2404 comparatione
966 2365 1126 2406 evangelii
1160 2365 1298 2406 gratiam

331 2406 521 2446 amplificet:
546 2407 661 2438 deinde
684 2408 769 2447 quod
795 2407 832 2439 de
855 2409 957 2439 salute
975 2408 1067 2440 nobis
1087 2409 1299 2448 praedicatur,

331 2459 396 2480 non
420 2459 513 2490 posse
536 2449 644 2490 aliqua
666 2451 812 2481 novitate
835 2460 904 2481 esse
927 2457 1121 2491 suspectum,
1145 2452 1219 2491 quia
1235 2450 1299 2481 iam

331 2492 406 2523 olim
437 2498 577 2524 testatus
607 2492 646 2523 de
676 2502 715 2523 ea
744 2493 842 2523 fuerit
872 2493 1004 2532 spiritus
1034 2504 1091 2534 per
1113 2493 1298 2534 prophetas.

332 2535 421 2574 Ergo
451 2545 548 2574 quum
578 2535 655 2567 dicit
686 2534 859 2575 prophetas
888 2536 1066 2567 sciscitatos
1090 2547 1168 2574 esse,
1197 2541 1229 2567 et
1251 2546 1298 2566 se—

332 2577 408 2608 dulo
431 2577 623 2617 inquisiisse,
649 2578 710 2609 hoc
729 2578 769 2609 ad
786 2587 897 2609 eorum
913 2580 1033 2618 scripta
1049 2585 1103 2609 aut
1120 2578 1299 2610 doctrinam

332 2630 397 2650 non
421 2622 571 2659 pertinet,
595 2621 651 2653 sed
676 2621 716 2652 ad
739 2621 902 2660 privatum
927 2620 1120 2652 desiderium
1141 2632 1202 2661 quo
1218 2621 1301 2661 quis-
1326 2633 1329 2656 ᾳ

332 2672 395 2702 que
416 2664 584 2695 aestuavit.
620 2663 713 2703 Quae
736 2670 846 2703 postea
869 2670 1058 2704 sequuntur,
1083 2664 1121 2694 ad
1141 2663 1301 2704 publicam
1327 2667 1328 2670 ’

1146 217 1171 247 1⁴]
1178 216 1287 248 l'lS'P.
1312 216 1445 248 PETRI
1473 217 1485 247 1

2253 216 2315 246 216

1350 313 1545 345 functionem
1572 311 1738 343 referenda
1760 317 1845 344 sunt.
1893 312 2016 343 Verum
2044 317 2080 343 ut
2101 312 2230 353 singula
2252 323 2314 345 me-

1349 355 1411 388 lius
1447 360 1593 396 pateant,
1628 354 1822 395 digerendus
1854 359 1903 386 est
1938 354 1989 387 hic
2023 355 2111 386 locus
2143 355 2175 386 in
2210 363 2314 387 certas

1350 398 1590 439 propositiones.
1644 397 1694 429 Sit
1724 398 1831 438 itaque
1865 398 1944 429 haec
1977 399 2098 438 prima:
2132 399 2215 438 qnod
2246 408 2316 438 pro-

1350 441 1466 482 phetae
1490 441 1542 479 qui
1567 439 1606 471 de
1629 441 1741 480 gratia,
1764 450 1859 480 quum
1885 440 1975 471 nobis
1997 441 2145 471 exhibuit
2166 441 2315 472 Christus

1349 495 1406 515 suo
1429 483 1579 520 adventu,
1610 484 1775 514 vaticinati
1799 489 1884 523 sunt,
1914 482 2025 514 sedulo
2048 483 2163 514 intenti
2188 484 2316 514 suerunt

1349 532 1385 557 ut
1419 531 1547 565 tempus
1581 525 1695 565 plenae
1729 525 1937 557 revelationis
1970 532 2209 567 cognoscerent.
2255 525 2315 558 Se-

1348 568 1468 599 cunda:
1493 568 1574 607 quod
1599 569 1732 608 spiritus
1749 568 1872 600 Christi
1897 578 1953 608 per
1972 578 2027 600 eos
2050 568 2210 609 praedixit
2232 569 2315 599 futu-

1349 621 1418 642 rum
1445 611 1536 650 regni
1554 610 1678 643 Christi
1703 618 1833 648 statum,
1857 611 1961 651 qualis
1986 612 2101 651 partim
2127 612 2189 642 iam
2214 611 2314 643 corni-

1349 659 1418 693 tur⁷
1456 654 1575 693 partim
1614 663 1690 684 vero
1726 661 1875 694 speratur
1916 653 2038 685 adhuc:
2081 664 2196 694 nempe
2233 653 2316 694 quod

1348 696 1481 727 Christo
1504 702 1536 727 et
1559 696 1711 728 universo
1736 698 1803 728 eius
1828 698 1971 736 corporis
1994 696 2174 728 destinatus
2196 698 2239 728 sit
2260 707 2317 737 per

1349 739 1457 770 varias
1495 739 1660 778 passiones
1701 739 1740 770 ad
1778 739 1912 779 gloriam
1953 740 2129 780 ingressus.
2189 740 2315 771 Tertia:

1349 781 1433 821 quod
1469 781 1645 821 prophetae
1679 781 1770 812 nobis
1805 781 1936 813 uberius
1969 792 2062 822 quam
2098 793 2154 813 suo
2188 782 2316 813 saeculo

1321 829 1323 833 ’
1349 824 1592 855 ministrarunt:
1624 823 1719 864 idque
1750 825 1904 856 divinitus
1934 824 1996 856 illis
2019 825 2214 865 patefactum
2241 826 2315 856 fuit:

1349 867 1423 906 quia
1456 868 1488 898 in
1520 867 1651 898 Christo
1686 867 1814 898 demum
1848 872 1897 898 est
1930 867 2032 898 solida
2065 878 2174 898 earum
2208 878 2316 899 rerum

1349 909 1521 949 exhibitio,
1552 920 1687 950 quarum
1719 916 1797 941 tunc
1825 910 1993 941 obscuram
2025 911 2198 950 imaginem
2227 910 2317 942 Deus

1349 952 1572 984 adumbrabat.
1617 952 1756 991 Quarta:
1789 952 1873 992 quod
1904 962 1969 983 non
2002 959 2128 983 tantum
2155 954 2186 984 in
2219 963 2316 984 evan·

1349 995 1431 1036 gelio
1454 996 1639 1027 continetur
1658 995 1820 1027 luculenta
1840 995 2045 1035 propheticae
2065 996 2228 1027 doetrinae
2243 1007 2318 1027 con-

1349 1038 1500 1077 firmatio,
1524 1039 1651 1077 quando
1675 1038 1759 1069 idem
1783 1038 1916 1078 spiritus
1939 1044 1989 1069 est
2007 1039 2060 1078 qui
2086 1038 2238 1079 loquitur,
2262 1038 2317 1070 sed

1349 1080 1444 1121 longe
1475 1081 1599 1120 plenior
1629 1087 1660 1112 et
1690 1081 1793 1121 magis
1821 1080 1989 1111 familiaris
2020 1082 2206 1121 explicatio:
2241 1082 2319 1121 quia

1348 1123 1494 1161 salutem,
1518 1133 1615 1163 quam
1639 1124 1766 1155 eminus
1785 1123 1860 1154 olim
1882 1134 1938 1163 per
1955 1124 2128 1163 prophetas
2145 1124 2318 1162 indicabat,

1348 1177 1437 1198 nunc
1471 1166 1578 1206 palam
1614 1171 1646 1197 et
1679 1166 1770 1206 quasi
1803 1166 1904 1197 oculis
1935 1166 2142 1198 demonstrat.
2194 1166 2319 1199 Ultima

1350 1214 1413 1240 est:
1438 1209 1512 1240 inde
1535 1209 1613 1241 satis
1636 1215 1783 1240 constare
1806 1218 1902 1249 quam
1919 1209 2117 1240 admirabilis
2139 1210 2181 1240 sit
2204 1209 2319 1240 salutis

1349 1262 1407 1292 per
1430 1252 1636 1292 evangelium
1662 1253 1753 1283 nobis
1775 1253 1952 1292 promissae
1971 1251 2084 1292 gloria,
2107 1253 2191 1292 quod
2212 1251 2319 1292 angeli

1350 1304 1476 1335 quoque
1500 1295 1570 1334 ipsi,
1601 1294 1676 1326 licet
1698 1294 1760 1326 Dei
1787 1299 1961 1334 conspectu
1986 1297 2016 1325 in
2040 1295 2136 1326 coelis
2160 1295 2319 1333 fruantur,

1350 1337 1437 1369 illius
1471 1343 1580 1368 tamen
1614 1337 1768 1369 visendae
1805 1337 1962 1368 desiderio
2000 1338 2144 1368 ardeant.
2199 1337 2321 1369 Omnia

1349 1390 1427 1411 vero
1450 1381 1481 1411 in
1506 1390 1607 1411 unum
1631 1390 1761 1420 scopum
1786 1380 1933 1419 tendunt,
1964 1386 1999 1411 ut
2022 1380 2210 1416 Christiani,
2242 1380 2318 1411 dum

1350 1423 1381 1454 in
1420 1433 1498 1454 suae
1536 1423 1699 1454 felicitatis
1736 1423 1938 1454 altitudinem
1975 1422 2172 1461 efferuntur,
2211 1423 2319 1454 omnia

1350 1466 1463 1497 muudi
1488 1466 1654 1497 obstacula
1676 1471 1839 1505 superent.
1875 1465 1960 1504 Quid
1985 1466 2070 1496 enim
2088 1469 2137 1497 est
2153 1466 2235 1505 quod
2254 1475 2318 1496 non

1348 1514 1501 1540 extenuet
1524 1508 1775 1548 incomparabile
1799 1508 1858 1540 hoc
1881 1508 2096 1539 beneficium?

1436 1551 1486 1582 10.
1517 1551 1568 1583 De
1597 1561 1659 1591 qua
1687 1551 1795 1582 salute.
1840 1551 1960 1582 Annon
1992 1551 2138 1590 patribus
2166 1556 2197 1580 et
2229 1550 2319 1582 nobis

1348 1595 1530 1625 communis
1559 1595 1736 1634 eademque
1765 1599 1813 1625 est
1843 1592 1955 1624 salus?
2008 1593 2076 1624 Cur
2104 1603 2181 1633 ergo
2212 1599 2320 1633 patres

1349 1637 1524 1677 quaesiisse
1554 1637 1640 1675 dicit,
1668 1639 1757 1677 quasi
1788 1646 1852 1667 non
1883 1636 1991 1676 adepti
2019 1636 2085 1667 sint
2107 1636 2193 1676 quod
2225 1635 2319 1667 hodie

1348 1681 1440 1711 nobis
1474 1679 1631 1711 offertur?
1687 1679 1807 1710 Facilis
1840 1678 1956 1710 solutio
1990 1684 2052 1717 est,
2090 1679 2226 1709 salutem
2261 1688 2319 1718 pro

1348 1723 1521 1763 conspicua
1552 1723 1812 1753 manifestatione
1839 1722 1949 1761 accipi,
1979 1732 2061 1761 qnae
2089 1721 2181 1752 nobis
2203 1722 2318 1761 obtigit

1348 1808 1462 1849 verba,
1494 1818 1591 1848 quam
1625 1808 1680 1838 illa
1714 1807 1838 1839 Christi
1873 1807 2005 1847 (Matth.
2038 1806 2085 1843 13,
2119 1806 2189 1846 16):
2223 1805 2318 1837 multi

1349 1861 1442 1892 reges
1476 1857 1507 1882 et
1542 1850 1719 1891 prophetae
1752 1856 1906 1891 optarunt
1936 1850 2045 1881 videre
2079 1859 2161 1890 quae
2193 1849 2318 1887 videtis,

1350 1904 1408 1925 nec
1438 1899 1546 1925 tamen
1577 1894 1746 1924 Viderunt:
1780 1893 1862 1925 beati
1893 1893 1993 1934 igitur
2015 1892 2097 1924 oculi
2121 1893 2231 1932 vestri,
2259 1898 2321 1924 etc.

1350 1936 1460 1976 Quum
1494 1946 1571 1976 ergo
1606 1936 1783 1976 prophetae
1815 1946 1879 1967 non
1908 1936 1969 1966 nisi
2003 1942 2133 1966 tenuem
2165 1935 2322 1966 haberent

1349 1986 1481 2021 gustum
1513 1979 1630 2010 allatae
1660 1990 1716 2018 per
1738 1979 1905 2010 Christum
1934 1979 2071 2019 gratiae,
2100 1985 2256 2018 quantum
2281 1977 2321 2008 ad

1350 2022 1559 2054 revelationis
1589 2021 1720 2053 modum
1745 2022 1870 2058 attinet,
1902 2023 2016 2052 merito
2039 2021 2125 2052 ultra
2148 2021 2233 2051 votis
2255 2021 2323 2051 suis

1351 2065 1537 2096 tendebant.
1583 2065 1668 2095 Dum
1697 2063 1830 2096 Simeon
1862 2068 1935 2104 post
1965 2063 2086 2095 Christi
2115 2070 2321 2103 conspectum

1351 2108 1475 2149 placide
1506 2114 1537 2138 et
1567 2108 1675 2138 animo
1705 2114 1817 2147 pacato
1847 2117 1880 2138 se
1911 2106 1950 2138 ad
1981 2112 2117 2137 mortem
2147 2111 2322 2145 comparat,

1351 2161 1385 2182 se
1409 2151 1498 2191 prius
1521 2151 1702 2190 inquietum
1726 2156 1757 2181 et
1780 2152 1911 2181 anxium
1932 2150 2031 2180 fuisse
2049 2149 2197 2180 ostendit.
2233 2148 2323 2179 'Palis

1352 2194 1412 2224 fuit
1442 2194 1587 2224 omnium
1619 2194 1748 2233 piorum
1780 2203 1902 2223 sensus.
1948 2192 1991 2223 Et.
2023 2191 2152 2222 modum
2184 2191 2319 2230 inquisi-

1352 2236 1449 2267 tionis
1472 2236 1612 2274 denotat,
1637 2246 1736 2276 quum
1759 2235 1858 2272 addit,
1883 2236 1922 2266 in
1944 2245 2062 2275 quem
2088 2240 2157 2264 aut
2179 2235 2321 2264 cuius-

1351 2279 1457 2309 modi
1489 2280 1694 2318 temporis
1726 2278 1964 2310 articulum.
2009 2277 2091 2308 Erat
2118 2277 2204 2307 enim
2230 2276 2321 2307 diffe-

1352 2322 1456 2353 rentia
1480 2321 1559 2362 legis
1583 2327 1615 2352 et
1637 2321 1808 2361 evangelii,
1836 2321 1925 2360 quasi
1949 2320 2175 2359 interpositum
2200 2319 2320 2356 velum,

1352 2374 1392 2395 ne
1423 2365 1556 2404 propius
1587 2375 1634 2403 ea,
1669 2374 1751 2404 quae
1783 2364 1883 2394 oculis
1918 2363 2035 2393 nostris
2057 2362 2204 2402 exposita
2234 2367 2323 2400 sunt,

1353 2407 1563 2447 adspicerent.
1607 2407 1675 2438 Nec
1697 2417 1774 2438 sane
1798 2415 1934 2445 aequum
1957 2411 2036 2440 erat,
2061 2405 2191 2435 absente
2214 2404 2321 2435 adhuc

1353 2449 1419 2481 sole
1450 2450 1602 2490 iustitiae,
1634 2449 1780 2486 Christo,
1815 2448 1941 2488 plenam
1965 2447 2069 2478 lucem
2102 2453 2254 2486 tanquam
2284 2446 2320 2477 in

1352 2492 1486 2523 meridie
1515 2492 1648 2532 fulgere.
1694 2491 1838 2522 Tametsi
1869 2495 1976 2521 autem
2007 2490 2086 2530 ipsis
2110 2500 2239 2521 necesse
2261 2489 2322 2519 fuit

1325 2529 1327 2569 ᾖ
1353 2536 1440 2566 intra
1470 2535 1686 2575 praescriptos
1717 2535 1798 2564 fines
1825 2543 1860 2564 se
1888 2533 2070 2564 continere:
2102 2532 2190 2563 nulla
2213 2539 2320 2562 tamen

1354 2578 1466 2618 religio
1505 2578 1564 2608 fuit
1601 2577 1812 2617 ingemiscere
1846 2576 2005 2615 propioris
2049 2574 2222 2615 adspectus
2266 2574 2320 2604 de-

1354 2620 1479 2651 siderio.
1515 2620 1626 2659 Neque
1649 2619 1735 2650 euim
1755 2629 1852 2658 quum
1872 2618 2042 2649 accelerari
2058 2618 2322 2657 redemptionem,

1354 2669 1386 2694 et
1417 2663 1559 2704 quotidie
1589 2672 1659 2693 eam
1691 2661 1801 2693 videre
1828 2667 1993 2701 cuperent,
2024 2666 2134 2692 votum
2163 2659 2242 2690 illud
2264 2659 2322 2690 ob-
