2513 3126
306 222 368 253 351

308 323 433 350 tractet.
470 317 618 356 Exiguus
642 321 711 346 orat
734 314 857 354 piorum
878 323 1043 353 numerus,
1068 312 1277 344 incredulitas

308 367 415 393 autem
440 359 549 390 omnia
578 358 644 388 fore
667 356 857 397 occupabat:
891 356 985 396 pauci
1009 355 1178 396 evangelio
1203 365 1278 386 vere

307 402 534 439 adhaerebunt,
566 401 667 431 maior
698 410 772 439 pars
802 398 842 430 ud
866 408 992 430 errores
1023 398 1174 438 proclivis
1197 401 1276 430 erat.

307 446 395 478 Hinc
428 443 571 476 scandali
605 443 746 475 occasio:
780 442 831 473 cui
862 446 898 472 ut
928 446 1076 473 occurrat
1107 440 1276 479 lohannes,

306 494 470 520 contentos
503 496 573 518 esse
609 495 668 516 nos
701 484 789 516 iubet
822 484 884 515 ista
921 483 1062 515 fidelium
1102 484 1275 524 paucitate:

306 531 381 570 quia
410 539 522 560 omnes
547 529 606 560 Dei
639 528 696 559 filii
728 528 881 558 honorem
912 525 959 557 illi
989 526 1150 564 deferant,
1183 535 1220 557 ac
1243 536 1276 557 se

305 574 374 604 eius
405 572 569 603 doctrinae
599 571 780 602 subiiciunt.
833 569 915 601 Nam
945 569 1144 601 contrarium
1175 579 1274 600 mem-

305 617 399 647 brum
432 615 586 647 continuo
618 618 688 654 post
718 613 866 653 opponit,
900 613 965 652 qui
1000 622 1047 643 ex
1082 611 1163 643 Deo
1197 621 1275 642 non

305 663 417 697 sunt,
440 667 554 697 puram
578 656 738 697 evangelii
758 655 938 687 doctrinam
959 665 1022 686 non
1043 654 1162 686 audire.
1197 653 1276 693 Qui·
1302 655 1303 688 Ξ

305 702 364 732 bus
395 700 503 732 vorbis
533 700 707 740 significat,
743 699 908 739 ingentem
943 697 1032 728 illam
1067 698 1194 728 turbam
1224 697 1274 728 cui

304 754 368 775 non
403 743 487 783 sapit
516 742 735 782 evangelium,
770 741 840 772 ideo
870 751 935 772 non
967 740 1078 771 audire
1102 740 1217 780 probos
1239 750 1276 771 ac

305 787 466 827 legitimos
491 786 551 816 Dei
582 795 703 824 servos,
733 784 808 823 quia
838 794 856 814 a
879 783 950 814 Deo
980 783 1049 823 ipso
1081 783 1186 814 aliena
1215 783 1274 814 sit:

304 829 387 860 nihil
421 838 497 869 ergo
532 838 571 859 ex
606 826 768 867 evangelii
797 827 971 857 autoritate
1005 826 1117 864 minui,
1152 825 1228 856 dum
1257 836 1275 856 a

304 871 416 903 multis
446 871 618 911 respuitur.
672 870 738 902 Sed
768 869 843 900 huic
872 868 1038 900 doctrinae
1069 878 1197 900 annexa
1227 873 1276 899 est

305 915 392 946 utilis
415 913 601 951 admonitio,
624 917 660 944 ut
682 912 758 944 fidei
780 911 1042 944 obedientiarios
1061 922 1129 942 esse
1149 921 1189 941 ex
1207 910 1275 941 Deo

303 958 485 997 probemus.
528 956 618 987 Nihil
643 955 768 987 facilius
791 959 840 986 est
863 963 957 995 quam
982 954 1101 986 iactare
1124 964 1182 984 nos
1206 963 1275 984 esse

304 1000 381 1031 Dei:
416 999 551 1039 ideoque
586 998 669 1030 nihil
703 999 789 1029 inter
822 997 969 1028 homines
999 997 1100 1037 magis
1131 996 1274 1036 vulgare.

304 1041 585 1081 Quemadmodum
611 1041 705 1072 hodie
728 1041 874 1081 papistae
897 1039 1033 1080 superbe
1054 1050 1087 1070 se
1108 1039 1276 1070 venditant

305 1096 362 1126 pro
378 1085 441 1116 Dei
464 1084 654 1116 cultoribus:
677 1084 803 1114 interea
827 1093 891 1114 non
915 1083 1021 1113 minus
1045 1082 1183 1120 superbe
1207 1092 1274 1112 ver-

305 1129 380 1160 bum
406 1128 468 1159 Dei
499 1127 681 1167 repudiant.
726 1126 809 1157 Nam
840 1126 987 1165 quamvis
1017 1135 1051 1155 se
1085 1124 1145 1154 Dei
1177 1124 1275 1154 verbo

304 1171 435 1202 credere
458 1170 628 1201 simulent:
652 1169 706 1200 ubi
730 1173 838 1200 tamen
862 1168 900 1198 ad
926 1177 992 1198 rem
1018 1167 1156 1204 venitur,
1180 1176 1274 1197 aures

305 1214 425 1246 habent
448 1213 582 1244 clausas.
628 1212 730 1252 Atqui
754 1211 813 1242 hoc
836 1211 967 1241 unicum
992 1213 1040 1240 est
1065 1209 1189 1239 timoris
1212 1208 1274 1240 Dei

305 1256 536 1292 testimonium,
560 1256 629 1287 eius
651 1254 786 1285 verbum
811 1253 960 1284 revereri.
1003 1252 1070 1283 Nec
1092 1251 1198 1283 locum
1223 1251 1275 1283 hic

305 1299 403 1331 habet
426 1308 507 1339 quae
529 1308 548 1328 a
571 1297 683 1328 multis
706 1296 836 1327 obtendi
856 1296 936 1326 solet
956 1294 1131 1334 excusatio,
1155 1304 1188 1325 se
1205 1294 1275 1325 ideo

305 1342 417 1382 fugere
448 1340 609 1381 evangelii
640 1340 828 1376 doctrinam,
859 1348 957 1378 quum
987 1337 1050 1368 illis
1075 1337 1274 1377 proponitur,

305 1386 380 1424 quia
409 1394 475 1415 non
509 1384 574 1414 sint
605 1383 645 1413 ad
674 1381 881 1413 iudicandum
913 1380 1030 1411 idonei.
1075 1380 1164 1410 Fieri
1189 1380 1274 1411 enim

305 1437 371 1459 non
396 1430 503 1467 potest
526 1427 604 1466 quin
622 1424 727 1456 Deum
752 1426 907 1464 agnoscat
930 1423 964 1453 in
987 1423 1086 1454 verbo
1110 1432 1168 1453 suo
1192 1423 1275 1463 quis-
1300 1454 1301 1466 1

306 1470 378 1510 quis
411 1480 451 1501 ex
483 1470 591 1500 animo
622 1478 695 1499 eum
724 1468 829 1503 timet,
866 1470 896 1496 et
926 1465 973 1496 illi
996 1466 1192 1505 obsequitur.
1238 1466 1274 1496 Si

306 1514 378 1552 quis
400 1512 537 1551 obiiciat,
567 1511 686 1542 multos
707 1520 747 1540 ex
771 1509 882 1540 electis
905 1519 967 1539 non
992 1509 1101 1539 statim
1126 1507 1276 1540 accedere

306 1555 346 1586 ad
369 1555 475 1594 fidem,
499 1555 562 1585 imo
587 1558 737 1593 proterve
760 1552 853 1583 initio
876 1551 1058 1583 calcitrare:
1086 1551 1275 1591 respondeo,

306 1609 343 1629 eo
372 1605 516 1637 tempore
546 1607 608 1627 non
640 1595 805 1626 habendos
833 1604 903 1626 esse
924 1595 1052 1634 (nostro
1075 1594 1204 1633 quidem
1227 1594 1275 1625 iu—

307 1640 402 1682 dicio)
436 1642 468 1672 in
490 1639 551 1674 Dei
575 1639 659 1670 filiis.
704 1638 878 1669 Caeterum
902 1637 962 1668 hoc
985 1637 1113 1677 reprobi
1138 1636 1276 1668 hominis

305 1684 434 1724 signum
452 1690 508 1722 est,
532 1692 631 1722 quum
649 1681 860 1722 pertinaciter
875 1679 916 1711 ab
931 1690 969 1711 eo
986 1681 1131 1712 reiicitur
1148 1680 1275 1712 veritas.
1301 1705 1303 1711 s

307 1726 422 1758 Obiter
449 1727 544 1757 etiam
575 1725 752 1756 notandum
782 1729 844 1762 est,
875 1723 954 1754 illud
989 1723 1153 1761 audire,
1186 1723 1276 1754 cuius

306 1769 454 1801 meminit
482 1767 655 1808 apostolus,
687 1767 726 1798 de
753 1767 905 1798 interiore
934 1771 966 1797 et
989 1767 1072 1798 serio
1095 1765 1200 1798 cordis
1222 1776 1276 1797 au·

307 1811 384 1850 ditu,
407 1811 462 1851 qui
485 1810 548 1842 fide
571 1815 705 1846 constat,
730 1809 874 1848 intelligi.

392 1854 434 1885 In
463 1853 516 1886 hoc
543 1853 761 1894 coynoscimus.
806 1851 993 1883 Relativum
1024 1853 1063 1883 in
1094 1852 1183 1889 hoc,
1214 1851 1276 1883 duo

307 1898 475 1938 superiora
497 1897 644 1928 membra
665 1895 904 1936 complectitur:
933 1905 969 1926 ac
992 1895 1019 1926 si
1043 1895 1171 1932 diceret,
1202 1894 1277 1926 inde

307 1941 477 1972 veritatem
507 1949 526 1970 a
552 1939 720 1970 mendacio
750 1938 903 1977 discerni,
938 1938 1015 1977 quia
1047 1937 1102 1969 alii
1130 1948 1171 1969 ex
1198 1937 1277 1976 Deo,

308 1983 363 2013 alii
385 1994 425 2014 ex
448 1981 571 2013 mundo
598 1982 787 2021 loquuntur.
832 1980 926 2019 Quod
949 1986 1057 2011 autem
1081 1991 1138 2021 per
1162 1980 1278 2019 spiri-

309 2031 393 2056 tum
425 2025 630 2055 veritatis
665 2029 697 2054 et
731 2024 903 2063 erroris,
937 2023 1082 2063 quidam,
1118 2022 1279 2054 auditores

310 2069 417 2099 notari
441 2072 573 2107 putant:
597 2077 634 2098 ac
656 2067 682 2098 si
707 2066 835 2103 diceret,
860 2076 913 2097 eos
929 2067 982 2106 qui
999 2076 1033 2097 se
1049 2065 1280 2106 impostoribus

310 2110 468 2141 fallendos
498 2109 643 2148 tradunt,
677 2119 746 2140 esse
776 2115 867 2140 natos
889 2109 928 2140 ad
953 2119 1104 2148 errorem,
1135 2114 1166 2139 et
1189 2109 1223 2139 in
1247 2119 1280 2140 se

310 2153 430 2184 habere
459 2162 570 2184 semen
601 2151 777 2183 mendacii:
812 2162 865 2183 eos
888 2156 995 2182 autem
1019 2153 1072 2191 qui
1096 2151 1194 2183 verbo
1217 2151 1280 2183 Dei

309 2195 527 2232 consentiunt,
559 2194 618 2226 hoc
644 2195 820 2234 specimine
842 2195 1015 2225 monstrari
1040 2205 1185 2226 veraces:
1216 2204 1279 2225 non

311 2239 440 2278 recipio,
474 2238 558 2269 Nam
575 2247 674 2277 quum
692 2237 854 2277 apostolus
871 2241 1093 2278 μετωνυμικῶς
1112 2237 1281 2277 spiritus

310 2282 363 2313 hic
387 2281 524 2321 accipiat
541 2290 600 2320 pro
624 2280 805 2311 doctoribus
822 2281 871 2311 vel
894 2280 1072 2320 prophetis,
1095 2280 1178 2311 nihil
1194 2279 1280 2311 aliud

311 2323 397 2355 velle
431 2334 505 2355 eum
535 2322 687 2354 existimo
723 2333 819 2362 quam
849 2322 1014 2354 doctrinae
1042 2333 1181 2354 examen
1211 2333 1280 2354 esse

310 2367 350 2398 ad
381 2367 442 2397 ista
473 2366 535 2397 duo
558 2365 783 2403 revocandum,
814 2376 853 2396 ex
877 2365 999 2402 Deone,
1030 2376 1071 2396 an
1095 2377 1135 2397 ex
1158 2365 1279 2397 mundo

310 2410 362 2441 sit.
398 2408 536 2440 Videtur
555 2414 663 2440 tamen
687 2409 732 2439 ita
755 2408 915 2447 loquendo
939 2408 1019 2439 nihil
1043 2409 1157 2440 dicere.
1196 2408 1279 2439 Nam

310 2452 459 2483 omnibus
493 2452 640 2491 excipere
674 2456 859 2490 promptum
890 2452 965 2488 erit,
998 2462 1031 2482 se
1061 2462 1124 2482 non
1154 2451 1280 2482 nisiex

312 2495 383 2526 Deo
407 2495 504 2534 loqui.
540 2494 596 2526 Sic
614 2494 710 2525 hodie
730 2493 874 2533 papistae
890 2504 947 2524 sua
964 2494 1071 2525 omnia
1087 2498 1279 2531 commenta,

311 2538 445 2577 spiritus
474 2536 605 2569 oracula
634 2547 718 2574 esse,
750 2536 930 2576 magistrali
957 2537 1126 2576 supercilio
1150 2537 1279 2568 iactant.

311 2580 379 2611 Nec
403 2580 609 2611 Mahometus
640 2579 769 2611 aliunde
797 2589 832 2609 se
861 2579 1006 2610 hausisse
1036 2580 1200 2618 praedicat
1222 2589 1281 2610 sua

312 2622 425 2653 deliria
460 2633 555 2662 quam
587 2633 604 2653 e
633 2622 731 2653 coelo.
788 2621 877 2660 Quin
909 2622 1006 2652 etiam
1030 2622 1185 2663 Aegyptii
1219 2621 1279 2653 sibi

311 2665 391 2696 olim
419 2666 576 2697 divinitus
606 2665 766 2697 revelatas
796 2675 866 2696 esse
889 2663 1129 2696 mentiebantur
1152 2664 1281 2705 putidas
1305 2679 1308 2688 ι

1112 216 1250 248 EPIST.
1276 216 1499 248 IOHANle

2238 219 2300 250 352

1330 312 1403 344 illas
1434 312 1579 351 ineptias,
1614 310 1729 351 quibus
1759 322 1793 343 se
1817 316 1850 342 et
1872 311 1951 343 alios
1975 312 2187 344 infatuabant.
2232 313 2299 345 Sed

1330 355 1519 395 respondeo,
1555 363 1613 384 nos
1647 354 1782 386 verbum
1816 354 1948 385 Domini
1982 354 2114 393 habere,
2148 354 2233 395 quod
2267 356 2299 387 in

1330 398 1442 438 primis
1473 395 1705 427 consulendum
1736 402 1794 428 est.
1841 397 1929 438 Ergo
1962 407 2059 437 quum
2092 397 2153 429 Dei
2183 407 2299 430 nomen

1330 440 1508 471 obtendunt
1539 438 1671 478 spiritus
1702 439 1838 475 fallaces,
1869 449 1908 470 cx
1939 440 2108 480 scripturis
2134 440 2301 480 inquirere

1330 482 1491 518 convenit,
1522 492 1563 512 an
1596 492 1645 513 ros
1676 483 1720 513 ita
1749 482 1876 514 habeat.
1923 482 2020 513 Modo
2054 482 2143 522 pium
2167 493 2186 513 a
2209 483 2300 515 nobis

1330 525 1470 557 studium
1510 523 1704 555 adhibeatur
1737 535 1810 556 cum
1851 524 2034 556 humilitate
2069 531 2101 556 et
2135 525 2300 563 modestia,

1330 568 1433 600 aderit
1463 567 1597 607 spiritus
1629 567 1840 604 discretionis,
1872 568 1927 607 qui
1959 579 1993 599 se
2017 568 2123 607 ipsum
2146 568 2178 599 in
2203 568 2300 608 scrip-

1331 611 1412 642 turis
1436 609 1629 649 loquentem,
1661 615 1816 650 tanquam
1841 610 1925 642 fidus
1949 610 2119 650 interpres,
2149 617 2298 651 exponat.

1415 695 1443 726 7.
1467 694 1590 731 Dilecti,
1613 694 1783 736 diliyamus
1805 706 1862 727 nos
1884 698 2000 734 mutuo,
2025 696 2100 735 quia
2122 696 2242 728 dilectio
2263 706 2300 727 ex

1329 738 1395 770 Deo
1418 740 1476 769 est:
1509 740 1536 768 et
1563 737 1664 768 omnis
1685 739 1740 778 qui
1762 738 1877 778 diliyit,
1907 749 1944 770 ex
1966 738 2033 770 Deo
2051 739 2173 779 ,qenitus
2194 741 2246 777 est,
2275 741 2301 769 et

1328 781 1476 821 coynoscil
1496 779 1607 811 Deum.
1647 780 1676 812 8.
1699 781 1760 820 Qui
1781 791 1841 812 non
1863 781 1977 822 diligit,
2000 791 2057 812 non
2081 781 2164 812 novit
2181 780 2300 812 Deum:

1328 825 1403 864 quia
1425 823 1514 855 Deus
1541 822 1661 855 dilectio
1690 826 1742 855 est.
1793 824 1822 855 9.
1848 823 1888 855 In
1918 824 1971 855 hoc
2001 824 2151 864 apparuit
2179 824 2299 856 dilectio

1329 866 1391 898 Dei
1421 867 1453 897 in
1484 866 1585 905 nobis,
1619 866 1700 905 quod
1727 866 1828 905 silium
1861 877 1953 898 suum
1986 866 2182 907 uniqenitum
2214 866 2300 898 misit

1329 908 1415 940 Deus
1445 909 1477 939 in
1501 908 1660 948 mundum,
1690 911 1723 939 ut
1745 910 1887 941 vivamus
1903 920 1963 949 per
1985 920 2063 941 eum.
2111 909 2158 941 10.
2184 909 2225 940 In
2247 908 2300 941 hoc

1329 955 1371 983 est
1393 952 1521 991 dilectio,
1541 961 1602 983 non
1625 952 1704 991 quod
1726 962 1781 984 nos
1795 952 1998 984 dilexerimus
2013 951 2126 992 Deum,
2149 952 2203 983 sed
2219 951 2300 992 quod

1301 993 1303 998 '
1329 1004 1386 1026 nos
1414 995 1479 1034 ipse
1507 994 1631 1031 diluit.
1662 997 1688 1026 et
1718 995 1804 1026 misit
1831 995 1935 1034 filium
1960 995 2216 1034 propitiationem
2242 1004 2300 1035 pro

1325 1038 1456 1078 peccatis
1478 1037 1602 1068 nostris.

1416 1122 1443 1153 7.
1474 1121 1600 1163 Dilecti,
1623 1125 1674 1155 etc.
1720 1122 1819 1154 Redit
1850 1123 1889 1154 ad
1917 1122 2006 1154 illam
2037 1122 2299 1154 exhortationem

1330 1176 1423 1205 quam
1449 1170 1516 1196 tota
1539 1165 1606 1197 sere
1629 1166 1763 1206 epistola
1787 1166 2001 1206 prosequitur.
2037 1165 2191 1196 Diximus
2212 1163 2299 1196 enim

1330 1209 1457 1239 mistam
1489 1218 1557 1239 esse
1581 1208 1658 1239 fidei
1682 1209 1828 1240 doctrina
1850 1213 1882 1239 et
1907 1208 2134 1240 exhortatione
2157 1207 2197 1238 ad
2220 1207 2299 1239 cari·

1329 1255 1438 1282 tatem.
1485 1250 1522 1281 In
1548 1250 1671 1283 duobus
1693 1251 1853 1292 capitibus
1876 1252 1920 1282 ita
1943 1251 2073 1289 insistit,
2105 1255 2141 1282 ut
2168 1250 2208 1282 ab
2232 1259 2298 1281 uno

1328 1295 1367 1324 ad
1407 1294 1544 1324 alterum
1583 1294 1718 1325 subinde
1755 1299 1908 1325 transeat.
1965 1293 2075 1332 Quum
2114 1298 2300 1324 mutuum

1327 1347 1469 1368 amorem
1501 1337 1715 1374 commendat,
1751 1347 1816 1368 non
1848 1336 1998 1377 intelligit
2027 1347 2085 1367 nos
2114 1336 2219 1367 officio
2243 1335 2298 1366 de-

1327 1379 1453 1411 functos
1483 1390 1562 1416 esse,
1596 1379 1623 1411 si
1655 1380 1773 1411 amicos
1802 1384 1930 1410 nostros
1956 1379 2094 1411 vicissim
2119 1378 2295 1419 diligimus,

1329 1422 1403 1461 quia
1437 1433 1494 1453 nos
1524 1422 1674 1462 diligunt.
1721 1422 1785 1454 Sed
1816 1423 1894 1462 quia
1927 1421 2038 1453 fideles
2069 1422 2100 1453 in
2125 1431 2296 1453 commune

1327 1464 1511 1505 alloquitur,
1536 1465 1630 1496 aliter
1653 1475 1718 1496 non
1738 1465 1848 1496 debuit
1864 1465 1952 1504 loqui
1968 1475 2062 1504 quam
2080 1467 2117 1495 ut
2133 1474 2166 1496 se
2183 1466 2296 1494 mutuo

1328 1508 1474 1548 diligant.
1523 1507 1706 1541 Confirmat
1740 1508 1823 1540 hanc
1852 1508 2047 1539 sententiam
2078 1507 2201 1538 ratione
2232 1507 2298 1537 iam

1328 1550 1496 1590 aliquoties
1519 1550 1671 1583 adducta:
1696 1551 1771 1591 quia
1794 1551 1915 1582 scilicet
1939 1560 2034 1581 nemo
2057 1560 2091 1581 se
2111 1549 2214 1580 filium
2234 1548 2297 1580 Dei

1329 1593 1483 1634 probabit,
1508 1593 1570 1624 nisi
1587 1594 1639 1633 qui
1656 1594 1823 1634 proximos
1839 1592 1961 1633 diligit:
1985 1599 2016 1623 et
2040 1592 2115 1633 quia
2139 1602 2215 1623 vera
2235 1592 2297 1623 Dei

1329 1637 1469 1676 cognitio
1499 1646 1642 1668 amorem
1676 1636 1738 1668 Dei
1766 1636 1946 1668 necessario
1974 1636 2006 1666 in
2037 1634 2129 1666 nobis
2158 1639 2300 1676 generat.

1329 1679 1474 1720 Opponit
1511 1680 1606 1710 etiam
1640 1680 1839 1711 contrarium
1875 1679 2070 1716 membrum,
2108 1688 2166 1709 suo
2200 1687 2299 1715 more,

1329 1723 1412 1762 quod
1446 1722 1535 1753 nulla
1567 1723 1609 1753 sit
1631 1721 1691 1753 Dei
1718 1722 1857 1764 cognitio
1888 1721 1944 1753 ubi
1971 1731 2036 1753 non
2060 1721 2146 1761 viget
2170 1720 2298 1752 caritas.

1329 1766 1438 1797 Sumit
1472 1769 1581 1796 autem
1608 1765 1761 1806 generale
1789 1764 1999 1806 principium,
2033 1763 2118 1804 quod
2141 1763 2232 1795 Deus
2258 1763 2301 1794 sit

1329 1809 1465 1840 caritas:
1503 1808 1564 1839 hoc
1597 1813 1660 1846 est,
1698 1808 1781 1849 quod
1819 1809 1888 1839 eius
1927 1811 2043 1838 natura
2076 1807 2118 1838 sit
2151 1806 2300 1838 homines

1329 1850 1472 1892 diligere.
1529 1850 1604 1882 Scio
1643 1851 1764 1882 multos
1801 1850 1948 1891 argutius
1986 1849 2226 1890 philosophari,
2265 1858 2302 1880 ac

1330 1894 1519 1934 praesertim
1544 1898 1670 1926 veteres
1693 1894 1753 1925 hoc
1776 1894 1843 1925 loco
1866 1893 1983 1925 abusos
2006 1903 2086 1933 esse,
2109 1897 2145 1923 ut
2168 1892 2301 1933 spiritus

1331 1936 1532 1968 divinitatem
1556 1936 1740 1976 probarent.
1784 1936 1906 1968 Verum
1930 1935 2069 1975 simplex
2092 1939 2141 1966 est
2163 1934 2300 1975 apostoli

1330 1989 1455 2016 sensus,
1483 1980 1558 2019 quia
1582 1979 1670 2010 Deus
1694 1981 1737 2010 sit
1759 1979 1832 2010 fons
1854 1978 2005 2015 caritatis,
2037 1978 2125 2009 hunc
2147 1977 2300 2010 affectum

1330 2022 1370 2053 ab
1400 2032 1437 2052 eo
1471 2022 1572 2052 fluere
1602 2026 1634 2052 et
1658 2021 1804 2060 diffundi,
1838 2031 2028 2062 quocunque
2057 2021 2207 2061 pervenit
2229 2020 2300 2051 eius

1331 2064 1455 2096 notitia.
1501 2064 1783 2103 Quemadmodum
1816 2065 1905 2104 prius
1932 2064 2037 2095 lucem
2061 2063 2198 2101 vocavit,
2228 2063 2301 2103 quia

1332 2107 1415 2138 nihil
1445 2107 1487 2138 sit
1516 2108 1550 2137 in
1581 2117 1617 2137 eo
1648 2108 1864 2144 tenebrosum,
1901 2107 1957 2138 sed
1980 2106 2086 2145 potius
2109 2107 2218 2137 omnia
2239 2115 2299 2136 suo

1331 2150 1455 2190 fulgore
1477 2149 1626 2180 illustret.
1671 2150 1735 2181 Hic
1758 2161 1834 2190 ergo
1857 2149 1897 2180 de
1919 2150 2058 2181 essentia
2080 2148 2142 2179 Dei
2164 2158 2228 2179 non
2253 2148 2299 2187 lor-

1331 2194 1460 2233 quitur:
1491 2192 1546 2223 sed
1577 2197 1703 2223 tantum
1727 2192 1819 2224 docet
1844 2191 1949 2232 qualis
1970 2202 1989 2222 a
2012 2191 2103 2222 nobis
2126 2190 2296 2222 sentiatur.

1333 2236 1505 2268 Caeterum
1530 2234 1592 2265 duo
1616 2235 1757 2266 notanda
1775 2239 1852 2266 sunt
1870 2235 1904 2265 in
1921 2234 2028 2266 verbis
2045 2233 2191 2274 apostoli,
2216 2233 2300 2265 hanc

1331 2289 1401 2310 esse
1424 2288 1536 2309 veram
1560 2277 1623 2308 Dei
1646 2278 1793 2308 notitiam
1816 2287 1897 2318 quae
1920 2287 1978 2308 nos
2005 2280 2176 2317 regenerat
2198 2280 2231 2306 et
2254 2286 2302 2307 re-

1331 2321 1436 2362 fingit,
1464 2326 1501 2351 ut
1530 2320 1630 2351 simus
1658 2330 1763 2351 novae
1785 2325 1968 2351 creaturae:
2002 2318 2118 2350 deinde
2141 2319 2211 2349 fieri
2233 2328 2300 2350 non

1332 2374 1426 2405 posse
1449 2363 1528 2403 quin
1550 2363 1620 2402 ipsa
1643 2373 1701 2394 nos
1718 2363 1788 2393 Deo
1804 2362 1993 2394 conformet.
2029 2361 2182 2393 Facessat
2200 2361 2301 2402 igitur

1332 2407 1468 2438 stultum
1496 2406 1576 2437 illud
1605 2410 1823 2437 commentum
1847 2404 1886 2436 de
1909 2404 1973 2435 fide
1995 2404 2141 2435 informi:
2176 2405 2251 2444 quia
2274 2405 2301 2435 si

1333 2451 1404 2490 quis
1433 2448 1528 2480 fidem
1559 2459 1577 2479 a
1606 2449 1740 2480 caritate
1767 2453 1904 2487 separat,
1938 2447 2072 2487 perinde
2101 2447 2179 2479 facit
2207 2456 2244 2478 ac
2272 2446 2300 2478 si

1332 2492 1472 2524 calorem
1496 2502 1515 2522 a
1537 2491 1602 2523 sole
1625 2491 1752 2521 auferre
1775 2496 1918 2521 conetur.

1417 2535 1447 2566 9.
1472 2534 1514 2565 In
1535 2533 1588 2565 hoc
1611 2533 1770 2573 apparuit.
1808 2532 1893 2564 Aliis
1916 2533 2013 2563 etiam
2037 2532 2185 2572 plurimis
2207 2532 2300 2564 docu-

1332 2578 1452 2609 mentis
1485 2581 1636 2608 testatum
1673 2575 1828 2607 habemus
1861 2575 1923 2606 Dei
1952 2586 2029 2616 erga
2059 2586 2116 2606 nos
2146 2585 2298 2607 amorem.

1333 2620 1418 2652 Nam
1441 2620 1469 2652 si
1484 2620 1649 2660 quaeritur
1671 2629 1728 2650 cur
1743 2624 1871 2650 creatus
1887 2618 1929 2648 sit
1953 2618 2102 2656 mundus,
2126 2629 2182 2650 cur
2198 2618 2298 2650 simus

1333 2664 1368 2694 in
1393 2673 1431 2694 eo
1454 2662 1600 2695 collocati
1623 2661 1662 2692 ad
1681 2661 1892 2693 obtinendum
1910 2665 2016 2693 terrae
2041 2660 2216 2698 dominum,
2240 2670 2299 2691 cnr
