2513 3126
211 197 254 229 37
1085 197 1235 229 CAPUT
1257 197 1321 230 ΙΙΙ.
2166 200 2209 232 38

214 295 318 327 Porro
334 294 425 326 Deus
448 294 481 325 in
498 293 629 326 Christo
652 294 792 326 habitat:
816 298 851 326 ut
874 295 907 325 in
928 305 1003 326 eum
1019 295 1183 333 competat

214 336 371 377 quidquid
409 337 448 368 de
485 336 555 368 Deo
593 337 803 378 praedicatur.
863 337 899 369 Si
936 337 1008 377 quis
1045 336 1183 374 obiiciat,

213 380 385 412 Christum
408 389 534 420 quoque
556 390 625 412 esse
648 386 771 420 partem
795 380 940 417 aedificii,
971 379 1046 420 quia
1070 378 1182 409 funda·

214 427 361 454 mentum
393 427 455 461 est,
493 423 566 463 quia
599 424 697 454 frater
728 429 851 461 noster,
890 422 965 462 quia
998 421 1183 453 societatem

215 465 382 497 nobiscum
405 465 517 497 habet:
547 465 663 496 deinde
686 477 750 498 non
773 476 842 497 esse
865 464 1086 502 architectum,
1110 463 1184 503 quia

214 513 248 539 et
280 508 347 548 ipse
377 518 395 539 a
416 507 487 539 Deo
519 508 677 539 formatus
707 509 765 540 sit:
798 511 946 548 prompta
976 513 1026 537 est
1056 505 1183 543 solutio,

215 550 312 582 fidem
343 554 485 582 nostram
516 551 561 581 ita
590 551 622 581 in
646 561 683 582 eo
707 550 874 582 fundatam
898 559 977 586 esse,
1008 549 1045 580 ut
1067 548 1184 579 nihilo-

215 594 324 625 minus
353 592 446 624 nobis
474 593 671 633 praesideat:
701 593 747 625 sic
777 603 847 624 esse
870 592 1002 623 fratrem
1026 593 1185 629 nostrum,

216 639 254 667 ut
277 636 319 666 sit
341 636 464 667 interea
487 640 519 666 et
542 635 706 667 dominus:
731 635 777 667 sic
796 635 969 666 formatum
989 643 1058 664 esse
1076 643 1094 663 a
1113 632 1185 663 Deo

215 681 376 718 quatenus
406 677 502 709 homo
532 683 591 717 est,
621 682 657 709 ut
686 677 802 718 spiritu
831 686 888 707 suo
912 675 1053 708 vivificet
1076 679 1185 706 tamen

216 721 327 752 omnia
363 723 396 752 et
432 721 592 752 instauret
626 724 784 759 quatenus
818 723 970 750 aeternus
1004 719 1053 748 est
1088 717 1185 748 Deus.

218 763 327 795 Variis
349 762 612 794 translationibus
635 761 737 792 utitur
759 761 920 801 scriptura
942 759 983 791 ad
1005 760 1185 800 exprimen-

216 806 290 837 dam
322 815 397 845 erga
427 814 485 835 nos
508 803 631 835 Christi
654 804 809 844 gratiam:
840 804 897 835 sed
920 802 1010 834 nulla
1033 806 1081 834 est
1104 812 1187 842 quae

218 849 349 887 deroget
361 847 463 886 ipsius
487 846 610 883 honori,
630 846 669 877 de
685 856 748 886 quo
764 856 850 878 nunc
867 846 994 877 disserit
1011 845 1186 885 apostolus.

217 890 282 921 Hic
312 889 399 920 enim
428 892 532 920 status
562 891 619 927 est,
648 888 721 920 ideo
744 888 905 929 cogendos
928 898 997 920 esse
1019 898 1132 919 omnes
1154 888 1187 919 in

215 931 372 969 ordinem,
403 932 477 972 quia
505 931 635 963 subesse
664 931 782 964 debent
804 932 916 972 capiti:
947 931 1051 963 solum
1074 930 1187 962 Chris-

216 979 286 1006 tum
308 974 405 1005 eximi
428 973 488 1005 hac
509 974 701 1013 conditione,
724 975 798 1015 quia
813 981 908 1014 caput
925 978 982 1005 est.
1022 973 1059 1005 Si
1075 983 1188 1005 rursus

215 1016 375 1056 obiicitur,
398 1016 515 1048 Mosen
539 1027 603 1048 non
619 1017 727 1048 minus
743 1017 844 1049 fuisse
860 1016 1074 1048 architectum
1090 1026 1188 1056 quam

216 1059 358 1092 Paulum
384 1060 437 1100 qui
462 1059 522 1092 hoc
545 1059 639 1091 titulo
662 1059 838 1100 gloriatur:
869 1059 1059 1100 respondeo,
1083 1063 1188 1090 trans-

217 1102 295 1133 ferri
324 1101 363 1133 ad
393 1102 566 1142 prophetas
589 1107 621 1134 et
644 1102 788 1134 doctores
811 1102 871 1135 hoc
894 1111 1022 1140 nomen,
1052 1101 1108 1133 sed
1131 1102 1188 1132 im-

218 1145 364 1186 proprie:
389 1155 485 1184 quum
509 1145 574 1177 sint
597 1144 758 1177 duntaxat
773 1156 894 1186 organa
911 1149 943 1176 et
959 1144 1087 1185 quidem
1104 1153 1189 1175 mor-

220 1193 285 1226 tua,
309 1187 371 1219 nisi
386 1187 548 1219 Dominus
572 1198 589 1219 e
605 1188 691 1220 coelo
707 1189 881 1220 efficaciam
898 1188 1050 1228 inspiret:
1075 1186 1191 1218 deinde

219 1231 265 1263 sic
281 1240 334 1262 eos
353 1229 499 1262 laborare
515 1230 548 1261 in
566 1231 764 1262 exstruenda
776 1231 920 1271 ecclesia,
938 1235 972 1262 ut
988 1230 1049 1270 ipsi
1066 1239 1191 1269 quoque

218 1273 261 1305 ad
296 1272 477 1304 aedificium
511 1273 682 1305 accedant:
716 1280 747 1305 at
777 1273 902 1305 Christi
932 1273 1092 1305 diversam
1123 1282 1192 1304 esse

220 1316 389 1348 rationem.
435 1315 547 1356 Ipsum
580 1316 666 1348 enim
690 1316 821 1357 propria
844 1316 977 1356 spiritus
999 1316 1049 1347 sui
1074 1315 1193 1347 virtute

220 1368 349 1398 semper
378 1358 564 1391 aedificasse
593 1359 779 1391 ecclesiam:
808 1362 974 1399 praeterea
997 1368 1070 1389 eum
1094 1358 1193 1389 exsti·

220 1402 298 1432 tisse
332 1411 430 1441 supra
464 1411 665 1433 communem
698 1405 834 1433 sortem:
870 1401 1020 1442 quoniam
1051 1401 1096 1432 ita
1124 1404 1194 1432 erat

222 1454 338 1475 verum
376 1443 438 1475 Dei
476 1444 648 1485 templum,
685 1449 722 1476 ut
759 1444 856 1476 simul
893 1444 985 1476 Deus
1022 1447 1108 1475 esset
1145 1444 1193 1474 in-

222 1486 383 1518 habitans.

307 1529 337 1560 4.
365 1529 426 1569 Qui
448 1531 550 1561 autem
573 1530 679 1562 omnia
700 1530 880 1562 construxit.
926 1529 1131 1570 Quamquam
1154 1528 1195 1560 ad

223 1572 321 1603 totius
342 1571 455 1603 mundi
479 1573 673 1605 creationem
693 1573 822 1604 extendi
838 1577 976 1613 possunt
992 1573 1071 1604 haec
1088 1572 1195 1610 verba,

222 1617 334 1646 tamen
357 1615 396 1646 ad
420 1621 622 1655 praesentem
645 1625 774 1647 causam
798 1615 969 1657 restringo.
1007 1615 1053 1647 Ut
1076 1615 1195 1646 intelli-

224 1668 340 1700 gamus
369 1658 451 1689 nihil
480 1658 550 1689 fieri
579 1659 611 1690 in
643 1658 776 1690 ecclesia
800 1658 884 1699 quod
908 1669 972 1690 non
996 1658 1058 1689 Dei
1082 1657 1195 1690 virtuti

222 1705 392 1742 acceptum
416 1701 491 1732 ferri
515 1701 638 1733 debeat.
676 1701 709 1733 Is
732 1701 819 1733 enim
843 1705 891 1733 est
914 1701 1001 1733 solus
1025 1704 1079 1742 qui
1096 1711 1196 1732 manu

220 1754 282 1775 >sua
313 1743 463 1775 fundavit
493 1754 572 1782 eam,
602 1744 735 1776 Psalmo
759 1744 809 1782 87,
839 1744 868 1776 5.
922 1745 965 1775 Et
996 1743 1035 1775 de
1062 1743 1196 1775 Christo

224 1787 348 1818 Paulus
372 1786 448 1818 dicit
470 1786 604 1828 (Ephes.
625 1787 654 1825 4,
676 1786 738 1829 15),
763 1797 835 1819 eum
859 1797 928 1819 esse
952 1791 1048 1827 caput
1071 1797 1109 1818 ex
1135 1797 1197 1827 quo

224 1834 330 1861 totum
361 1839 478 1870 corpus
500 1836 702 1870 compactum
727 1835 758 1862 et
781 1839 963 1861 connexum
987 1840 1045 1870 per
1068 1839 1197 1861 omnem

224 1873 409 1903 iuncturam
439 1872 755 1914 subministrationis,
784 1872 958 1904 secundum
990 1873 1140 1904 effectum
1164 1873 1197 1904 in

225 1925 379 1946 mensura
394 1915 548 1956 cuiusque
564 1916 699 1947 membri
715 1920 924 1956 augmentum
941 1915 1050 1947 sumit.
1088 1915 1198 1954 Quare

225 1962 259 1989 et
287 1958 457 1989 ministerii
487 1959 536 1989 sui
563 1968 748 1990 successum
781 1958 867 1990 illius
895 1969 965 1990 esse
994 1969 1074 1999 opus
1104 1969 1198 1998 saepe

225 2001 399 2040 praedicat.
451 2001 600 2041 Denique
634 2002 660 2032 si
695 2012 770 2033 vere
801 2009 1002 2041 reputemus,
1037 2006 1198 2041 utcunque

225 2043 393 2074 hominum
425 2054 521 2084 opera
550 2049 662 2075 utatur
692 2045 725 2075 in
756 2044 907 2076 ecclesiae
930 2044 1198 2085 aedificationem,

225 2086 314 2117 solus
337 2092 444 2117 tamen
468 2087 537 2127 ipse
560 2087 686 2128 peragit
702 2087 825 2118 omnia:
850 2098 926 2119 nam
942 2087 1198 2119 instrumentum

224 2129 330 2169 opifici
353 2128 435 2160 nihil
458 2129 600 2170 derogat.

313 2172 343 2203 5.
376 2171 482 2204 Moses
512 2172 614 2212 fidelis
646 2175 680 2204 ut
712 2173 862 2204 minister.
916 2172 1101 2204 Secundum
1133 2172 1196 2204 dis-

225 2214 358 2253 crimen,
389 2215 474 2255 quod
498 2215 577 2247 Mosi
600 2216 773 2247 commissa
796 2215 854 2247 fuit
878 2215 1033 2256 doctrina,
1057 2216 1107 2247 cui
1131 2216 1199 2256 ipse

225 2266 354 2298 quoque
377 2268 442 2289 una
464 2268 535 2290 cum
561 2257 631 2289 aliis
654 2259 808 2290 subesset.
846 2257 999 2290 Christus
1019 2268 1096 2290 vero
1120 2263 1198 2289 tam-

226 2300 287 2330 etsi
315 2310 485 2340 personam
515 2301 601 2332 servi
632 2301 746 2339 induit,
776 2302 932 2342 magister
958 2306 1067 2333 tamen
1091 2305 1139 2333 est
1162 2312 1199 2333 ac

227 2342 376 2375 dominus
398 2344 450 2375 cui
473 2343 603 2376 subesse
626 2354 738 2376 omnes
757 2348 892 2384 oportet.
930 2343 1135 2376 Constitutus
1151 2349 1199 2376 est

223 2385 372 2416 omnium
408 2386 536 2424 haeres,
575 2391 610 2418 ut
647 2387 820 2419 habuimus
856 2387 960 2428 capite
1000 2388 1027 2426 1,
1061 2386 1092 2418 2.
1152 2387 1200 2418 In

229 2428 520 2460 testimonium
563 2439 702 2461 eorum
746 2439 843 2470 quae
888 2433 978 2471 post
1023 2429 1200 2461 dicenda

226 2475 366 2508 erant,
398 2471 587 2512 simpliciter
616 2473 819 2513 interpretor,
843 2476 880 2504 ut
907 2473 1015 2504 Moses
1045 2472 1121 2504 dum
1151 2476 1200 2504 est

231 2511 298 2542 eius
332 2512 494 2546 doctrinae
526 2525 650 2555 praeco,
685 2526 766 2555 quae
800 2525 857 2555 pro
891 2515 1044 2555 temporis
1072 2515 1199 2547 ratione

232 2554 332 2585 veteri
364 2556 482 2595 populo
512 2562 581 2589 erat
609 2557 849 2600 publicanda:¹)
878 2558 972 2590 simul
992 2558 1200 2591 testimonium

321 2648 343 2681 ¹)
360 2647 414 2674 Alii
431 2648 541 2676 trahunt
558 2649 592 2676 ad
609 2650 782 2684 evangelium.
817 2651 855 2679 Et
872 2651 958 2679 fateor
975 2651 1080 2685 quidem

1234 294 1399 335 evanyelim
1421 294 1512 326 cuius
1533 295 1667 327 nondum
1689 298 1816 327 matura
1829 295 2022 335 praedicatio
2040 299 2116 336 erat,
2140 297 2210 328 red-

1235 337 1326 369 didit.
1371 337 1456 368 Nam
1485 340 1561 369 certe
1589 341 1712 377 constat,
1743 339 1840 370 finem
1869 343 1901 370 et
1929 338 2206 379 complementum

1235 379 1316 419 legis
1342 390 1412 411 esse
1442 380 1526 412 hanc
1550 381 1779 421 perfectionem
1802 381 1979 422 sapientiae
2002 391 2083 421 quae
2106 392 2207 413 evan—

1235 422 1318 460 gelio
1352 422 1546 454 continetur.
1597 422 1698 463 Atque
1729 423 1808 455 hanc
1839 424 2057 464 expositionem
2087 424 2209 465 eoeiyere

1234 464 1356 495 videtur
1376 465 1519 504 futurum
1536 466 1703 506 participii
1720 469 1849 505 tempus.
1890 466 2019 498 Summa
2034 476 2106 498 vero
2121 467 2211 507 est,¹)

1236 506 1350 537 Mosen
1386 507 1509 539 scilicet
1542 508 1680 540 fideliter
1707 509 1824 549 populo
1851 509 2022 541 tradidisse
2053 519 2133 549 quae
2158 509 2209 540 illi

1236 548 1399 580 Dominus
1412 550 1637 582 mandaverat:
1650 551 1706 582 sed
1719 562 1903 583 mensuram
1916 551 1963 582 illi
1977 552 2207 592 praescriptam

1237 591 1343 628 fuisse,
1373 602 1470 631 quam
1498 594 1653 625 excedere
1683 594 1731 626 fas
1755 605 1819 625 non
1842 593 1949 626 fuerit.
1995 594 2209 626 Multifariam

1237 633 1410 674 multisque
1441 635 1541 667 modis
1573 636 1725 676 loquutus
1753 640 1803 669 est
1833 636 1910 668 olim
1935 637 2025 668 Deus
2055 647 2112 676 per
2135 647 2209 677 pro-

1238 675 1367 715 phetas:
1398 676 1441 707 ita
1467 682 1503 708 ut
1526 678 1670 710 differret
1692 680 1725 710 in
1749 684 1877 720 tempus
1901 679 2113 720 plenitudinis
2137 679 2211 711 soli-

1239 718 1312 748 dam
1336 719 1494 758 evangelii
1517 721 1759 754 revelationem.

1324 760 1354 790 6.
1389 760 1488 793 Cuius
1520 773 1577 794 nos
1609 774 1718 796 smnus
1750 765 1868 796 domus.
1925 763 2210 803 Quemadmodum

1240 801 1361 833 Paulus
1390 802 1444 833 ubi
1470 815 1504 835 se
1532 806 1682 844 gentibus
1711 807 1908 839 destinatum
1932 817 2002 839 esse
2025 806 2209 847 apostolum

1239 845 1403 885 praefatus
1431 850 1480 877 est
1502 846 1608 887 (Rom.
1634 849 1662 888 1,
1685 849 1728 889 6),
1758 849 1848 881 addit
1876 860 1916 881 ex
1940 859 2051 881 earum
2074 859 2211 880 numero

1239 898 1309 919 esse
1325 888 1491 920 Romanos
1513 890 1628 929 quibus
1650 892 1768 930 scribit,
1791 897 1827 923 ut
1850 892 1947 923 fidem
1969 893 2029 924 sibi
2052 891 2138 932 apud
2155 902 2211 923 eos

1240 930 1406 963 conciliet:
1425 931 1471 961 ita
1494 942 1580 963 nunc
1603 937 1695 964 autor
1718 935 1868 974 epistolae
1891 935 2029 967 Iudaeos
2052 934 2213 974 hortatur,

1241 974 1295 1013 qui
1322 973 1386 1004 iam
1410 973 1542 1005 Christo
1562 985 1678 1006 nomen
1703 976 1864 1013 dederant,
1890 982 1925 1008 ut
1948 981 2157 1018 perseverent
2180 977 2214 1008 in

1241 1016 1312 1052 fide,
1342 1026 1404 1056 quo
1426 1017 1459 1047 in
1482 1016 1544 1048 Dei
1567 1016 1688 1048 familia
1711 1024 1913 1050 censeantur.
1958 1020 2098 1051 Dixerat
2120 1020 2214 1060 prius

1241 1059 1365 1090 Christi
1393 1059 1530 1099 imperio
1560 1060 1689 1091 domum
1715 1061 1775 1091 Dei
1801 1062 1976 1093 subiectam
1999 1072 2078 1094 esse.
2124 1062 2214 1094 Huic

1242 1102 1422 1133 sententiae
1445 1102 1649 1134 commodum
1673 1103 1803 1134 additur
1827 1104 1905 1135 haec
1924 1104 2110 1141 admonitio,
2135 1111 2216 1136 tunc

1243 1155 1296 1175 eos
1336 1145 1368 1175 in
1407 1144 1470 1175 Dei
1508 1145 1630 1176 familia
1671 1146 1777 1178 locum
1817 1146 1984 1179 habituros
2022 1148 2049 1179 si
2082 1147 2216 1179 Christo

1243 1192 1387 1228 pareant.
1440 1188 1543 1219 Porro
1576 1198 1676 1228 quum
1707 1189 1771 1220 iam
1801 1190 1981 1228 coepissent
2009 1190 2217 1230 evangelium

1244 1230 1404 1270 amplecti,
1433 1230 1650 1262 conditionem
1680 1232 1821 1271 apponit,
1854 1230 1898 1263 Si
1933 1232 1974 1262 in
2009 1233 2097 1264 eius
2131 1232 2217 1263 fide

1245 1273 1528 1313 perstiterint.
1585 1273 1670 1305 Nam
1703 1274 1788 1314 spei
1822 1274 2029 1315 vocabulum,
2063 1285 2120 1314 pro
2153 1274 2217 1306 fidc

1246 1316 1383 1355 accipio:
1407 1321 1439 1347 et
1463 1316 1604 1356 profecto
1627 1327 1701 1357 spes
1724 1317 1840 1357 alioqui
1857 1317 1938 1348 nihil
1953 1317 2040 1348 aliud
2057 1323 2104 1348 est
2120 1328 2216 1357 quam

1246 1358 1322 1390 fidei
1355 1359 1546 1390 constantia.
1598 1359 1815 1391 Fiduciam
1851 1364 1890 1391 et
1922 1360 2216 1400 gloriationem

1248 1401 1352 1441 ponit,
1386 1401 1425 1432 ad
1459 1401 1527 1432 vim
1561 1402 1631 1434 eius
1665 1402 1769 1443 magis
1801 1403 2057 1443 exprimendam.
2111 1403 2221 1443 Atque

1248 1444 1324 1475 hinc
1339 1444 1532 1485 colligimus,
1551 1455 1613 1483 eos,
1628 1445 1681 1485 qui
1694 1444 1817 1485 trepide
1833 1450 1863 1477 et
1880 1446 2100 1478 vacillantium
2115 1445 2219 1477 instar

1248 1487 1469 1518 assentiuntur
1492 1487 1683 1528 Evangelio,
1713 1488 1793 1519 nihil
1821 1488 1929 1520 minus
1958 1498 2055 1529 qnam
2078 1488 2220 1520 credere.

1248 1529 1347 1562 Fides
1369 1530 1454 1561 enim
1478 1532 1546 1562 sine
1570 1531 1745 1570 composita
1767 1531 1869 1562 animi
1891 1531 2125 1572 tranquillitate
2147 1541 2217 1562 esse

1249 1583 1313 1604 non
1344 1576 1459 1614 potest,
1489 1572 1574 1604 unde
1597 1583 1711 1605 secura
1733 1574 1895 1614 gloriandi
1918 1574 2050 1606 audacia
2073 1574 2220 1614 emergit.

1249 1615 1402 1656 Adeoque
1425 1616 1478 1647 isti
1501 1620 1577 1647 sunt
1600 1616 1663 1648 duo
1681 1616 1829 1657 perpetui
1845 1616 1920 1649 fidei
1937 1617 2077 1654 effectus,
2101 1616 2219 1648 fiducia

1249 1664 1282 1690 et
1305 1658 1462 1700 gloriatio,
1486 1663 1521 1689 ut
1545 1659 1685 1691 diximus
1708 1659 1742 1690 in
1761 1659 1911 1700 quintum
1930 1664 2027 1700 caput
2043 1659 2084 1691 ad
2100 1659 2217 1691 Roma-

1250 1712 1307 1733 nos
1340 1706 1371 1733 et
1404 1701 1536 1733 tertium
1568 1701 1608 1733 ad
1637 1701 1807 1742 Ephesios.
1859 1702 1986 1741 Quibus
2018 1712 2119 1743 quum
2150 1705 2217 1732 tota

1249 1745 1456 1785 Papistarum
1478 1744 1624 1776 doctrina
1652 1746 1694 1776 sit
1722 1744 1866 1782 adversa,
1900 1745 1960 1777 hoc
1990 1745 2060 1785 ipso
2090 1745 2216 1776 etiamsi

1250 1787 1334 1818 nihil
1357 1787 1443 1818 aliud
1466 1786 1599 1818 haberet
1619 1787 1703 1825 mali,
1728 1787 1790 1818 Dei
1808 1788 1975 1820 ecclesiam
1994 1788 2094 1819 diruit
2111 1787 2222 1828 potius

1250 1840 1345 1871 quam
1369 1830 1526 1862 aedificat.
1554 1829 1791 1862 Certitudinem
1815 1831 1910 1869 enim,
1933 1841 1996 1871 qua
2018 1830 2085 1862 sola
2110 1840 2167 1861 nos
2185 1830 2222 1860 in

1250 1873 1371 1912 templa
1387 1873 1457 1904 Deo
1473 1873 1653 1905 consecrari
1670 1873 1763 1905 docet
1778 1874 1950 1913 apostolus,
1966 1883 2031 1905 non
2047 1874 2222 1904 obscurant

1251 1916 1343 1947 modo
1373 1917 1439 1947 suis
1469 1916 1667 1953 commentis,
1698 1916 1753 1948 sed
1784 1916 1889 1956 palam
1917 1916 2108 1947 temeritatis
2131 1915 2220 1946 dam-

1250 1963 1338 1990 nant.
1383 1959 1558 1990 Praeterea
1587 1958 1690 1999 qualis
1719 1959 1931 1990 confidentiae
1960 1958 2125 1990 firmitudo
2151 1967 2222 1989 esse

1251 2006 1366 2042 potest,
1397 2001 1450 2032 ubi
1481 2001 1635 2042 ignorant
1665 2001 1812 2033 homines
1835 2001 1913 2042 quid
1936 2001 2134 2033 credendum
2157 2001 2222 2031 sit?

1250 2045 1351 2084 Atqui
1385 2048 1564 2075 monstrum
1595 2044 1675 2075 illud
1708 2044 1783 2076 fidei
1817 2045 1991 2085 implicitae
2022 2043 2107 2084 quod
2139 2053 2223 2075 com-

1252 2088 1474 2126 miniscuntur,
1504 2087 1585 2118 nihil
1608 2087 1692 2118 aliud
1724 2093 1772 2119 est
1802 2097 1896 2127 quam
1927 2087 2057 2119 errandi
2081 2086 2223 2118 licentia.

1252 2131 1314 2162 Hic
1344 2130 1429 2160 locus
1460 2130 1613 2161 admonet
1642 2140 1769 2170 semper
1798 2130 1838 2161 ad
1865 2136 2002 2162 mortem
2026 2139 2128 2170 usque
2151 2139 2221 2160 esse

1251 2172 1539 2213 progrediendum:
1574 2173 1647 2213 quia
1681 2178 1749 2205 tota
1778 2174 1847 2205 vita
1881 2173 2011 2214 quidam
2042 2177 2090 2204 est
2119 2171 2221 2204 veluti

1251 2226 1373 2248 cursus.

1337 2300 1365 2332 7.
1401 2300 1504 2340 Quare
1533 2300 1625 2342 (sicut
1646 2301 1722 2333 dicit
1742 2301 1877 2342 spiritus
1899 2303 2039 2333 sanetus:
2071 2299 2172 2331 Hodie
2194 2300 2223 2331 si

1250 2354 1349 2376 vocem
1382 2345 1450 2375 eius
1477 2343 1653 2384 audieritis,
1688 2344 1717 2375 8.
1745 2354 1782 2375 ne
1808 2343 1959 2376 obduretis
1987 2343 2080 2376 corda
2111 2344 2223 2379 vestra,

1250 2387 1330 2419 sicut
1362 2387 1396 2417 in
1428 2386 1654 2418 exacerbatione
1686 2387 1719 2418 in
1752 2387 1803 2418 die
1835 2387 2009 2418 tentationis
2036 2387 2070 2417 in
2097 2386 2222 2422 deserto,

1251 2430 1280 2462 9.
1311 2429 1363 2461 ubi
1392 2431 1582 2460 tentaverunt
1610 2439 1657 2461 me
1673 2431 1784 2468 patres
1807 2430 1910 2469 vestri,
1937 2429 2144 2469 probaverunt
2165 2438 2223 2466 me,

1251 2476 1278 2504 et
1292 2473 1435 2505 viderunt
1449 2482 1542 2512 opera
1566 2482 1635 2504 mea
1670 2472 1719 2503 10.
1735 2473 1949 2512 quadrayinta
1967 2472 2070 2504 annis.
2108 2472 2223 2510 Quam-

1251 2516 1349 2547 obrem
1372 2515 1515 2555 infensus
1545 2515 1596 2554 fui
1620 2515 1811 2555 yenerationi
1836 2515 1894 2556 illi,
1928 2517 1956 2546 et
1982 2515 2061 2554 dixi,
2098 2513 2223 2552 Semper

1251 2560 1358 2590 errant
1386 2558 1484 2590 corde.
1530 2557 1603 2597 Ipsi
1631 2567 1701 2589 vero
1723 2566 1786 2588 non
1808 2560 2009 2598 coynoverunt
2031 2558 2101 2590 vias
2122 2565 2224 2588 meas.-

1342 2652 1362 2685 ι)
1381 2650 1434 2678 Sed
1451 2650 1523 2678 aliud
1542 2649 1624 2679 voluit
1640 2650 1785 2686 apostolus,

1987 2701 2020 2727 3·
