2513 3126
153 194 194 226 85
1022 193 1171 225 CAPUT
1196 193 1272 224 VII.
2112 194 2153 225 86

154 293 229 325 illae
245 302 361 324 causae
378 291 459 322 nihil
479 291 518 322 ad
538 294 739 331 praesentem
764 291 1029 330 disputationem:
1053 289 1124 321 ideo

154 335 228 368 illas
263 335 418 375 praeterit
452 334 622 374 apostolus.
680 334 752 365 Una
787 334 865 365 haec
898 334 930 363 in
965 332 1124 363 rationem

155 389 241 410 nunc
275 378 387 409 venire
420 377 523 414 debet,
561 377 645 417 quod
681 387 780 416 quum
814 376 953 408 decimas
987 374 1125 414 populus

156 421 247 461 quasi
271 431 396 452 sacrum
422 419 560 460 vectigal
582 420 714 451 offerret
737 419 816 457 Deo,
840 429 893 450 eas
917 418 1051 449 Levitae
1075 426 1124 447 re-

154 463 323 504 cipiebant.
369 463 464 495 Unde
485 468 630 503 apparet,
656 473 720 493 nou
745 471 880 502 parvum
904 461 1001 491 fuisse
1025 459 1124 490 hono-

155 517 233 544 rem,
268 507 343 546 quia
371 506 403 536 in
435 506 541 537 locum
571 516 665 536 suum
693 505 780 536 Deus
809 514 862 535 eos
890 500 1125 548 quodammodo

155 548 361 589 subrogabat.
407 548 495 588 Ergo
526 549 609 588 quod
633 546 849 579 Melchisedec
877 544 1036 576 sacerdoti
1064 554 1124 583 pri-

155 593 276 624 marius
312 591 373 622 Dei
407 601 520 622 servus
553 595 586 621 et
618 589 775 630 propheta
808 587 973 619 Abraham
1009 586 1126 618 obtulit

156 635 305 672 decimas,
336 644 373 665 eo
402 634 568 665 confessus
597 638 655 671 est,
685 630 815 662 honoris
844 630 949 670 gradu
973 639 1071 668 supra
1091 639 1125 659 se

155 677 324 709 excellere.
376 675 470 714 Quod
505 676 531 707 si
564 685 640 715 prae
674 673 729 705 illo
759 673 793 703 10
823 672 970 703 ordinem
1000 672 1125 711 cogitur

156 719 362 752 Abraham
387 718 648 753 Patriareha,
679 725 786 747 raram
810 720 842 745 et
865 715 1015 745 eximiam
1039 713 1126 744 illius

156 763 349 804 dignitatem
373 770 443 792 esse
465 764 600 800 oportet.
642 758 833 798 Epithetum
858 756 1062 797 patriarchae
1085 755 1125 786 ad

155 804 439 846 amplificationem
464 802 602 842 positum
627 807 685 832 est.
731 800 792 831 Est
815 800 902 830 enim
927 799 987 830 1100
1009 799 1042 830 10
1064 799 1126 838 pri-

153 848 215 880 mis
248 845 471 883 honorificum,
509 843 595 884 quod
627 842 795 874 Abraham
830 843 863 873 in
898 842 1031 874 ecclesia
1064 841 1124 872 Dei

154 895 246 931 pater
286 888 482 919 nominatur.
541 886 620 918 Tale
660 886 759 926 igitur
799 890 848 917 est
888 889 1126 926 argumentum,

152 931 320 964 Abraham
346 930 400 970 qui
423 930 563 970 reliquos
586 939 698 960 omnes
721 928 897 968 antecellit,
925 929 995 968 ipso
1017 932 1124 958 tamen

151 972 368 1007 Melchisedec
398 977 448 1004 est
476 972 620 1004 inferior.
671 971 759 1011 Ergo
791 971 1008 1002 Melchisedec
1038 981 1124 1001 sum-

153 1027 238 1048 mum
269 1016 426 1047 honorem
456 1015 589 1051 obtinet,
620 1024 656 1047 ac
679 1014 806 1053 Levitis
829 1014 978 1045 omnibus
1001 1014 1125 1054 praefe-

151 1059 271 1091 rendus
312 1063 370 1090 est.
434 1058 640 1090 Antecedens
686 1057 849 1097 probatur.
912 1056 997 1088 Nam
1040 1055 1125 1096 quod

152 1101 288 1134 debebat
319 1101 488 1133 Abraham
519 1101 601 1140 Deo,
634 1100 730 1132 solvit
760 1100 792 1130 in
823 1110 956 1131 manum
989 1099 1125 1131 Melchi-

151 1145 255 1176 sedec.
301 1143 510 1176 Decimarum
537 1154 613 1185 ergo
636 1143 795 1175 solutione
819 1153 852 1174 se
876 1143 1032 1174 minorem
1056 1152 1127 1182 pro-

152 1188 258 1220 fessus
280 1192 339 1219 est.

239 1230 268 1262 5.
296 1230 357 1270 Qui
378 1229 492 1261 scilicet
513 1232 594 1261 sunt.
640 1229 712 1260 Hoc
741 1228 848 1269 aptius
879 1233 927 1260 est
957 1238 1053 1268 quam
1082 1228 1128 1260 ita

154 1276 298 1305 vertere:
327 1273 376 1304 Eo
398 1273 484 1313 quod
507 1273 573 1304 sint
595 1282 636 1303 ex
660 1281 796 1303 numero
821 1271 970 1303 filiorum.
1016 1271 1128 1311 Neque

153 1317 241 1348 enim
270 1325 399 1347 causam
430 1315 536 1347 reddit
565 1315 739 1355 apostolus,
772 1325 809 1346 ac
838 1315 866 1346 si
895 1314 1035 1346 decimas
1058 1314 1129 1345 ideo

153 1358 338 1390 sacerdotes
365 1358 535 1399 accipiant,
570 1358 653 1398 quod
684 1358 749 1390 sint
779 1369 819 1389 ex
843 1357 917 1388 filiis
939 1357 1038 1389 Levi:
1073 1357 1129 1388 sed

154 1405 257 1432 totam
292 1401 380 1432 illam
415 1401 536 1433 tribum
570 1401 696 1433 confert
729 1411 802 1433 cum
836 1400 1062 1439 Melchisedec,
1096 1401 1129 1431 in

152 1444 239 1476 hunc
269 1444 410 1483 modum,
452 1443 563 1483 Quum
593 1444 720 1476 Levitis
750 1443 843 1475 Deus
871 1444 1031 1475 concessit
1061 1443 1130 1474 eius

153 1487 306 1528 exigendi
337 1498 356 1518 a
386 1487 505 1528 populo
534 1486 686 1527 decimas,
720 1487 765 1518 ita
793 1486 949 1518 Israelitis
980 1486 1130 1517 omnibus

154 1540 209 1562 eos
246 1530 416 1570 praefecit,
454 1531 584 1561 tametsi
621 1541 662 1561 ex
700 1529 812 1561 eodem
849 1533 984 1570 parente
1022 1534 1130 1561 essent

154 1583 267 1604 omnes
299 1573 396 1604 simul
425 1573 605 1614 progeneti.
649 1573 758 1613 Atque
789 1572 954 1604 Abraham
984 1573 1129 1613 0111001-

154 1616 245 1647 nium
277 1621 371 1656 pater
401 1621 459 1653 est,
493 1616 652 1648 sacerdoti
686 1616 889 1656 alienigenae
919 1615 1014 1647 solvit
1044 1615 1129 1647 deci-

154 1668 234 1690 mas.
281 1659 371 1699 Ergo
401 1658 476 1690 huic
506 1658 661 1690 sacerdoti
691 1669 804 1690 omnes
832 1658 952 1699 posteri
975 1658 1129 1690 Abrahae

155 1701 289 1733 subiecti
322 1703 408 1733 sunt.
454 1701 504 1733 Ita
533 1702 584 1733 ius
606 1701 734 1733 Levitis
764 1700 909 1733 delatum
936 1701 1130 1741 particulare

155 1745 218 1776 fuit
235 1745 269 1776 in
285 1744 428 1785 reliquos
451 1745 582 1776 fratres:
607 1744 662 1776 sed
680 1744 896 1776 Melchisedec
919 1745 990 1776 0100
1013 1754 1130 1785 excep-

155 1787 244 1818 tione
267 1797 394 1818 summo
419 1787 487 1819 loco
510 1787 666 1819 statuitur
690 1791 728 1818 ut
749 1787 811 1819 sibi
833 1797 947 1819 omues
970 1787 1130 1819 subiiciat.

155 1830 298 1868 Quidam
332 1830 514 1871 apostolum
545 1830 633 1871 loqui
665 1835 782 1871 putant
813 1830 852 1861 de
883 1830 1017 1862 decimis
1047 1830 1130 1861 deci—

154 1883 293 1912 marum,
324 1883 403 1913 quas
427 1873 603 1905 maioribus
626 1871 845 1905 sacerdotibus
869 1873 1004 1905 Levitae
1028 1873 1129 1904 solve-

156 1915 252 1957 bant:
281 1916 337 1947 sed
366 1916 456 1947 nulla
483 1921 531 1947 est
554 1915 637 1947 ratio
660 1927 717 1948 cur
739 1916 924 1956 generalem
948 1926 1130 1948 sermonem

154 1959 201 1990 ita
224 1960 468 2000 restringamus.
516 1959 603 2000 Ergo
626 1959 823 1999 probabilius
845 1964 894 1991 est
917 1959 1002 1999 quod
1026 1959 1130 1990 attuli.

241 2001 272 2032 6.
294 2001 472 2033 Benedixit.
517 2002 589 2034 Hoc
618 2003 767 2042 quintum
798 2004 847 2033 est
877 2002 961 2042 quod
988 2002 1023 2033 in
1046 2012 1130 2034 com-

154 2044 323 2085 paratione
357 2045 480 2076 Christi
514 2047 546 2076 et
575 2044 792 2077 Melchisedec
826 2044 992 2085 apostolus
1027 2046 1133 2077 obser-

155 2092 222 2118 vat.
267 2087 377 2119 Sumit
406 2092 513 2119 autem
544 2088 635 2128 quasi
665 2098 765 2119 unum
796 2098 839 2119 ex
867 2088 1022 2119 confessis
1045 2088 1131 2128 prin-

155 2130 257 2170 cipiis,
287 2130 383 2169 Quod
415 2131 519 2162 minus
542 2135 591 2162 est
613 2130 760 2163 benedici
783 2140 802 2162 a
824 2131 947 2162 maiori.
994 2131 1133 2163 Subiieit

156 2171 273 2204 deinde
311 2173 529 2205 Melchisedec
571 2173 775 2206 benedixisse
814 2173 976 2205 Abrahae.
1036 2174 1132 2206 Unde

156 2216 334 2254 conficitur,
369 2216 537 2248 Abraham
571 2227 642 2248 esse
676 2217 845 2248 minorem.
896 2216 962 2248 Sed
993 2217 1132 2257 amplifi-

156 2258 252 2289 candi
273 2268 372 2291 causa
394 2259 512 2291 iterum
529 2258 697 2291 Abraham
718 2263 814 2291 ornat
835 2259 993 2300 singulari
1016 2260 1131 2301 elogio.

157 2299 242 2332 Nam
272 2311 335 2342 quo
365 2302 582 2342 praestantior
604 2307 652 2334 001
674 2302 851 2342 Abraham,
880 2312 918 2333 00
940 2302 1038 2334 altius
1061 2314 1132 2335 eve-

158 2341 249 2374 hitur
279 2344 421 2385 dignitas
451 2345 552 2386 ipsius
573 2345 802 2377 Melchisedec.
846 2344 886 2376 In
916 2345 1004 2378 hunc
1034 2346 1133 2377 finem

159 2383 236 2432 dicit
255 2387 421 2419 Abraham
445 2388 676 2429 promissiones
699 2388 864 2420 habuisse:
887 2398 950 2429 quo
972 2388 1134 2429 significat

159 2425 249 2459 illum
282 2439 353 2461 esse
375 2431 516 2470 primum
538 2435 670 2463 sanctae
692 2436 849 2470 autorem,
882 2441 1021 2471 quocum
1043 2431 1135 2463 Deus

160 2467 272 2518 foedus
293 2476 443 2505 aeternae
465 2474 553 2506 vitae
575 2474 708 2516 pepigit.
751 2473 844 2506 Haec
864 2474 950 2506 enim
974 2484 1039 2506 non
1063 2474 1134 2506 vul-

161 2521 249 2560 garis
271 2513 333 2545 fuit
354 2514 507 2555 dignatio,
535 2516 619 2557 quod
646 2527 746 2549 unum
769 2517 867 2558 elegit
891 2517 980 2549 Deus
1003 2527 1044 2549 ex
1066 2527 1134 2549 om-

161 2553 273 2603 nibus,
314 2558 401 2604 apud
435 2568 531 2598 quem
563 2560 614 2591 ius
647 2559 830 2601 adoptionis
863 2566 897 2591 et
929 2560 1049 2592 amoris
1083 2560 1134 2592 sui

161 2601 384 2646 testimonium
413 2598 594 2640 deponeret.
638 2602 739 2644 Atqui
769 2602 830 2635 hoc
860 2605 966 2634 totum
994 2613 1060 2635 1100
1081 2602 1134 2635 ob-

161 2644 244 2670 stitit
267 2650 438 2680 quominus
461 2651 495 2674 se
517 2653 589 2675 cum
612 2648 680 2677 tota
701 2654 761 2677 sua
783 2645 977 2677 excellentia
999 2645 1135 2677 submit-

1179 294 1260 321 teret
1284 290 1460 321 sacerdotio
1480 290 1704 323 Melchisedec.
1742 291 1930 331 Perspicere
1954 290 2052 331 igitur
2076 291 2151 323 11001

1178 338 1320 372 quantus
1336 333 1388 364 hic
1404 333 1446 364 sit
1462 334 1512 364 0111
1536 333 1658 365 duabus
1683 334 1714 364 in
1739 334 1836 365 rebus
1860 333 1957 366 cessit
1972 333 2149 371 Abraham,

1177 380 1208 405 et
1232 375 1316 415 quod
1339 385 1373 406 se
1398 375 1541 408 benedici
1564 375 1603 407 ab
1626 386 1663 407 00
1687 386 1799 416 passus
1822 382 1879 416 est,
1903 381 1934 408 et
1957 376 2043 417 quod
2065 376 2148 408 deci-

1178 427 1247 449 mas
1270 418 1386 449 obtulit
1409 419 1496 458 quasi
1521 419 1583 450 Dei
1607 419 1734 450 vicario.

1264 461 1290 491 7.
1323 460 1410 500 Quod
1432 462 1536 492 mimas
1559 464 1610 493 est.
1656 461 1766 492 Primo
1796 462 1963 493 sciendum
1994 465 2044 493 est
2073 461 2150 502 quid

1178 501 1240 533 1100
1273 503 1340 534 1000
1375 504 1534 544 significet
1565 504 1880 536 Benedictionis
1915 515 2042 535 nomen.
2089 505 2151 535 Est

1178 549 1285 575 autem
1317 546 1460 577 solennis
1484 547 1635 586 precatio,
1670 557 1734 587 qua
1764 547 1790 578 is
1821 547 1875 586 qui
1907 548 2071 587 praeditus
2101 551 2150 578 est

1179 587 1296 628 insigni
1327 589 1432 628 aliquo
1460 595 1491 620 et
1515 590 1642 629 publico
1671 590 1802 629 honore,
1834 590 1976 628 privatos
2007 595 2040 621 et
2069 599 2149 621 suae

1179 631 1469 663 administrationis
1486 632 1632 664 homines
1649 632 1718 664 Deo
1735 632 1947 664 commendat.
1988 632 2047 662 Est
2063 632 2150 663 aliud

1179 672 1386 704 benedicendi
1418 685 1519 713 genus
1551 675 1626 706 dum
1650 675 1793 707 vicissim
1823 674 1875 706 alii
1899 684 1956 713 pro
1983 675 2055 706 aliis
2080 685 2150 714 pre·

1178 724 1303 745 camur:
1339 717 1421 754 quod
1455 718 1515 756 piis
1545 718 1694 748 omnibus
1726 722 1775 749 est
1805 718 2038 758 promiscuum.
2086 717 2150 748 Sed

1180 757 1259 788 haec
1281 757 1470 796 benedictio,
1505 761 1595 791 cuius
1630 761 1794 800 apostolus
1828 760 1986 796 meminit,
2022 760 2152 790 maioris

1179 807 1228 830 est
1257 801 1426 839 potestatis
1456 802 1647 840 symbolum.
1695 803 1744 833 Ita
1767 803 1860 834 Isaac
1891 802 2056 834 benedixit
2087 802 2152 833 filio

1178 852 1236 873 suo
1266 842 1371 879 Iacob,
1402 848 1433 873 01
1464 843 1557 874 Iacob
1588 846 1655 883 ipse
1686 846 1851 877 benedixit
1880 846 1947 877 suis
1978 845 2152 885 nepotibus

1179 885 1339 925 Ephraim
1356 891 1388 916 et
1404 885 1565 916 Manasse.
1589 887 1701 927 Neque
1718 889 1803 919 enim
1822 888 1881 919 fuit
1896 887 1975 919 illud
1992 893 2152 927 mutuum,

1178 934 1214 958 ut
1238 938 1295 967 par
1319 928 1454 959 referret
1484 928 1569 959 filius
1593 930 1693 969 patri:
1724 931 1779 961 sed
1801 931 1902 962 maior
1931 931 2089 962 autoritas
2113 930 2153 961 ad

1179 971 1357 1011 legitimam
1390 970 1645 1002 benedictionem
1679 974 1913 1012 requirebatur.
1960 973 2054 1012 Quod
2092 984 2152 1005 me-

1178 1013 1241 1044 lius
1276 1018 1422 1045 constare
1457 1019 1562 1053 potest
1595 1025 1635 1045 ex
1673 1021 1763 1046 sexto
1798 1015 2013 1047 NumerOrum
2051 1017 2155 1056 capite

1180 1056 1224 1097 (v.
1241 1056 1306 1098 23),
1337 1057 1391 1087 ubi
1416 1062 1585 1096 postquam
1609 1057 1828 1089 sacerdotibus
1859 1058 1969 1089 datum
1993 1062 2042 1090 est
2065 1069 2155 1089 man-

1180 1099 1290 1131 datum
1315 1099 1524 1131 benedicendi
1549 1100 1669 1140 populi,
1693 1101 1802 1132 statim
1827 1102 1994 1140 promissio
2014 1101 2154 1139 additur,

1180 1143 1365 1174 benedictos
1396 1143 1462 1174 fore
1493 1143 1610 1182 quibus
1642 1143 1878 1174 benedixerint.
1925 1144 1994 1175 Hoc
2023 1145 2156 1184 inquam

1180 1186 1250 1217 iure
1273 1186 1411 1217 subnixa
1434 1190 1483 1217 est
1506 1185 1714 1217 sacerdotalis
1737 1186 1926 1223 benedictio,
1952 1192 1986 1217 ut
2005 1198 2068 1218 uon
2089 1194 2156 1218 tam

1181 1228 1322 1259 hominis
1346 1229 1389 1260 sit
1411 1239 1507 1268 quam
1532 1229 1602 1259 Dei.
1649 1228 1733 1260 Nam
1758 1233 1793 1260 ut
1819 1229 1968 1260 sacerdos
2000 1229 2033 1260 in
2068 1230 2156 1261 victi-

1183 1272 1244 1302 mis
1267 1270 1473 1302 immolandis
1490 1271 1614 1302 Christi
1638 1271 1724 1303 vices
1748 1271 1889 1312 gerebat,
1914 1271 1960 1302 ita
1982 1272 2015 1302 in
2040 1272 2156 1312 populo

1183 1314 1410 1352 benedicendo,
1445 1314 1526 1345 nihil
1557 1324 1653 1354 quam
1685 1315 1833 1346 minister
1863 1320 1895 1345 et
1928 1314 2055 1354 legatus
2089 1320 2157 1346 erat

1183 1358 1299 1389 summi
1332 1358 1402 1388 Dei.
1447 1357 1489 1387 In
1523 1356 1609 1389 hunc
1642 1367 1773 1389 sensum
1808 1357 1909 1397 accipi
1943 1357 2039 1388 debet
2072 1357 2158 1397 quod

1183 1401 1281 1431 refert
1311 1400 1419 1432 Lucas
1449 1399 1513 1441 (24,
1537 1400 1602 1440 50),
1638 1400 1808 1432 Christum
1841 1399 1978 1431 sublatis
2008 1401 2158 1432 manibus

1183 1443 1344 1484 apostolos
1368 1443 1583 1474 benedixisse.
1629 1443 1743 1474 Ritum
1766 1442 1857 1474 illum
1886 1442 2018 1473 tollendi
2043 1453 2158 1474 manus

1183 1485 1402 1527 proculdubio
1418 1495 1436 1516 a
1452 1485 1675 1518 sacerdotibus
1691 1490 1861 1517 mutuatus
1878 1490 1934 1523 est,
1948 1490 1984 1516 ut
1999 1496 2033 1517 se
2049 1491 2158 1517 osten-

1184 1529 1274 1561 deret
1304 1539 1376 1560 eum
1401 1539 1470 1560 esse
1499 1539 1556 1569 per
1585 1539 1679 1569 quem
1703 1528 1796 1560 Deus
1819 1529 1919 1560 Pater
1948 1527 2040 1560 nobis
2064 1528 2159 1560 bene-

1184 1572 1277 1604 dicat.
1316 1571 1367 1603 De
1392 1572 1451 1604 hac
1470 1582 1596 1612 quoque
1621 1571 1841 1603 benedictione
1859 1571 1982 1603 mentio
2006 1572 2043 1602 fit
2066 1569 2157 1602 Psal-

1183 1625 1235 1647 mo
1266 1615 1337 1655 116,
1370 1615 1418 1653 17,
1453 1620 1483 1646 et
1512 1615 1583 1653 118,
1615 1615 1643 1645 1.
1704 1614 1798 1646 Nunc
1832 1614 1928 1645 istam
1962 1614 2158 1646 sententiam

1183 1657 1459 1690 accommodemus
1483 1657 1522 1689 ad
1546 1658 1578 1688 id
1601 1657 1685 1698 quod
1708 1656 1873 1697 apostolus
1889 1661 2014 1688 tractat.
2053 1657 2159 1689 Bene-

1184 1701 1280 1733 dictio
1312 1700 1520 1732 sacerdotalis
1551 1710 1648 1741 quum
1684 1699 1831 1731 divinum
1863 1700 1904 1730 sit
1934 1709 2024 1738 opus,
2059 1699 2158 1731 simul

1183 1745 1315 1776 maioris
1338 1748 1387 1774 est
1411 1743 1543 1774 honoris
1563 1743 1795 1774 testimouium.
1831 1743 1920 1783 Ergo
1940 1742 2158 1774 Melchisedec

1184 1787 1335 1819 Abrahae
1361 1785 1579 1818 benedicendo
1602 1786 1803 1826 superiorem
1833 1785 1939 1817 locum
1963 1785 2026 1816 sibi
2048 1795 2158 1825 sump-

1184 1831 1235 1862 sit.
1282 1830 1354 1861 Non
1379 1830 1452 1861 fecit
1475 1829 1535 1860 hoc
1559 1832 1688 1866 temere,
1713 1828 1768 1860 sed
1793 1838 1850 1868 pro
1872 1829 1942 1859 iure
1967 1827 2159 1860 sacerdotali

1184 1883 1261 1914 ergo
1294 1872 1415 1904 eminet
1444 1882 1541 1912 supra
1573 1871 1749 1903 Abraham.
1796 1872 1896 1911 Atqui
1929 1870 2097 1902 Abraham
2131 1871 2159 1902 is

1185 1922 1233 1948 est
1255 1926 1328 1947 cum
1352 1926 1413 1956 quo
1445 1915 1597 1955 diguatus
1624 1919 1672 1946 est
1695 1914 1784 1945 Deus
1812 1913 1928 1945 salutis
1959 1913 2071 1945 foedus
2103 1923 2159 1953 pa-

1184 1959 1268 1990 cisci.
1303 1958 1391 1998 Ergo
1412 1968 1511 1998 quum
1535 1958 1667 1997 reliquis
1682 1956 1831 1988 omnibus
1850 1956 2032 1997 praecellat,
2057 1966 2076 1988 a
2092 1956 2160 1987 solo

1185 2001 1400 2034 Melchisedec
1423 2005 1604 2040 superatur.

1270 2045 1298 2076 8.
1330 2043 1379 2075 De
1409 2053 1469 2083 quo
1497 2045 1640 2076 testatum
1668 2045 1712 2075 est
1734 2043 1816 2083 quod
1843 2042 1936 2073 vivat.
1983 2041 2160 2073 Silentium

1186 2088 1224 2119 de
1256 2091 1357 2118 morte
1387 2086 1438 2127 (ut
1459 2087 1523 2118 iam
1555 2087 1643 2127 prius
1667 2085 1748 2127 dixi)
1778 2096 1835 2126 pro
1866 2086 1952 2116 vitae
1975 2085 2161 2116 testimonio

1186 2131 1308 2171 accipit.
1355 2130 1427 2161 Non
1457 2129 1580 2161 valeret
1609 2129 1669 2161 hoc
1700 2128 1829 2169 quidem
1857 2128 1892 2159 in
1922 2127 2006 2160 aliis:
2038 2127 2095 2159 sed
2124 2128 2159 2158 10

1186 2173 1401 2205 Melchisedec
1423 2177 1582 2212 quatenus
1606 2173 1712 2212 imago
1733 2176 1782 2203 est
1805 2171 1940 2208 Christi,
1964 2171 2079 2202 merito
2103 2179 2160 2202 va-

1185 2217 1252 2248 lere
1269 2216 1372 2247 debet.
1404 2215 1490 2247 Nam
1512 2216 1587 2255 quia
1603 2215 1656 2247 1110
1672 2215 1780 2255 agitur
1796 2214 1835 2245 de
1851 2213 2015 2254 spirituali
2034 2212 2160 2245 Christi

1186 2270 1286 2300 regno
1310 2264 1341 2290 et
1363 2258 1551 2296 sacerdotio,
1581 2258 1663 2289 nihil
1694 2257 1755 2289 loci
1785 2257 1938 2289 humanis
1967 2255 2160 2288 coniecturis

1186 2303 1398 2342 relinquitur:
1441 2311 1500 2332 000
1531 2301 1614 2333 scire
1653 2300 1741 2332 aliud
1775 2300 1824 2331 fas
1857 2305 1906 2332 est
1943 2309 2040 2340 quam
2075 2298 2160 2339 quod

1186 2345 1355 2386 scripturis
1378 2343 1541 2384 proditum
1564 2343 1711 2384 legimus.
1757 2342 1871 2383 Neque
1894 2352 1973 2374 vero
1997 2342 2072 2373 hinc
2095 2341 2160 2373 col-

1186 2388 1279 2429 ligas,
1309 2387 1472 2419 hominem
1495 2386 1588 2418 illum
1617 2387 1673 2427 qui
1695 2385 1848 2417 Abrahae
1876 2385 2025 2425 occurrit,
2054 2383 2160 2416 adhuc

1186 2432 1312 2463 vivere:
1336 2430 1432 2462 sicuti
1454 2429 1622 2470 pueriliter
1652 2429 1782 2469 quidam
1805 2429 1918 2470 nugati
1941 2432 2027 2460 sunt.
2073 2427 2159 2458 Nam

1186 2474 1246 2506 hoe
1268 2474 1307 2505 ad
1337 2473 1475 2504 alienam
1506 2482 1678 2513 personam
1701 2482 1798 2511 quam
1821 2471 2011 2511 sustinebat,
2042 2479 2160 2511 nempe

1187 2516 1245 2549 filii
1272 2516 1345 2554 Dei,
1376 2515 1525 2547 refertur.
1571 2515 1745 2547 Caeterum
1778 2514 1830 2546 his
1860 2515 1966 2546 verbis
1992 2513 2158 2554 apostolus

1185 2559 1361 2597 contendit,
1392 2557 1584 2599 dignitatem
1613 2556 1783 2589 sacerdotii
1805 2556 2024 2589 Melchisedec
2046 2565 2158 2596 perpe-

1186 2607 1276 2634 tuam
1305 2612 1384 2639 esse,
1415 2601 1536 2633 levitici
1563 2610 1640 2632 vero
1664 2599 1885 2640 temporalem.
1923 2599 1978 2632 Sic
2000 2599 2086 2630 00101
2108 2607 2159 2628 ra-

1187 2645 1368 2683 tiocinatur,
1391 2644 1436 2675 Hi
1459 2643 1578 2685 quibus
1600 2643 1740 2675 decimas
1763 2643 1817 2675 lex
1832 2643 1985 2684 assignat,
2010 2640 2158 2672 homines

1921 2700 1954 2727 s·
