2513 3126
291 209 351 240 367
1094 208 1233 240 ffl’ls'r.
1257 208 1479 241 IOHANNis
2215 211 2278 244 368

379 305 478 338 Porro
508 306 560 336 hoc
589 307 632 335 cst
654 303 861 335 testimonium
883 303 955 340 Dei,
977 304 1058 344 quod
1080 304 1260 344 testificatus

292 352 335 381 est
357 349 393 380 dc
412 349 478 387 filio
500 356 567 378 suo.
614 347 662 378 10
698 346 760 385 Qui
781 346 877 378 credit
899 347 934 377 in
954 347 1055 385 filium
1078 347 1150 386 Dei,
1173 347 1260 379 habet

289 392 494 423 testimonium
518 390 551 420 in
573 399 604 420 se
626 390 703 428 ipso,
725 389 780 428 qui
802 398 864 420 non
885 389 980 421 credit
996 389 1071 427 Deo,
1085 390 1259 422 mendacem

289 434 361 473 fecit
387 443 472 464 mni:
501 432 576 471 quia
598 442 658 463 non
680 431 809 462 credidit
831 432 866 463 in
887 433 1095 464 testimonium
1117 433 1198 472 quod
1219 435 1259 464 te-

289 476 439 515 stificatus
467 477 511 506 est
533 474 621 506 Deus
642 474 679 506 de
699 474 765 513 filio
787 484 852 506 suo.
900 475 948 506 11.
973 474 1014 506 Et
1036 475 1091 507 hoc
1112 478 1156 507 est
1177 476 1257 507 testi-

289 519 433 555 monium,
464 518 545 557 quod
574 518 669 548 vitam
698 519 854 548 aeternam
886 517 969 549 dedit
994 517 1082 549 nobis
1103 517 1209 550 Deus.-
1230 521 1257 550 et

289 561 359 592 haec
381 561 445 591 vita
468 561 502 591 in
522 560 589 599 filio
611 560 679 591 eius
701 562 754 591 est.
801 559 851 590 12.
878 560 939 599 Qui
960 560 1047 592 habet
1066 560 1178 600 filium,
1204 561 1258 593 ha-

288 604 332 634 bet
357 603 465 634 vitam.-
489 603 543 642 qui
567 613 625 634 non
648 602 736 634 habet
757 601 860 641 filium
882 602 955 642 Dei,
977 603 1073 635 vitam
1088 614 1148 636 mm
1162 603 1257 636 habet.

376 687 442 719 Hoc
463 691 505 720 est
529 688 746 719 testimonium.
793 687 957 720 Particula
979 690 1036 729 ὅτι,
1051 698 1181 720 causam
1206 689 1257 721 hic

288 741 353 763 non
379 737 476 768 notat,
502 731 557 761 sed
575 736 702 761 tantum
720 731 883 771 exegetica
901 732 1034 771 capitur.
1078 731 1255 772 Postquam

288 774 375 805 enim
407 773 575 804 admonuit
605 772 786 813 apostolus,
818 773 924 805 Deum
956 774 1056 806 multo
1086 774 1160 814 plus
1183 774 1257 805 fidei

287 816 404 848 mereri
428 826 524 855 quam
549 816 710 847 homines:
735 825 821 847 nunc
843 816 983 855 subiicit,
1007 816 1129 847 nullam
1148 817 1257 848 haberi

288 869 382 899 posse
407 859 502 890 fidem
534 857 614 895 Deo,
640 858 702 889 nisi
729 858 891 890 credendo
915 859 948 890 in
973 859 1159 891 Christum:
1183 861 1258 899 quia

289 902 380 933 Deus
417 900 504 933 hunc
540 901 645 932 solum
680 901 771 933 nobis
805 901 967 942 proponit,
1001 907 1033 933 et
1065 902 1097 932 in
1132 912 1168 933 eo
1203 912 1259 934 nos

289 944 383 975 sistit.
437 943 526 976 Hinc
552 943 685 984 colligit,
709 954 767 975 nos
790 949 860 975 tuto
883 950 914 976 et
937 944 1120 984 tranquillis
1143 945 1260 976 animis

289 987 322 1018 in
347 986 515 1018 Christum
546 986 686 1024 credere,
717 987 869 1027 quoniam
893 989 1065 1018 autoritate
1088 997 1147 1018 sua
1171 987 1261 1018 Deus

290 1029 384 1061 fidem
415 1034 561 1060 nostram
592 1035 725 1060 asserat.
778 1029 845 1061 Neo
871 1029 949 1061 dicit
973 1030 1078 1061 Deum
1102 1036 1194 1061 extra
1218 1030 1263 1060 lo-

289 1072 354 1112 qui,
370 1071 427 1103 sed
444 1081 708 1112 unumquemque
724 1072 850 1112 piorum
874 1073 962 1104 intus
985 1073 1018 1103 in
1039 1082 1073 1103 se
1096 1072 1166 1112 ipso
1189 1083 1260 1103 eum

290 1115 410 1146 sentire
433 1115 508 1146 fidei
532 1125 609 1146 suae
631 1121 788 1146 autorem.
842 1114 936 1147 Unde
952 1120 1085 1154 apparet
1105 1120 1262 1154 quantum

290 1167 308 1188 a
332 1157 394 1189 fide
423 1157 552 1188 differat
573 1158 663 1188 fluxa
686 1158 804 1198 opinio,
829 1168 911 1197 quae
933 1157 1064 1189 aliunde
1087 1157 1214 1197 pendet.

378 1200 425 1232 10.
462 1200 525 1239 Qui
553 1210 614 1231 non
636 1200 742 1232 credit.
789 1199 881 1232 Sicut
903 1200 964 1232 hoc
987 1199 1059 1230 boni
1085 1200 1206 1231 habent
1228 1201 1264 1232 fi-

292 1243 389 1282 deles,
413 1243 496 1283 quod
520 1253 554 1275 se
578 1247 672 1274 extra
694 1243 824 1274 errandi
848 1243 1025 1283 periculum
1049 1253 1118 1274 esse
1136 1249 1264 1283 norunt,

291 1287 367 1326 quia
378 1287 412 1317 in
428 1285 500 1316 Deo
523 1290 600 1316 sunt
623 1285 761 1316 fundati:
786 1286 831 1316 ita
855 1286 969 1325 impios
991 1291 1157 1317 extremae
1180 1285 1263 1318 blas·

290 1328 441 1370 phemiae
472 1338 543 1360 reos
576 1328 662 1366 facit,
695 1328 769 1368 quia
797 1327 903 1359 Deum
931 1328 1090 1360 mendacii
1114 1334 1262 1369 arguant.

291 1371 389 1403 Certe
423 1370 506 1402 nihil
538 1370 609 1402 Deo
642 1371 811 1410 pretiosius
845 1375 893 1401 est
923 1381 1019 1410 quam
1043 1381 1101 1402 sua
1126 1372 1261 1403 veritas:

291 1424 390 1454 quare
419 1413 510 1444 nulla
537 1413 584 1444 illi
613 1414 751 1445 atrocior
779 1413 898 1444 iniuria
927 1414 996 1444 fieri
1028 1418 1143 1455 potest,
1166 1424 1261 1454 quam

292 1457 369 1488 dum
403 1456 463 1488 hoc
497 1456 618 1487 honore
651 1456 816 1496 spoliatur.
871 1456 961 1497 Ergo
986 1461 1022 1487 ut
1053 1467 1110 1488 nos
1133 1456 1173 1487 ad
1195 1467 1260 1489 cre-

291 1499 433 1530 dendum
470 1498 593 1535 incitet,
630 1504 859 1539 argumentum
896 1509 916 1530 a
953 1500 1115 1531 contrario
1151 1500 1258 1531 sumit.

291 1541 372 1573 Nam
407 1542 434 1573 si
463 1541 569 1573 Deum
593 1541 696 1573 facere
730 1541 928 1580 mendaeem,
960 1541 1124 1574 horribilis
1157 1549 1207 1574 est
1228 1547 1262 1574 et

291 1584 489 1616 exsecranda
518 1584 684 1624 impietas:
714 1585 790 1624 quia
822 1590 908 1622 tune,
939 1585 1025 1625 quod
1052 1585 1098 1616 illi
1122 1586 1262 1617 maxime

291 1628 459 1669 proprium
497 1631 554 1664 est,
593 1627 749 1667 eripitur:
787 1627 859 1667 quis
898 1638 961 1659 non
999 1627 1131 1659 horreat
1167 1627 1261 1660 fidem

291 1670 459 1712 evangelio
490 1670 654 1710 derogare,
682 1670 716 1701 in
751 1680 815 1711 quo
851 1670 940 1702 Deus
974 1671 1068 1702 unice
1102 1682 1203 1702 verax
1229 1676 1262 1702 et

294 1713 399 1744 fidelis
423 1713 494 1744 vult
525 1712 660 1744 haberi?
704 1712 776 1744 Hoc
803 1712 977 1753 diligenter
999 1713 1179 1745 notandum
1202 1719 1260 1745 est.

292 1756 458 1788 Mirantur
492 1755 591 1795 aliqui
628 1766 686 1787 cur
722 1758 892 1796 tantopere
928 1756 1020 1788 Deus
1049 1757 1146 1788 fidem
1179 1767 1263 1788 com-

293 1798 432 1837 mendet,
463 1808 521 1829 eur
552 1804 617 1829 tam
641 1809 752 1830 severe
776 1799 948 1830 damnetur
970 1799 1196 1831 incredulitas:
1218 1804 1263 1831 at-

293 1842 349 1882 qui
379 1841 432 1873 hic
462 1841 602 1872 vertitur
637 1851 766 1872 summa
795 1841 858 1873 Dei
886 1841 997 1882 gloria.

293 1884 502 1925 praecipuum
539 1884 687 1915 veritatis
725 1895 802 1915 suae
838 1884 1002 1925 specimen
1034 1885 1066 1916 in
1094 1885 1264 1926 evangelio

294 1927 389 1958 edere
413 1927 560 1963 voluerit,
585 1926 666 1957 nihil
689 1927 733 1958 illi
762 1927 884 1959 faciunt
906 1927 1066 1967 reliquum
1083 1928 1264 1968 quicunque

294 1969 436 2001 oblatum
459 1969 526 2002 illie
550 1969 719 2004 Christum
748 1972 917 2010 respuunt.
963 1970 1073 2009 Quare
1097 1975 1133 2002 ut
1156 1981 1264 2011 quem·

294 2012 381 2052 piam
412 2012 446 2043 in
477 2012 612 2052 reliquis
642 2013 729 2044 vitae
752 2012 897 2053 partibus
921 2013 1035 2044 demus
1058 2014 1174 2054 angelo
1196 2023 1265 2045 esse

295 2064 422 2095 parem:
454 2054 611 2087 diabolica
627 2060 738 2086 tamen
761 2061 810 2087 est
832 2056 900 2087 eius
923 2056 1087 2094 sanctitas,
1114 2056 1268 2096 quamdiu

296 2097 467 2128 Christum
489 2097 602 2129 reiicit.
640 2097 745 2129 Sicuti
760 2097 914 2138 quosdam
933 2098 966 2129 in
984 2105 1104 2139 papatu
1120 2099 1268 2131 videmus

296 2140 403 2171 nescio
425 2150 490 2180 qua
512 2140 743 2171 sanctimoniae
766 2141 860 2172 larva
885 2141 1026 2172 multum
1049 2142 1110 2173 sibi
1129 2142 1266 2182 plaeere:

297 2193 396 2223 quum
445 2187 555 2213 tamen
599 2183 850 2215 obstinatissime
895 2184 1064 2225 evangelio
1102 2185 1265 2216 resistant.

296 2225 386 2266 Ergo
410 2230 579 2257 teneamus
603 2225 663 2257 hoc
687 2226 816 2265 pietatis
839 2227 966 2258 initium
991 2238 1071 2266 esse,
1087 2227 1265 2260 doctrinam

296 2267 386 2299 illam
421 2267 608 2300 obedienter
642 2268 803 2308 amplecti,
837 2279 935 2309 quam
970 2270 1048 2302 adeo
1074 2276 1186 2302 sancte
1208 2280 1265 2310 pro

297 2316 482 2343 testimonio
505 2318 652 2342 asseruit.

384 2354 434 2386 11.
468 2354 554 2393 Quod
582 2354 681 2385 vitam
708 2356 863 2385 aeternam
892 2354 983 2386 dedit.
1029 2355 1125 2387 Nunc
1151 2365 1265 2396 propo-

297 2397 359 2428 sito
382 2398 500 2435 fructu,
516 2397 556 2427 ad
572 2396 768 2428 eredendum
785 2407 843 2428 nos
859 2397 985 2429 invitat.
1030 2398 1121 2429 Haec
1137 2398 1264 2438 quidem

298 2438 369 2470 Deo
393 2440 576 2471 reverentia
600 2438 744 2478 debetur,
768 2445 804 2470 ut
826 2440 978 2480 quidquid
1001 2441 1094 2472 nobis
1117 2441 1265 2481 affirmat,

298 2482 446 2521 protinus
470 2483 512 2513 sit
534 2487 628 2513 extra
650 2483 913 2514 controversiam
958 2483 1024 2515 Sed
1047 2484 1101 2515 ubi
1123 2484 1264 2524 gratuito

299 2525 401 2555 vitam
428 2524 520 2556 nobis
547 2525 652 2565 offert,
674 2524 876 2565 ingratitudo
899 2526 1030 2557 minime
1054 2526 1184 2558 ferenda
1207 2531 1264 2564 est,

299 2567 360 2598 nisi
385 2570 533 2608 prompta
555 2567 618 2599 fide
641 2573 708 2599 tam
735 2568 905 2599 amabilem
929 2579 1123 2609 suavemque
1147 2569 1261 2600 doctri-

300 2620 374 2640 nam
407 2610 595 2650 excipimus.
647 2610 691 2641 Et
721 2616 807 2642 certe
835 2611 869 2641 in
897 2611 983 2643 hunc
1006 2612 1103 2643 finem
1127 2612 1264 2643 tendunt

299 2652 434 2692 apostoli
471 2653 578 2693 verba,
609 2663 673 2684 non
701 2653 796 2685 modo
825 2658 1014 2685 reverenter
1050 2654 1263 2687 obediendum

1311 316 1380 337 esse
1404 303 1581 344 evangelio,
1605 315 1644 336 ne
1668 304 1737 337 Deo
1759 305 1859 337 simus
1875 305 2001 337 iniurii:
2025 305 2083 338 sed
2103 306 2276 340 amandum

1311 348 1407 379 etiam
1432 347 1510 378 illud
1533 357 1612 384 esse,
1635 348 1711 388 quin
1735 348 1835 379 vitam
1860 353 2022 379 aeternam
2048 348 2138 380 nobis
2155 349 2277 382 afferat.

1313 390 1407 423 Unde
1437 389 1533 420 etiam
1561 372 1742 431 colligimus
1773 390 1849 430 quid
1881 391 2022 422 maxime
2051 391 2085 422 in
2109 392 2278 433 evangelio

1312 431 1532 472 quaerendum
1563 432 1620 463 sit·
1652 443 1767 473 nempe
1796 434 1975 472 gratuitum
2004 433 2119 466 salutis
2147 434 2278 467 donum.

1312 475 1393 506 Nam
1425 473 1509 514 quod
1537 474 1603 507 illic
1634 474 1726 507 Deus
1753 475 1793 507 ad
1818 476 2048 515 poenitentiam
2071 479 2104 508 et
2128 477 2278 509 timorem

1312 528 1368 548 nos
1400 517 1558 557 hortatur,
1589 528 1651 549 non
1683 518 1777 550 debet
1807 528 1825 549 a
1848 518 1972 550 Christi
1995 519 2101 559 gratia
2123 521 2276 559 separari.

1313 562 1419 599 Atque
1451 564 1486 590 ut
1509 569 1567 591 nos
1590 571 1720 600 prorsus
1743 561 1776 592 in
1800 560 1932 592 Christo
1954 561 2092 593 retineat
2115 563 2278 602 apostolus

1312 603 1427 633 iterum
1463 603 1581 642 repetit
1613 604 1770 634 contineri
1805 604 1838 634 in
1873 604 1942 644 ipso
1977 604 2094 636 vitam:
2122 615 2158 636 nc
2181 606 2207 636 si
2231 605 2278 636 di-

1310 648 1406 683 ceret,
1439 654 1502 675 non
1533 645 1621 676 aliud
1651 645 1875 686 adipiscendae
1906 646 1991 677 vitae
2022 646 2163 678 medium
2187 647 2278 680 nobis

1311 698 1329 718 a
1353 688 1421 718 Deo
1444 693 1535 726 patre
1557 688 1665 719 statui.
1711 691 1758 720 Ac
1782 689 1844 720 tria
1868 688 1996 729 quidem
2020 690 2208 721 summatim
2228 690 2279 722 bic

1311 730 1499 768 complexus
1523 736 1571 762 est
1595 730 1758 770 apostolus
1787 743 1793 762 :
1820 741 1878 763 nos
1901 731 2022 763 scilicet
2045 742 2157 763 omnes
2184 733 2278 764 morti

1312 773 1455 803 addictos
1478 782 1556 813 csse,
1581 773 1682 805 donec
1704 773 1793 805 Deus
1816 775 1958 815 gratuita
1984 785 2042 805 sua
2059 775 2202 806 bonitate
2218 786 2278 807 nos

1315 816 1347 846 in
1378 815 1478 845 vitam
1511 816 1668 847 restituat.
1714 817 1836 856 Aperte
1859 818 1944 848 enim
1969 817 2157 857 pronuntiat
2179 818 2280 849 vitam

1313 868 1331 888 a
1362 857 1429 888 Deo
1459 857 1586 889 donari:
1620 858 1706 889 unde
1736 865 1767 890 et
1794 859 1863 899 ipsa
1887 870 1944 891 nos
1968 860 2100 891 destitui
2123 860 2280 900 sequitur,

1314 910 1371 931 nec
1402 900 1525 932 meritis
1549 911 1641 940 posse
1665 902 1795 942 acquiri.
1843 902 1969 934 Deinde
1993 902 2077 934 hanc
2103 903 2199 934 vitam
2227 913 2281 934 no-

1314 943 1361 974 bis
1384 953 1441 982 per
1465 943 1670 984 evangelium
1693 945 1832 976 conferri
1857 944 1959 984 docet,
1982 945 2059 985 quia
2081 945 2147 977 illio
2172 946 2282 985 patefit

1315 986 1375 1016 Dei
1400 986 1526 1017 bonitas
1550 993 1581 1017 et
1604 993 1758 1026 paternus
1781 997 1857 1028 erga
1884 998 1941 1018 nos
1967 998 2066 1019 amor.
2111 987 2280 1020 Postremo

1315 1038 1377 1059 non
1401 1028 1495 1059 aliter
1517 1029 1586 1060 eius
1610 1030 1694 1060 vitae
1719 1040 1776 1061 nos
1800 1030 1869 1061 fieri
1899 1036 2061 1070 compotes
2084 1029 2171 1071 dicit,
2187 1041 2283 1071 quam

1316 1071 1391 1101 dum
1414 1071 1477 1102 fide
1500 1071 1533 1102 in
1556 1071 1723 1103 Christum
1746 1073 1931 1104 inserimur.

1404 1114 1453 1145 12.
1491 1114 1551 1153 Qui
1584 1124 1643 1146 non
1677 1114 1776 1146 habet.
1811 1115 1872 1146 Est
1905 1115 2072 1154 proximae
2106 1115 2284 1148 sententiae

1317 1156 1529 1187 confirmatio.
1558 1155 1717 1189 Sul'ficere
1746 1157 1874 1198 quidem
1904 1157 1984 1189 illud
2008 1157 2154 1196 debebat,
2177 1158 2286 1190 Deum

1318 1210 1378 1229 non
1407 1198 1483 1230 alibi
1510 1209 1607 1240 quam
1644 1201 1679 1231 in
1708 1200 1839 1232 Christo
1871 1200 1971 1232 vitam
2001 1200 2120 1233 locasse
2150 1205 2185 1232 ut
2208 1200 2285 1233 inde

1318 1246 1461 1282 petatur:
1498 1252 1610 1274 verum
1635 1253 1675 1274 ne
1697 1243 1770 1283 quis
1793 1243 1855 1274 alio
1890 1243 2047 1281 deflectat,
2078 1253 2097 1274 a
2119 1253 2175 1283 spe
2199 1244 2284 1276 vitae

1316 1285 1459 1316 excludit
1489 1295 1601 1317 omnes
1631 1286 1685 1326 qui
1714 1296 1784 1316 eam
1808 1286 1842 1316 in
1869 1285 2002 1318 Christo
2025 1295 2090 1316 non
2114 1291 2284 1326 quaerunt.

1316 1328 1444 1359 Scimus
1475 1328 1552 1368 quid
1582 1329 1624 1359 sit
1647 1328 1764 1360 habere
1788 1328 1976 1360 Christum:
1999 1339 2075 1360 nam
2100 1328 2162 1360 fide
2185 1330 2282 1368 possi-

1316 1370 1423 1402 detur:
1459 1371 1527 1402 vita
1560 1381 1637 1412 ergo
1670 1371 1778 1410 privat
1811 1381 1922 1403 omnes
1956 1371 2010 1411 qui
2043 1371 2142 1402 alieni
2171 1378 2285 1404 sunta

1316 1412 1438 1444 Christi
1474 1423 1616 1454 corpore.
1669 1413 1733 1446 Sed
1764 1413 1891 1445 videtur
1922 1413 1982 1446 hoc
2011 1413 2129 1445 rationi
2153 1414 2285 1446 minime

1314 1461 1579 1488 consentaneum:
1626 1466 1702 1488 nam
1740 1467 1884 1488 summos
1923 1457 2007 1488 viros
2043 1456 2216 1495 exstitisse,
2253 1462 2286 1488 et

1315 1498 1450 1531 heroicis
1477 1499 1652 1531 virtutibus
1678 1499 1840 1539 praeditos
1869 1499 2021 1531 historiae
2050 1505 2199 1530 narrant:
2231 1500 2286 1539 qui

1315 1546 1423 1572 tamen
1447 1552 1465 1573 a
1491 1542 1625 1574 Christo
1642 1553 1772 1583 prorsus
1791 1548 1885 1574 erant
1902 1541 2062 1574 extranei.
2095 1541 2285 1573 Absurdum

1314 1590 1421 1616 autem
1445 1585 1583 1624 videtur,
1606 1590 1717 1617 tantae
1740 1586 1958 1625 praestantiae
1981 1584 2063 1615 nihil
2086 1583 2205 1616 habere
2229 1584 2284 1616 ho-

1314 1628 1412 1660 noris.
1455 1628 1658 1669 Respondeo,
1681 1628 1777 1669 longe
1800 1638 1859 1660 nos
1883 1627 1961 1665 falli,
1984 1628 2010 1659 si
2034 1633 2186 1668 putamus
2209 1638 2282 1668 pro-

1315 1671 1383 1702 bari
1413 1671 1483 1703 Deo
1517 1671 1673 1712 quidquid
1703 1671 1736 1702 in
1765 1670 1866 1702 oculis
1894 1670 2012 1702 nostris
2034 1669 2182 1701 excellit:
2207 1671 2285 1711 quin

1314 1714 1419 1754 potius
1449 1714 1500 1754 (ut
1530 1720 1579 1746 est
1601 1713 1687 1754 apud
1708 1713 1834 1745 Lucam
1859 1713 1910 1751 16,
1928 1712 1981 1754 15)
2004 1712 2089 1753 quod
2112 1712 2214 1744 altum
2237 1718 2287 1745 est

1314 1757 1509 1797 hominibus,
1532 1756 1728 1788 abominatio
1751 1761 1801 1787 est
1823 1756 1910 1796 apud
1936 1757 2051 1787 Deum.
2097 1754 2182 1795 Quia
2198 1756 2286 1787 enim

1051 1842 1078 1873 N
1288 1829 1290 1850 ¹,
1315 1800 1505 1832 abscondita.
1542 1805 1591 1831 est
1626 1799 1719 1831 nobis
1749 1798 1854 1831 cordis
1883 1798 2121 1836 immundities,
2149 1803 2287 1831 externa

1083 1852 1134 1873 am
1164 1853 1263 1883 quum

1315 1843 1418 1883 specie
1441 1843 1584 1875 contenti
1607 1852 1734 1874 sumus:
1759 1847 1856 1882 atque
1877 1841 1968 1873 Deus
1997 1841 2057 1873 sub
2073 1841 2134 1873 hac
2149 1841 2288 1874 latentes

1315 1886 1512 1917 foedissimas
1536 1885 1646 1917 sordes
1669 1884 1765 1917 videt.
1817 1884 1932 1925 Itaque
1955 1895 2022 1915 non
2044 1884 2165 1915 mirum
2187 1884 2216 1916 si
2238 1884 2288 1915 illi

1317 1929 1457 1960 foeteant
1478 1929 1639 1969 speciosae
1662 1928 1812 1965 virtutes,
1836 1937 1918 1967 quae
1938 1933 1970 1959 et
1993 1927 2032 1959 ab
2048 1928 2176 1967 impuro
2191 1926 2288 1959 corde

1318 1977 1461 2008 manant,
1496 1981 1601 2011 neque
1630 1971 1663 2002 in
1695 1976 1819 2002 rectum
1851 1971 1949 2001 finem
1981 1969 2127 2002 tendunt.
2183 1969 2288 2001 Porro

1319 2014 1404 2045 unde
1434 2014 1537 2046 cordis
1561 2014 1694 2054 puritas,
1719 2013 1806 2045 unde
1829 2019 1953 2045 rectum
1976 2013 2107 2054 pietatis
2129 2012 2285 2044 studium.

1320 2057 1382 2088 nisi
1416 2067 1434 2088 a
1464 2057 1581 2097 spiritu
1617 2055 1765 2088 Christi?
1806 2055 1897 2087 Nihil
1920 2066 1997 2096 ergo
2019 2055 2115 2087 laude
2138 2055 2285 2096 dignum,

1320 2100 1382 2130 nisi
1412 2100 1446 2130 in
1477 2099 1619 2131 Christo.
1671 2098 1878 2139 Quamquam
1912 2098 1975 2129 alia
2004 2103 2053 2130 est
2082 2098 2175 2138 ratio,
2205 2107 2286 2138 quae

1319 2152 1448 2173 omnem
1472 2142 1701 2173 dubitationem
1718 2142 1841 2173 eximit.
1865 2140 2044 2172 Hominum
2060 2141 2145 2172 enim
2161 2140 2286 2171 iustitia

1320 2185 1353 2216 in
1377 2185 1565 2216 remissione
1595 2191 1800 2224 peccatorum
1825 2184 1887 2215 sita
1909 2188 1967 2215 est.
2012 2183 2107 2215 Hanc
2130 2183 2158 2215 si
2180 2182 2285 2220 tollas,

1318 2233 1406 2259 certa
1440 2227 1502 2259 Dei
1532 2227 1722 2265 maledictio,
1756 2234 1789 2258 et
1817 2237 1904 2258 mors
1934 2229 2066 2258 aeterna
2088 2235 2148 2257 nos
2171 2235 2285 2256 omnes

1318 2275 1437 2301 manet.
1483 2269 1580 2301 Solus
1603 2275 1710 2300 autem
1734 2269 1884 2301 Christus
1907 2273 1955 2300 est
1981 2269 2035 2309 qui
2050 2273 2176 2308 patrem
2194 2267 2285 2300 nobis

1317 2312 1476 2350 conciliat,
1510 2312 1605 2344 sicuti
1639 2322 1713 2343 eum
1746 2312 1845 2344 semel
1879 2311 1991 2343 mortis
2023 2321 2101 2342 suae
2127 2311 2284 2343 sacrificio

1318 2355 1469 2394 placavit.
1531 2354 1627 2387 Unde
1660 2355 1815 2395 sequitur,
1849 2353 1970 2385 nemini
2003 2354 2180 2394 propitium
2213 2363 2284 2385 esse

1318 2397 1434 2438 Deum,
1458 2398 1520 2430 nisi
1542 2397 1577 2428 in
1600 2397 1753 2429 Christo:
1777 2397 1899 2428 nullam
1923 2406 2047 2436 quoque
2074 2396 2136 2428 nisi
2159 2397 2194 2427 in
2215 2395 2284 2436 ipso

1317 2441 1473 2472 iustitiam
1504 2450 1583 2472 esse.
1637 2439 1673 2472 Si
1703 2440 1775 2480 quis
1805 2438 1993 2472 Cornelium
2025 2438 2164 2476 obiiciat,
2187 2448 2285 2479 quem

1317 2483 1426 2515 Lucas
1449 2488 1615 2523 acceptum
1639 2483 1737 2514 fuisse
1753 2481 1824 2513 Deo
1847 2487 1992 2519 testatur,
2016 2481 2203 2522 priusquam
2230 2491 2284 2514 vo·

1317 2532 1407 2558 catus
1437 2529 1522 2558 esset
1552 2525 1592 2557 ad
1608 2525 1704 2556 fidem
1728 2524 1906 2573 evangelii:
1928 2524 2105 2565 respondeo
2132 2524 2284 2562 breviter,

1317 2570 1363 2600 sic
1394 2569 1559 2600 interdum
1582 2578 1677 2609 agere
1704 2567 1811 2599 Deum
1834 2568 1869 2598 in
1892 2567 1993 2604 nobis,
2018 2573 2053 2598 ut
2075 2577 2186 2599 semen
2209 2566 2285 2598 fidei

1317 2622 1382 2642 non
1411 2613 1514 2652 primo
1541 2612 1652 2642 statim
1683 2610 1734 2641 die
1764 2614 1917 2651 emergat.
1969 2609 2042 2641 Non
2072 2610 2186 2641 habuit
2208 2609 2284 2641 Cor-

1317 2654 1421 2687 nelius
1454 2654 1574 2686 claram
1606 2658 1638 2685 et
1672 2652 1845 2685 dilucidam
1880 2652 2004 2685 Christi
2038 2653 2204 2684 notitiam.
2228 2650 2283 2683 sed

2481 1173 2486 1203 Ι

2481 1215 2488 1241 i
