2513 3126
135 201 195 233 421

137 309 216 339 quae
243 299 324 331 enim
354 301 397 331 est
425 299 489 330 vita
511 296 635 330 vestra?
662 304 761 335 vapor
779 297 824 326 est
844 295 958 327 scilicet
980 295 1021 327 ad
1042 295 1107 327 exi-

136 352 235 382 quum
256 344 375 382 tempus
396 350 561 382 apparens,
583 338 691 371 deinde
706 347 902 370 evanescens:
938 337 989 370 15.
1012 347 1108 378 quum

138 385 238 416 dicere
265 385 406 422 debeatis,
442 383 480 416 Si
507 381 664 415 Dominus
691 380 833 418 voluerit,
867 383 895 412 et
922 381 1107 420 vixerimus,

136 427 288 467 faciemus
315 427 368 459 hoc
396 427 443 459 vel
468 425 555 458 illud.
602 423 650 455 16.
676 422 771 454 Nunc
800 425 902 455 autem
923 423 1108 464 yloriamini

136 470 172 502 in
200 470 357 509 superbiis
384 468 503 506 vestris,
533 466 634 498 omnis
659 465 807 507 yloriatio
833 466 908 498 talis
935 466 1020 498 mala
1053 467 1106 497 est.

139 512 188 545 17.
216 512 278 552 Qui
306 522 375 554 erqo
402 512 485 543 novit
510 510 612 549 facere
641 507 760 545 bonum,
793 518 845 541 nec
872 509 958 549 facit,
988 508 1106 549 peccati

135 565 207 587 reus
229 557 281 587 est.

224 640 273 672 13.
295 639 363 680 Aye
383 646 472 678 nunc,
502 639 553 668 etc.
598 636 696 668 Aliud
727 636 896 676 superbiae
927 647 1029 677 genus
1052 637 1105 669 hic

138 683 287 715 damnat:
310 690 425 720 nempe
447 680 532 720 quod
552 679 698 720 plerique
714 689 812 720 quum
830 679 971 720 pendere
986 690 1027 711 ex
1042 679 1105 711 Dei

137 723 339 767 providentia
352 723 514 761 deberent,
526 722 727 754 confidenter
739 726 886 753 statuunt
898 722 974 763 quid
988 722 1105 754 facturi

137 768 220 801 sint:
245 776 365 806 suaque
388 765 520 797 consilia
542 766 577 796 in
600 764 735 805 longum
759 769 887 805 tempus
911 765 1102 806 disponunt:

138 820 176 844 ac
205 810 232 842 si
259 808 392 840 multam
422 817 582 839 annorum
612 808 731 839 seriem
759 807 790 838 in
815 818 913 839 manu
936 808 1104 847 haberent,

135 863 233 894 quum
256 862 297 883 ne
320 851 360 882 de
382 861 446 883 uno
469 851 596 891 quidem
620 854 783 882 momento
806 851 884 882 certi
907 850 984 882 sint.
1030 849 1102 883 Sto-

135 896 231 927 lidam
267 893 423 925 eiusmodi
456 893 645 925 iactantiam
673 892 803 925 Solomo
838 903 965 934 quoque
998 893 1103 934 lepide

134 937 218 970 ridet
232 935 346 978 (Prov.
365 936 416 977 16,
440 935 481 978 1),
504 946 603 977 quum
627 935 714 974 dicit,
739 936 886 967 homines
905 936 1103 968 constituere

133 980 238 1012 animo
262 979 330 1011 vias
360 989 449 1011 suas:
481 980 607 1011 interea
630 978 807 1010 Dominum
834 978 1017 1020 gubernare
1039 978 1101 1010 lin—

131 1032 237 1064 guam.
281 1022 342 1053 Est
370 1026 478 1054 autern
501 1021 595 1054 valde
622 1022 781 1059 insanum,
813 1022 898 1062 quod
926 1032 967 1053 ne
990 1022 1102 1063 lingua

131 1063 260 1106 quidem
283 1065 374 1097 effari
393 1074 573 1106 possumus,
597 1064 840 1105 exsequendum
857 1064 949 1096 nobis
964 1075 1101 1097 sumere.

130 1107 206 1140 Non
233 1107 402 1141 invehitur
422 1108 557 1140 Iacobus
580 1107 614 1139 in
638 1107 788 1148 loquendi
811 1108 959 1147 formam,
988 1107 1044 1139 sed
1067 1107 1101 1139 in

130 1151 309 1183 socordiam
332 1151 432 1182 animi
455 1151 570 1191 potius,
602 1150 687 1191 quod
710 1149 858 1182 homines
882 1150 1031 1191 propriae
1054 1150 1101 1182 in-

130 1193 293 1225 firmitatis
318 1193 409 1225 obliti
442 1194 488 1226 sic
517 1193 725 1226 insolescunt.
787 1193 871 1225 Nam
900 1193 971 1225 fieri
1001 1194 1101 1225 inter-

130 1235 208 1268 dum
239 1240 342 1277 potest
371 1241 407 1267 ut
435 1236 479 1277 pii
509 1236 564 1277 qui
593 1235 632 1267 de
660 1247 694 1268 se
717 1235 861 1267 modeste
883 1237 1038 1274 sentiunt,
1069 1240 1101 1268 et

130 1289 263 1320 gressus
287 1289 361 1311 suos
377 1278 441 1311 Dei
463 1284 545 1311 nutu
563 1279 633 1321 regi
652 1283 842 1320 agnoscunt,
865 1288 900 1311 se
916 1283 1024 1310 tamen
1040 1279 1101 1312 hoc

132 1321 184 1354 vel
210 1321 291 1353 illud
313 1321 454 1355 facturos
478 1322 587 1354 dicant
609 1322 681 1354 sine
703 1322 902 1363 exceptione.
947 1322 1008 1354 Est
1031 1323 1100 1363 qui-

131 1364 204 1397 dem
227 1369 351 1397 rectum
374 1371 407 1397 et
429 1365 519 1404 utile,
542 1375 642 1406 quum
667 1365 700 1396 in
723 1365 867 1396 futurum
893 1370 1020 1405 tempus
1044 1365 1100 1396 ali-

129 1407 205 1448 quid
233 1408 463 1448 promittimus,
493 1418 679 1440 assuescere
706 1407 746 1439 ad
774 1407 833 1439 has
865 1407 1028 1446 formulas,
1065 1407 1101 1440 Si

130 1450 274 1483 Domino
305 1451 411 1483 visum
443 1451 557 1483 fuerit:
587 1456 652 1490 aut,
681 1450 707 1482 si
737 1450 896 1482 Dominus
925 1450 1099 1491 permittet.

132 1493 256 1526 Verum
279 1503 346 1525 non
369 1493 541 1526 iniicienda
563 1498 612 1525 est
634 1493 758 1535 religio,
782 1493 874 1535 quasi
892 1494 1041 1525 omittere
1059 1494 1101 1525 sit

130 1537 231 1568 nefas.
280 1536 365 1568 Nam
395 1537 515 1577 passim
545 1537 578 1568 in
608 1537 777 1578 scripturis
806 1535 944 1577 legimus
972 1541 1101 1569 sanctos

131 1579 193 1612 Dei
217 1589 327 1612 servos
350 1579 468 1620 absque
491 1579 676 1612 conditione
699 1579 845 1620 loquutos
864 1588 934 1611 esse
950 1579 989 1611 de
1006 1579 1102 1611 rebus

131 1622 266 1654 futuris:
296 1632 396 1663 quum
426 1627 536 1654 tamen
567 1623 668 1654 fixum
698 1623 731 1654 in
761 1621 916 1654 memoria
942 1621 1102 1654 haberent

129 1664 211 1697 nihil
242 1675 276 1697 se
306 1675 399 1706 posse
427 1665 490 1697 nisi
520 1665 583 1697 Dei
612 1666 781 1706 permissu.
826 1665 915 1706 Ergo
943 1665 1028 1705 quod
1059 1665 1099 1697 ad

128 1707 213 1740 hanc
241 1707 393 1748 loquendi
423 1707 692 1740 consuetudinem
714 1711 846 1749 spectat,
879 1707 914 1740 Si
938 1708 1099 1740 Dominus

127 1750 227 1791 volet,
259 1755 316 1782 aut
345 1750 448 1782 dabit:
483 1751 594 1783 sedulo
625 1751 665 1783 ab
695 1751 843 1783 omnibus
873 1751 935 1791 piis
964 1751 1099 1783 colenda

128 1799 185 1825 est.
223 1793 289 1826 Sed
305 1793 442 1826 Iacobus
465 1804 575 1826 eorum
599 1798 762 1835 stuporem
786 1794 917 1834 excitat,
941 1794 995 1834 qui
1015 1799 1099 1834 post-

128 1836 239 1868 habito
272 1836 401 1868 divinae
435 1837 655 1877 providentiae
689 1842 851 1878 respectu,
885 1841 987 1868 totum
1019 1837 1098 1869 anni

127 1889 259 1912 cursum
276 1879 336 1911 sibi
352 1880 536 1918 subiiciunt,
558 1890 657 1920 quum
675 1885 874 1911 momentum
891 1880 923 1911 in
940 1884 1097 1920 potestate

128 1932 194 1953 non
225 1922 383 1954 habeant:
410 1922 546 1962 lucrum,
569 1922 655 1963 quod
678 1923 789 1963 procul
811 1923 910 1961 abest,
939 1922 1001 1954 sibi
1024 1933 1097 1963 pro-

127 1965 270 2003 mittunt,
294 1975 394 2005 quum
416 1966 549 1997 minime
573 1969 707 1997 teneant
728 1966 810 2006 quod
834 1970 909 1997 ante
926 1965 1022 2005 pedes
1037 1969 1096 1997 est.

214 2007 264 2039 14.
300 2008 384 2048 Quae
415 2011 459 2040 est
490 2009 572 2040 enim
603 2009 668 2040 vita
697 2008 821 2040 vestra?
872 2008 956 2040 Aliis
986 2008 1097 2040 multis

127 2050 308 2082 rationibus
331 2050 476 2082 fraenare
499 2056 625 2091 poterat
647 2052 780 2083 stultam
797 2051 882 2083 hanc
898 2050 1096 2082 deliberandi

126 2093 301 2125 licentiam.
333 2093 418 2125 Nam
435 2093 582 2126 videmus
597 2099 633 2126 ut
649 2093 812 2126 Dominus
828 2093 971 2134 quotidie
986 2103 1097 2134 super-

126 2135 183 2167 bos
206 2136 284 2168 istos
300 2136 482 2174 frustretur,
506 2137 559 2177 qui
576 2137 746 2178 magnifice
763 2137 891 2177 quidvis
907 2147 941 2168 se
958 2137 1096 2169 facturos

127 2179 330 2219 promittunt.
376 2178 448 2210 Hoc
477 2185 586 2210 tamen
617 2189 681 2210 uno
708 2184 901 2220 argumento
924 2183 1095 2212 contentus

126 2221 197 2260 fuit,
227 2221 309 2261 Quis
338 2222 396 2253 tibi
426 2222 460 2253 in
491 2222 668 2253 crastinum
699 2223 799 2253 vitam
831 2221 994 2262 pollicitus
1025 2223 1095 2254 est?

127 2263 283 2297 Faciesne
306 2270 462 2302 mortuus,
493 2264 578 2305 quod
602 2269 667 2295 tam
690 2274 801 2296 secure
824 2264 965 2296 statuis?
1010 2265 1094 2297 Nam

127 2307 179 2338 cui
197 2307 284 2340 vitae
309 2308 450 2339 brevitas
473 2307 506 2338 in
530 2312 670 2339 mentem
688 2307 787 2346 venit,
810 2307 878 2339 eius
901 2307 994 2339 facile
1011 2317 1095 2340 com-

127 2349 284 2389 primetur
311 2350 454 2390 audacia,
484 2360 526 2381 ne
556 2361 629 2382 suas
659 2349 904 2381 deliberationes
935 2350 1031 2382 nimis
1060 2351 1094 2383 in

129 2392 262 2434 longum
290 2393 468 2434 protendat.
513 2392 585 2424 Imo
609 2402 675 2424 non
697 2393 760 2424 alia
781 2393 905 2424 ratione
928 2397 1095 2434 tantopere

128 2433 188 2466 sibi
211 2435 382 2477 indulgent
399 2436 527 2477 profani
550 2436 706 2473 homines,
730 2436 791 2467 nisi
808 2436 884 2476 quia
899 2446 932 2468 se
948 2436 1094 2469 homines

128 2486 198 2508 esse
230 2478 476 2511 obliviscuntur.
528 2478 753 2511 Similitudine
788 2479 996 2519 vaporis,
1030 2479 1094 2511 ele·

128 2525 244 2560 ganter
266 2521 386 2553 indicat
408 2521 580 2562 plusquam
601 2521 739 2554 evanida
760 2531 830 2553 esse
848 2521 990 2560 consilia,
1014 2532 1094 2563 quae

128 2563 162 2593 in
186 2563 254 2594 sola
276 2564 361 2595 vitae
384 2565 498 2596 umbra
520 2565 711 2596 subsistunt.

216 2604 266 2637 15.
296 2605 335 2637 Si
361 2606 504 2639 dominus
525 2607 663 2640 voluerit.
709 2606 841 2648 Duplex
864 2607 996 2648 ponitur
1019 2617 1094 2639 con-

129 2647 224 2680 ditio:
260 2647 296 2681 Si
327 2649 448 2681 tamdiu
479 2650 599 2682 erimus
628 2651 825 2692 superstites.
879 2650 1023 2682 Deinde:
1056 2649 1093 2683 Si

1026 197 1176 230 CAPUT
1201 198 1241 230 V.

2072 199 2134 232 422

1161 294 1322 326 Dominus
1344 293 1513 327 concedet:
1537 294 1689 335 quoniam
1714 295 1817 327 multa
1838 296 2039 328 intervenire
2062 307 2131 337 pos—

1160 341 1236 369 sunt
1268 348 1350 378 quae
1384 341 1535 369 evertunt
1569 338 1726 378 quidquid
1763 338 1848 379 apud
1882 348 1941 370 nos
1973 343 2131 371 statutum

1160 384 1238 412 erat.
1285 380 1380 412 Caeci
1409 380 1497 411 enim
1521 378 1612 411 nobis
1635 385 1711 411 sunt
1735 381 1832 411 futuri
1855 382 2009 422 temporis
2033 392 2131 414 even-

1161 426 1221 454 tus.
1272 422 1576 454 Voluntatem
1608 422 1762 463 intelligit
1793 434 1855 455 non
1887 435 1968 465 quae
1998 425 2032 456 in
2061 425 2131 466 lege

1160 466 1362 505 exprimitur.
1387 464 1442 497 sed
1465 464 1637 497 consilium
1660 475 1722 505 quo
1746 466 1931 498 moderatur
1954 468 2073 499 omnia.

1246 508 1295 539 16.
1332 508 1426 540 Nunc
1461 510 1564 539 autem
1598 508 1794 549 yloriamini.
1851 509 1902 540 Ex
1937 510 1988 541 his
2023 509 2131 542 verbis

1158 550 1311 592 colligere
1334 551 1418 590 licet,
1443 550 1595 582 Iacobum
1620 551 1692 590 plus
1711 550 1862 591 quiddam
1894 553 2132 592 reprehendere

1158 603 1255 633 quam
1293 593 1453 626 lubricum
1487 603 1676 625 sermonem.
1732 593 2042 634 Gloriamini,
2080 596 2130 627 in-

1158 637 1237 676 quit,
1260 636 1293 667 in
1318 637 1437 668 vestris
1460 636 1638 668 iactantiis:
1669 646 1785 676 nempe
1808 636 1893 676 quod
1917 647 2015 677 quum
2040 638 2129 670 abro-

1158 684 1273 719 garent
1290 679 1360 710 Deo
1383 689 1477 710 suum
1501 679 1685 720 imperium,
1708 679 1769 711 sibi
1793 679 2002 711 nihilominus
2025 681 2130 720 place-

1158 721 1246 752 bant.
1293 721 1367 753 Non
1396 721 1480 762 quod
1510 732 1544 753 se
1568 722 1675 763 palam
1700 722 1770 754 Deo
1794 723 1978 763 praeferant
2001 724 2055 763 qui
2080 724 2130 755 vel

1158 764 1300 795 maxime
1329 765 1432 795 inflati
1462 769 1538 796 sunt
1568 765 1618 796 sui
1641 765 1773 796 fiducia:
1804 764 1860 796 sed
1883 765 1959 805 quia
1981 765 2129 797 inebriati

1157 817 1272 838 sensus
1295 807 1347 838 sui
1369 807 1523 848 vanitate,
1547 807 1630 839 nihil
1653 808 1763 839 minus
1785 818 1883 849 quam
1900 807 2008 840 Deum
2032 810 2130 849 respi-

1156 849 1255 881 ciunt.
1311 849 1355 881 Et
1392 850 1467 889 quia
1504 849 1659 882 eiusmodi
1698 850 1894 882 monitiones
1932 861 1951 882 a
1987 851 2130 891 profanis

1156 891 1343 924 hominibus
1377 895 1589 933 contemptim
1624 893 1731 924 solent
1762 894 1885 934 excipi:
1923 893 1988 926 imo
2020 895 2130 926 statim

1156 935 1286 966 auditur
1316 945 1509 976 responsum
1539 935 1631 976 illud,
1661 935 1721 967 sibi
1749 937 1858 968 notius
1881 946 1951 968 esse
1974 936 2130 977 quidquid

1155 978 1301 1019 affertur,
1321 988 1417 1018 quam
1436 983 1472 1009 ut
1488 979 1610 1010 moneri
1626 988 1708 1019 opus
1724 978 1879 1010 habeant:
1898 979 2128 1020 cognitionem,

1156 1030 1220 1061 qua
1247 1020 1381 1061 gloriari
1404 1025 1567 1062 poterant,
1597 1021 1630 1052 in
1654 1032 1707 1052 eos
1730 1024 1905 1062 retorquet,
1935 1033 1972 1054 eo
1995 1023 2129 1063 gravius

1156 1074 1287 1103 peccare
1315 1074 1369 1096 eos
1397 1064 1626 1104 pronuntians,
1655 1064 1740 1105 quod
1764 1064 1948 1105 ignorantia
1971 1075 2036 1097 non
2059 1075 2129 1105 pec·

1155 1111 1238 1146 cant,
1261 1106 1316 1139 sed
1340 1111 1539 1148 contemptu.

1515 1236 1697 1276 CAPUT
1720 1236 1765 1275 V.

1241 1321 1269 1353 1.
1292 1321 1433 1363 Ayedum
1451 1331 1540 1359 nunc,
1563 1321 1683 1360 divites,
1700 1320 1833 1360 plorate,
1856 1320 2012 1353 ululantes
2033 1331 2130 1362 saper

1153 1363 1291 1396 miseriis
1326 1364 1437 1396 vestris
1469 1374 1548 1404 quae
1578 1364 1740 1396 advenient
1771 1364 1867 1396 vobis.
1920 1364 1952 1396 2.
1985 1364 2128 1397 Divitiae

1153 1409 1273 1439 vestrae
1296 1408 1489 1448 putrefactae
1521 1409 1608 1447 sunt,
1639 1407 1817 1438 vestimenta
1849 1409 1953 1439 vestra
1986 1417 2007 1439 a
2035 1407 2128 1439 tineis

1153 1459 1245 1481 exesa
1267 1452 1347 1482 sunt.
1393 1449 1422 1482 3.
1444 1451 1572 1482 Aurum
1593 1452 1620 1481 et
1641 1452 1802 1490 arqentum
1823 1452 1958 1482 vestrum
1980 1451 2128 1492 aernyine

1153 1495 1332 1533 corruptum
1357 1496 1420 1525 est.-
1447 1496 1476 1525 et
1496 1503 1609 1534 aeruqo
1631 1502 1736 1524 eorum
1757 1493 1792 1524 in
1815 1493 2021 1524 testimonium
2042 1493 2127 1525 vobis

1153 1535 1220 1576 erit,
1250 1538 1278 1567 et
1307 1536 1410 1568 excedet
1438 1546 1545 1568 carnes
1570 1538 1688 1568 vestras
1716 1535 1796 1567 sicut
1817 1535 1918 1576 ignis:
1945 1536 2127 1568 thesaurum

1152 1579 1344 1619 conyessistis
1366 1579 1401 1611 in
1423 1579 1567 1611 extremis
1588 1578 1705 1611 diebus.
1743 1578 1774 1609 4.
1793 1577 1871 1610 Ecce
1892 1588 2006 1610 merces
2020 1589 2126 1619 opera-

1152 1621 1284 1662 riorum,
1310 1622 1366 1662 qui
1387 1625 1579 1654 messuerant
1600 1622 1742 1662 reyiones
1763 1623 1891 1662 vestras,
1913 1631 1991 1662 quae
2010 1621 2126 1662 fraude

1152 1674 1264 1696 aversa
1292 1667 1337 1697 est
1365 1675 1386 1697 a
1413 1665 1511 1704 vobis,
1544 1665 1676 1696 clamat:
1707 1666 1736 1695 et
1764 1663 1912 1696 clamores
1938 1674 2044 1696 eorum
2071 1666 2126 1706 qai

1151 1710 1362 1749 messuerunt,
1399 1708 1434 1740 in
1469 1717 1561 1739 aures
1594 1707 1725 1739 Domini
1759 1705 1895 1739 Sabaoth
1929 1706 2124 1740 introierunt.

1151 1750 1181 1781 5.
1215 1750 1257 1782 In
1283 1751 1401 1783 delitiis
1422 1750 1548 1782 vixistis
1569 1760 1663 1790 super
1683 1752 1817 1781 terram:
1845 1749 2022 1789 lascivistis‚
2050 1760 2124 1782 ena-

1150 1793 1251 1825 tristis
1272 1794 1368 1825 corda
1391 1796 1501 1831 vestra,
1523 1793 1603 1825 sicut
1625 1794 1659 1824 in
1680 1793 1731 1825 die
1752 1793 1956 1825 mactationis.
1995 1794 2025 1825 6.
2044 1793 2123 1825 Gon-

1149 1836 1321 1869 demnastis
1341 1839 1369 1868 et
1390 1836 1542 1868 occidistis
1563 1836 1691 1875 iustum,
1713 1838 1742 1867 et
1762 1845 1824 1867 non
1845 1836 1962 1867 resistit
1982 1836 2077 1868 vobis.

1238 1922 1265 1954 1.
1296 1922 1439 1963 Ayedum
1469 1931 1558 1954 nunc.
1605 1921 1782 1952 Falluntur
1804 1921 1889 1962 (meo
1912 1921 2045 1964 iudicio)
2066 1922 2122 1962 qui

1150 1964 1301 1997 Iacobum
1318 1965 1369 1997 hic
1385 1964 1548 1996 exhortari
1567 1964 1605 1995 ad
1620 1964 1853 2004 poenitentiam
1867 1964 1982 1996 divites
1995 1968 2120 2004 putant.

1149 2007 1234 2039 Mihi
1258 2008 1395 2048 simplex
1419 2008 1522 2048 magis
1545 2007 1747 2038 denuntiatio
1772 2007 1881 2038 iudicii
1898 2007 1961 2038 Dei
1981 2006 2120 2046 videtur,

1148 2061 1211 2091 qua
1234 2061 1287 2082 eos
1310 2055 1432 2082 terrere
1448 2050 1551 2082 voluit
1573 2050 1692 2090 absque
1710 2060 1767 2090 spe
1784 2050 1910 2082 veniae:
1933 2060 2008 2081 nam
2025 2060 2119 2091 quae-

1148 2104 1274 2134 cunque
1308 2094 1398 2133 dicit,
1433 2093 1563 2124 nonnisi
1598 2093 1638 2124 ad
1673 2092 1931 2133 desperationem
1961 2098 2119 2133 spectant.

1148 2136 1259 2176 Quare
1283 2147 1346 2168 non
1369 2136 1455 2176 ipsos
1479 2135 1654 2176 alloquitur
1678 2139 1714 2166 ut
1737 2135 1776 2166 ad
1796 2136 2052 2176 resipiscentiam
2071 2137 2118 2167 in-

1148 2181 1246 2211 vitet:
1274 2179 1329 2211 sed
1359 2178 1471 2210 fideles
1500 2179 1604 2218 potius
1636 2178 1777 2218 respicit,
1808 2183 1843 2210 ut
1871 2178 2039 2210 audientes
2067 2179 2117 2209 in-

1147 2222 1272 2254 felicem
1296 2222 1418 2253 exitum
1441 2220 1588 2259 divitum,
1613 2232 1676 2253 non
1701 2220 1867 2252 invideant
1889 2232 2001 2252 eorum
2018 2222 2119 2252 fortu-

1148 2275 1217 2297 nae.
1266 2264 1389 2296 Deinde
1414 2270 1449 2295 ut
1471 2264 1674 2304 iniuriarum,
1705 2274 1785 2304 quas
1809 2264 1983 2304 perferunt,
2008 2263 2117 2295 Deum

1147 2308 1286 2340 scientes
1314 2307 1380 2339 fore
1408 2307 1556 2346 ultorem,
1587 2316 1688 2347 aequo
1720 2312 1752 2337 et
1783 2306 1907 2347 placido
1931 2306 2039 2337 animo
2062 2317 2116 2338 eas

1147 2351 1295 2383 tolerent.
1334 2350 1464 2381 Divites
1487 2355 1596 2381 autem
1620 2360 1683 2381 non
1708 2350 1839 2389 quosvis
1855 2349 2036 2390 compellat,
2060 2349 2116 2381 sed

1146 2394 1201 2435 qui
1233 2394 1349 2425 delitiis
1378 2393 1531 2431 immersi,
1560 2400 1592 2424 et
1621 2393 1724 2423 inflati
1755 2391 1913 2432 superbia,
1944 2391 2025 2423 nihil
2054 2392 2115 2424 nisi

1146 2437 1303 2468 mundum
1326 2435 1486 2476 cogitant:
1511 2436 1574 2476 qui,
1599 2440 1733 2475 tanqum
1753 2434 1941 2466 inexhausti
1958 2435 2115 2476 gurgites,

1145 2479 1304 2512 devorant
1326 2479 1449 2510 omnia:
1474 2479 1527 2519 qui
1550 2478 1720 2519 tyrannice
1743 2477 1822 2509 alios
1845 2482 1981 2509 vexant:
2006 2488 2114 2518 quem-

1146 2522 1317 2553 admodum
1342 2532 1381 2552 ex
1405 2525 1561 2552 contextu
1583 2520 1715 2561 patebit.

1233 2564 1358 2596 Plorate
1386 2564 1550 2596 ululantes.
1594 2563 1655 2594 Est
1684 2562 1816 2602 quidem
1845 2567 1876 2593 et
1903 2573 1981 2594 suus
2005 2564 2115 2604 poeni-

1146 2608 1268 2639 tentiae
1290 2607 1410 2639 luctus:
1440 2607 1495 2638 sed
1520 2606 1572 2646 qui
1597 2606 1710 2637 mistus
1733 2605 1960 2644 consolatione,
1985 2617 2049 2638 non
2074 2607 2113 2637 ad

1147 2650 1306 2682 ululatum
1338 2660 1440 2690 usque
1470 2648 1625 2690 procedit.
1670 2647 1841 2689 Significat
1867 2658 1945 2690 ergo
1970 2649 2115 2688 Iacobus,

1861 2707 1911 2733 27*
