2912 4368
391 762 454 792 ,159
1210 754 1350 786 EPIST.
1377 753 1511 785 PE'rltl
1541 753 1567 782 ll
2325 755 2387 785 460

391 858 426 887 ‹ic
452 858 534 887 robe>
559 855 805 895 ›1‹yuli‹1bw1lur:
828 863 959 893 quornm
986 853 1133 884 iudicium
1155 852 1277 892 pridem
1302 862 1360 883 non
1386 854 1387 863 ¹
1414 852 1489 882 bent
1514 850 1555 889 pii
1581 853 1616 879 ut
1639 848 1854 879 clandestinae
1880 859 2004 888 quoque
2028 859 2138 880 eorum
2157 849 2284 881 fraudes
2303 851 2381 882 Offil-

393 903 498 932 cessat.
521 902 545 929 cl
569 908 697 937 quornm
717 898 851 935 perditio
876 907 933 927 non
958 897 1113 927 ιῖωνηιίΐιιί.

483 986 506 1013 1.
536 983 671 1012 Fam-mae
701 985 810 1016 autem,
833 984 882 1012 clc.
930 981 1094 1019 Quoniam
1128 980 1186 1011 hoc
1218 980 1361 1020 graviter

392 1034 420 1057 et
455 1026 630 1065 periculose
664 1026 808 1055 infirmus
839 1025 1047 1054 conscientias
1078 1028 1249 1054 concutere
1272 1023 1361 1060 solet,

393 1069 466 1098 ‹luin
502 1069 675 1107 insurgunt
711 1068 780 1097 salsi
817 1067 963 1097 doctores
997 1067 1049 1106 qui
1082 1066 1152 1096 lidei
1185 1066 1360 1096 doctrinam

394 1112 441 1141 vel
468 1117 691 1149 corrumpunt,
717 1110 765 1141 vel
794 1110 950 1140 lacerant:
977 1119 1105 1140 necesse
1126 1109 1185 1139 fuit
1209 1108 1362 1148 apostolo,

393 1164 490 1192 quum
527 1153 635 1183 fideles
666 1154 786 1183 hortari
819 1153 916 1183 vellet
947 1152 985 1182 ad
1018 1152 1242 1187 constantiam,
1278 1152 1361 1182 eius-

393 1196 478 1226 modi
503 1196 687 1226 scandulum
713 1196 834 1225 tollere.
882 1196 982 1226 Porro
1013 1194 1072 1225 hoc
1096 1200 1287 1234 argumento
1311 1204 1360 1224 so-

391 1239 478 1269 latur
510 1249 563 1269 cos
594 1238 708 1277 quibus
738 1239 860 1273 scribit,
894 1244 925 1268 et
955 1238 1125 1268 confirmat
1155 1237 1239 1277 quod
1272 1237 1361 1267 Deus

1386 946 1387 955 ¹
1415 941 1564 976 poterunt
1598 934 1707 965 scdulo
1742 939 1883 965 attentos
1914 935 2158 965 circumvenire.

1387 1134 1389 1159 l

1387 1176 1389 1196 l

1387 1197 1389 1210 ι

1387 1219 1389 1258 l

392 1291 520 1320 semper
546 1282 604 1311 hoc
628 1292 744 1320 genere
769 1281 955 1311 tentationis
972 1280 1139 1311 ecclesiam
1163 1290 1254 1310 suam
1272 1290 1362 1310 exer·
1387 1303 1389 1315 .,

392 1325 510 1355 cuerit:
552 1335 591 1353 ne
631 1325 711 1354 sorte
749 1334 859 1354 corum
899 1323 995 1354 corda
1034 1324 1160 1354 novitas
1199 1322 1360 1362 percellat.
1387 1329 1388 1366 j

391 1366 464 1397 Non
490 1367 561 1402 alia,
587 1367 699 1405 inquity
731 1368 840 1397 futura
864 1372 913 1397 est
936 1366 996 1397 sub
1020 1366 1187 1406 evangelio
1211 1365 1362 1396 ccclesiae
1387 1380 1389 1401 ;

391 1410 539 1445 conditio,
563 1419 658 1448 quam
677 1410 752 1440 olim
769 1410 828 1439 snb
846 1410 915 1449 lege
932 1409 1042 1439 fuerit:
1067 1408 1362 1448 pseudoprophetae
1387 1425 1388 1434 κ

391 1457 534 1482 veterem
560 1452 724 1483 ecclesiam
750 1452 931 1487 turbarunt,
957 1451 1040 1482 idem
1066 1456 1097 1482 et
1116 1451 1207 1481 nobis
1231 1461 1361 1490 exspec-

391 1495 524 1525 tandum
561 1500 618 1525 est.
674 1495 743 1526 Hoc
773 1495 914 1535 oportuit
949 1494 1067 1525 diserte
1102 1499 1253 1524 testatum
1283 1503 1362 1532 esse,

393 1538 467 1577 quia
501 1537 593 1568 multi
618 1538 829 1577 tranquillum
855 1538 914 1568 sub
939 1537 1061 1569 Christi
1086 1547 1185 1576 regno
1211 1535 1362 1567 ecclesiae

392 1584 512 1610 statum
537 1580 597 1611 sibi
615 1580 788 1620 fingebant.
825 1580 910 1619 Quia
933 1580 1017 1611 enim
1043 1580 1109 1610 eius
1134 1579 1274 1609 adventu
1293 1589 1361 1618 pro-

391 1623 509 1662 phetae
525 1622 660 1654 solidam
686 1633 807 1663 pacem,
834 1633 995 1654 summam
1016 1622 1161 1653 coelestis
1185 1622 1362 1660 sapientiae

390 1665 510 1703 lucem,
545 1666 737 1705 plenamque
772 1677 879 1697 rerum
914 1665 1058 1696 omnium
1094 1664 1362 1695 instaurationem

390 1710 600 1748 promittunt,
637 1719 700 1740 non
735 1709 891 1749 putabant
922 1708 1086 1739 ecclesiam
1121 1706 1259 1746 amplius
1290 1707 1362 1737 ullis

390 1751 621 1782 certaminibus
660 1752 727 1783 fore
762 1751 944 1782 obnoxiam.
1003 1750 1250 1781 Meminerimus
1285 1760 1361 1789 ergo

391 1795 541 1833 spiritum
566 1795 627 1825 Dei
658 1794 717 1825 hoc
747 1794 845 1825 Semel
869 1794 1105 1834 pronuntiasse,
1136 1802 1298 1832 nunquam
1323 1792 1361 1823 ab

391 1837 451 1867 hoc
486 1837 640 1868 intestino
675 1837 759 1868 malo
794 1838 969 1867 immunem
1004 1837 1070 1866 fore
1105 1835 1286 1866 ecclesiam:
1326 1845 1361 1866 ac

392 1879 483 1910 nobis
522 1890 647 1920 semper
686 1881 716 1910 in
756 1887 896 1910 mentem
932 1879 1043 1909 veniat
1080 1879 1140 1909 ista
1174 1877 1390 1915 similitudo„

391 1932 593 1953 communem
618 1922 707 1953 nobis
731 1933 799 1953 esse
823 1922 897 1952 fidei
924 1921 1143 1961 probationem
1167 1931 1239 1952 cum
1264 1920 1362 1960 patri-

391 1964 459 2002 bus,
484 1965 559 2004 quia
584 1966 693 1996 eadem
718 1966 758 1996 sit
782 1965 872 2001 ratio,
905 1974 1019 2003 nempe
1043 1966 1079 1994 ut
1107 1963 1167 1995 hoe
1190 1963 1283 1994 modo
1307 1973 1360 2003 ap-

391 2012 502 2047 pareat
526 2018 565 2038 an
590 2018 663 2039 vere
681 2008 785 2038 Deum
803 2016 964 2038 amemus:
987 2006 1258 2046 quemadmodum
1275 2006 1362 2037 Deu-

392 2050 563 2081 teronomii
581 2060 647 2090 cap.
668 2050 716 2087 13,
735 2051 763 2087 3,
781 2051 934 2090 scriptum
952 2053 1011 2081 est.
1045 2050 1146 2080 Porro
1164 2048 1216 2080 hic
1232 2048 1361 2089 singula

392 2092 540 2132 exempla
566 2093 683 2124 referre
706 2103 834 2124 necesse
858 2104 921 2124 non
945 2098 1005 2123 est:
1031 2092 1109 2123 satis
1132 2092 1175 2123 sit
1193 2096 1304 2123 tenere
1327 2091 1361 2122 in

391 2146 527 2172 summa,
560 2136 642 2175 quod
672 2141 799 2175 patrum
830 2135 979 2176 exemplo
1009 2135 1100 2166 nobis
1123 2134 1279 2166 adversus
1301 2134 1360 2165 im-

391 2179 460 2219 pias
485 2178 650 2210 doctrinas
674 2179 886 2218 pugnandum
910 2179 969 2209 sit:
999 2178 1083 2218 quod
1113 2178 1152 2208 ob
1177 2177 1307 2209 dissidia
1330 2181 1361 2208 et

392 2224 496 2253 sectas
530 2222 661 2252 minime
692 2221 854 2253 labascere
885 2221 999 2252 debeat
1023 2220 1101 2252 fides
1126 2225 1251 2252 nostra:
1286 2220 1361 2260 quia

392 2264 477 2295 inter
512 2264 715 2295 turbulentas
747 2265 952 2305 agitationes»,
988 2263 1103 2303 quibus
1134 2263 1234 2295 Satan
1266 2263 1363 2294 toties

393 2307 502 2338 omnia
525 2313 669 2338 evertere
700 2314 835 2339 conatus
857 2313 913 2345 est,
944 2307 1037 2337 firma
1061 2306 1271 2337 nihilominus
1295 2315 1362 2346 per-

391 2350 509 2381 stiterit
545 2350 606 2380 Dei
641 2350 770 2381 veritas.
827 2349 978 2381 Observa
1015 2354 1123 2380 autem
1162 2359 1225 2380 non
1260 2358 1361 2380 unum

393 2393 537 2423 notaria
560 2392 657 2424 Petro
690 2396 827 2433 tempus,
859 2403 958 2432 quum
991 2392 1075 2429 dicit,
1108 2396 1229 2423 erunt
1263 2391 1361 2422 falsi

393 2435 605 2473 doctores,
636 2436 691 2467 sed
715 2446 826 2466 omnes
850 2436 955 2475 potius
979 2440 1098 2466 aetates
1121 2434 1360 2475 comprehendi.

392 2478 596 2509 Christianos
631 2479 717 2509 enim
753 2488 825 2509 cum
859 2478 958 2509 veteri
995 2479 1110 2517 populo
1144 2478 1196 2509 hic
1230 2477 1361 2509 confert.

393 2520 470 2551 Ideo
494 2520 577 2551 hanc
602 2521 781 2552 doctrinam
806 2520 846 2552 ad
871 2527 998 2560 tempus
1023 2526 1168 2552 nostrum
1185 2529 1362 2552 accommo-

395 2562 471 2593 dare
495 2563 593 2599 decet,
620 2574 658 2594 ne
682 2564 761 2595 haec
785 2564 920 2594 tentatio
944 2574 1000 2594 nos
1024 2564 1162 2604 frangat,
1193 2573 1291 2603 quum
1316 2562 1362 2593 in-

394 2615 526 2644 surgere
558 2605 701 2637 videmus
737 2606 830 2637 falsos
861 2606 1005 2637 doctores
1035 2613 1068 2637 ut
1096 2606 1157 2637 Dei
1189 2607 1360 2638 veritatem

394 2653 592 2687 oppugnent.
646 2649 818 2680 Caeterum
850 2648 920 2679 ideo
956 2659 1013 2680 nos
1047 2648 1197 2680 admonet
1227 2648 1361 2689 spiritus

395 2690 473 2728 Dei,
509 2696 543 2721 ut
578 2691 693 2721 intenti
729 2692 828 2722 simus
861 2691 901 2721 ad
939 2691 1130 2723 cavendum:
1169 2694 1265 2732 atque
1299 2691 1362 2722 huc

396 2737 517 2773 spectat
542 2737 609 2764 tota
633 2733 804 2773 descriptio
828 2744 922 2774 quam
945 2744 1019 2765 mox
1043 2735 1196 2766 subiiciet.
1243 2734 1362 2773 Quam-

396 2785 493 2815 quam
517 2776 661 2817 singulas
684 2782 786 2807 sectas
810 2787 874 2807 non
898 2777 1009 2817 pinget
1033 2778 1098 2808 suis
1115 2777 1282 2813 coloribus,
1306 2776 1361 2808 sed

396 2819 602 2858 peculiariter
631 2829 810 2849 sermonem
842 2820 958 2859 diriget
988 2820 1019 2850 in
1044 2820 1188 2851 homines
1213 2820 1361 2859 profanos

396 2861 449 2901 qui
478 2860 540 2891 Dei
570 2864 788 2901 contemptum
821 2862 985 2893 inducunt.
1031 2862 1202 2894 Generalis
1233 2862 1360 2902 quidem

397 2908 445 2934 est
474 2905 645 2941 sententia,
680 2904 857 2934 cavendum
892 2915 961 2935 esse
992 2914 1010 2935 a
1044 2905 1133 2937 falsis
1164 2904 1361 2937 doctoribus:

397 2946 452 2977 sed
477 2946 598 2977 interea
621 2947 758 2987 speeiem
783 2957 879 2977 unam
903 2948 999 2987 elegit
1024 2948 1106 2979 unde
1125 2948 1195 2988 plus
1220 2947 1362 2979 instabat

396 2989 538 3029 periculi.
586 2989 680 3028 Quod
710 3000 751 3020 ex
774 2989 873 3021 Iudae
904 2990 1011 3021 verbis
1034 2991 1147 3022 melius
1177 2995 1273 3031 patet,
1309 2991 1361 3030 qui

398 3032 482 3063 idem
506 3042 638 3071 prorsus
661 3038 888 3072 argumentum
913 3037 1040 3064 tractat.

488 3075 548 3114 Qui
568 3074 775 3107 subinducent.
830 3075 902 3106 Hoc
925 3075 1022 3106 verbo
1047 3075 1187 3107 Satanae
1211 3075 1361 3107 astutiam

399 3121 497 3154 notat,
526 3122 557 3148 et
580 3118 752 3157 impiorum
775 3119 918 3149 omnium
948 3119 1002 3158 qui
1026 3118 1086 3149 sub
1109 3119 1220 3150 eodem
1245 3117 1362 3149 vexillo

399 3159 552 3197 militant,
587 3160 673 3199 quod
706 3160 843 3200 obliquis
877 3160 1086 3198 anfractibus,
1120 3166 1151 3192 et
1185 3161 1276 3201 quasi
1306 3170 1363 3201 per

398 3202 564 3233 cuniculos
597 3203 735 3235 subituri
766 3204 839 3235 sint.
886 3204 958 3243 Quo
981 3204 1083 3244 magis
1112 3203 1287 3245 advigilare
1311 3203 1363 3235 de-

1414 895 1512 934 giaut.
1568 892 1739 931 Utcunque
1773 893 1858 922 enim
1895 903 1927 922 sc
1963 892 2140 929 insinuent,
2176 903 2238 923 non
2275 898 2383 926 tumen

2217 935 2383 968 sectas

1415 980 1566 1009 exitiosus
1596 977 1688 1015 dicit,
1724 985 1759 1008 ut
1790 983 1942 1017 quantam
1975 978 2110 1017 quisque
2134 987 2244 1009 curam
2269 978 2384 1010 salutis

1414 1032 1490 1052 suae
1520 1020 1630 1059 habet,
1664 1024 1767 1051 sectas
1799 1021 1888 1058 istus,
1921 1024 2075 1059 tanquam
2109 1021 2248 1051 maxime
2274 1022 2385 1053 noxias

1416 1069 1520 1103 postes
1544 1063 1726 1093 exhorreat.
1762 1063 1854 1101 Quod
1881 1063 2020 1102 pertinet
2043 1062 2081 1092 ad
2102 1063 2205 1102 ipsum
2224 1069 2383 1094 sectarum

1417 1107 1463 1137 vol
1490 1106 1659 1136 haerescos
1683 1116 1809 1143 nomen,
1840 1117 1901 1135 non
1926 1105 1981 1136 abs
2006 1116 2039 1136 re
2064 1115 2190 1145 semper
2214 1106 2330 1137 infame
2354 1113 2385 1137 et

1416 1159 1548 1179 exosum
1565 1149 1623 1178 fuit
1648 1149 1731 1179 inter
1749 1148 1809 1179 Doi
1829 1149 1920 1179 lilios.
1959 1148 2134 1179 Vinculum
2153 1149 2236 1179 enim
2255 1154 2385 1180 sanctae

1417 1192 1550 1222 unitatis
1588 1191 1727 1230 simplex
1758 1196 1807 1221 est
1831 1191 1890 1221 Dei
1924 1192 2058 1222 veritas:
2093 1191 2187 1222 simul
2220 1196 2316 1231 atque
2346 1192 2384 1223 ab

1415 1245 1451 1264 ea
1485 1234 1677 1272 disceditur,
1717 1233 1796 1264 nihil
1832 1234 1919 1264 aliud
1959 1238 2057 1265 restat
2092 1243 2187 1273 quam
2225 1234 2385 1266 horrenda

1415 1277 1589 1316 dissipatio.

1500 1332 1607 1363 Etiam
1645 1332 1816 1363 Dominum
1853 1332 1908 1371 qui
1945 1332 2014 1363 *illos
2052 1332 2185 1362 redemit.
2243 1332 2385 1364 Tametsi

1416 1376 1512 1406 variis
1542 1375 1646 1405 modis
1677 1375 1856 1415 abnegatur
1888 1374 2054 1415 Christus,
2086 1386 2159 1405 eum
2193 1379 2301 1406 tamen
2332 1375 2384 1407 hic

1414 1419 1497 1459 (meo
1529 1418 1659 1458 iudicio)
1690 1418 1823 1457 attingit
1848 1417 1973 1456 Petrus,
2007 1418 2061 1457 qui
2085 1418 2278 1457 exprimitur
2301 1418 2386 1458 apud

1387 1484 1389 1499 ,Ἰ
1416 1461 1543 1492 ludam:
1574 1471 1690 1500 nempe
1721 1460 1797 1490 dum
1829 1460 1933 1499 gratia
1957 1459 2017 1490 Dei
2048 1461 2081 1491 in
2113 1460 2278 1492 lasciviam
2309 1472 2385 1492 con-

1416 1504 1562 1535 vertitur.
1609 1503 1759 1534 Redemit
1789 1502 1875 1533 enim
1901 1512 1957 1533 nos
1981 1502 2142 1542 Christus,
2176 1509 2209 1534 nt
2233 1504 2385 1544 populum

1415 1547 1547 1577 haberet
1584 1550 1790 1586 segregatum
1829 1544 1869 1575 ab
1905 1545 2053 1577 omnibus
2091 1545 2202 1576 mundi
2238 1547 2384 1586 inquina-

1416 1590 1549 1629 mentis,
1588 1589 1750 1620 addictum
1784 1588 1949 1619 sanctitati
1984 1592 2014 1618 et
2049 1589 2261 1620 innocentiae.
2320 1590 2383 1628 Qui

1416 1633 1514 1672 igitur
1544 1642 1681 1663 excusso
1712 1632 1821 1661 fraeno
1852 1631 1884 1661 in
1915 1640 2042 1662 omnem
2071 1631 2231 1662 licentiam
2255 1642 2288 1662 se
2312 1642 2385 1671 pro-

1415 1675 1539 1714 iieiunt,
1570 1685 1633 1705 non
1665 1674 1827 1705 immerito
1858 1674 2009 1705 dicuntur
2030 1674 2200 1705 Christum
2225 1673 2384 1715 abnegare

1415 1729 1433 1748 a
1461 1728 1524 1757 quo
1555 1718 1711 1757 redempti
1736 1722 1821 1747 sunt.
1867 1716 2008 1747 Proinde
2032 1721 2067 1747 ut
2090 1716 2182 1748 salva
2205 1721 2237 1748 et
2259 1717 2385 1757 integra

1415 1761 1574 1801 evangelii
1617 1760 1761 1791 doctrina
1797 1760 1882 1799 apud
1914 1769 1972 1790 nos
2003 1765 2146 1797 maneat,
2180 1758 2240 1791 hoc
2269 1760 2385 1792 animis

1416 1804 1536 1834 nostris
1566 1803 1703 1833 infixum
1736 1802 1787 1842 sit,
1820 1803 2001 1842 redemptos
2030 1813 2098 1833 esse
2123 1813 2180 1832 nos
2203 1812 2220 1832 a
2244 1802 2384 1840 Christo,

1416 1853 1451 1877 ut
1475 1847 1560 1877 vitae
1584 1846 1680 1876 simul
1697 1853 1727 1876 et
1745 1846 1857 1876 mortis
1875 1852 2004 1876 nostrae
2020 1846 2061 1875 sit
2078 1845 2253 1875 Dominus:
2277 1846 2384 1886 itaque

1416 1890 1507 1920 nobis
1540 1889 1626 1920 hunc
1650 1889 1745 1919 finem
1770 1898 1840 1919 esse
1864 1889 2075 1928 propositum,
2108 1891 2143 1918 ut
2167 1888 2212 1918 illi
2238 1889 2385 1920 vivamus

1415 1942 1450 1963 ac
1485 1933 1671 1963 moriamur.
1724 1931 1846 1962 Iterum
1878 1930 2014 1962 celerem
2045 1931 2109 1962 illis
2140 1930 2306 1962 interitum
2336 1932 2385 1962 in·-

1416 1982 1502 2006 stare
1526 1974 1612 2013 dicit,
1636 1985 1675 2005 ne
1699 1974 1753 2005 alii
1776 1984 1810 2005 se
1833 1973 1897 2004 illis
1921 1973 2096 2014 implicent.

1499 2030 1528 2061 2.
1561 2029 1603 2061 Et
1631 2030 1720 2061 mulli
1742 2032 1913 2069 sequentur.
1959 2029 2031 2060 Hoc
2055 2039 2130 2060 vero
2155 2039 2219 2060 non
2243 2028 2314 2060 leve
2337 2034 2386 2060 est

1415 2073 1603 2104 scandalum
1633 2073 1781 2108 infirmis,
1813 2083 1912 2112 quum
1936 2072 2048 2103 vident
2077 2073 2240 2104 communi
2270 2072 2385 2103 mundi

1415 2117 1574 2156 applausu
1604 2116 1709 2156 excipi
1740 2115 1837 2146 falsas
1868 2115 2040 2151 doctrinas,
2074 2120 2106 2146 et
2136 2115 2299 2155 ingentem
2327 2115 2385 2146 ho-

1415 2161 1540 2190 minum
1580 2169 1752 2190 numerum
1791 2158 1908 2198 abripi,
1947 2158 1992 2188 ita
2030 2163 2065 2188 ut
2101 2158 2194 2197 pauci
2232 2157 2265 2188 in
2306 2168 2386 2197 pura

1416 2202 1538 2233 Christi
1574 2202 1757 2233 obedientia
1789 2206 1950 2232 maneant.
2006 2199 2062 2232 Sic
2096 2199 2189 2231 hodie
2222 2200 2303 2231 nihil
2337 2206 2386 2231 est

1414 2245 1496 2285 quod
1524 2244 1749 2276 vehementius
1781 2244 1888 2274 turbet
1921 2244 1990 2284 pias
2031 2248 2156 2274 mentes
2185 2253 2282 2283 quam
2313 2243 2386 2274 talis

1414 2288 1558 2319 defectio.
1605 2287 1671 2318 Vix
1705 2287 1790 2317 enim
1825 2286 1968 2317 decimus
2006 2287 2141 2326 quisque
2174 2295 2294 2323 eorum,
2329 2286 2385 2325 qui

1415 2331 1549 2362 Christo
1579 2341 1695 2361 nomen
1720 2330 1886 2366 dederunt,
1919 2330 1992 2360 fidei
2017 2329 2193 2369 puritatem
2217 2328 2257 2359 ad
2280 2335 2385 2360 extre-

1415 2385 1502 2405 mum
1535 2384 1634 2414 usque
1659 2374 1794 2403 retinet:
1825 2382 1936 2403 omnes
1960 2372 2025 2403 sere
2048 2372 2087 2402 ad
2111 2371 2310 2410 corruptelas
2334 2371 2385 2402 de-

1414 2422 1580 2457 generant,
1608 2422 1705 2455 atque
1736 2426 1754 2446 a
1777 2415 1940 2455 magistris
1964 2415 2111 2446 licentiae
2135 2414 2248 2452 delusi,
2279 2414 2386 2454 profa-

1415 2466 1560 2491 nescunt.
1600 2459 1648 2490 Ne
1673 2458 1733 2489 hoc
1756 2458 1852 2489 fidem
1872 2464 2013 2489 nostram
2036 2457 2214 2493 labefactet,
2239 2462 2387 2488 occurret

1415 2502 1543 2540 Petrus,
1567 2508 1597 2533 et
1622 2506 1748 2532 mature
1772 2500 1929 2541 praedicit
1952 2500 2011 2532 hoc
2035 2501 2141 2540 ipsum
2159 2499 2227 2530 fore
2244 2506 2279 2530 ut
2295 2500 2388 2539 impii

1416 2545 1561 2576 doctores
1596 2544 1714 2575 multos
1753 2543 1883 2574 trahant
1922 2544 1954 2573 in
1993 2544 2138 2574 exitium.
2198 2542 2298 2573 Porro
2336 2542 2388 2574 hic

1416 2588 1535 2627 duplex
1566 2594 1614 2619 est
1646 2587 1749 2623 lectio,
1781 2588 1876 2617 etiam
1900 2586 1984 2625 apud
2009 2586 2162 2617 Graecos.
2209 2585 2275 2616 Alii
2299 2586 2384 2616 enim

1415 2630 1578 2669 lascivias,
1609 2630 1663 2661 alii
1695 2630 1795 2661 exitia.
1824 2629 1953 2669 legunt:
1989 2636 2145 2668 sequutus
2175 2638 2245 2659 sum
2279 2634 2386 2658 tamen

1414 2673 1497 2712 quod
1523 2675 1626 2714 magis
1650 2679 1813 2712 receptum
1837 2677 1914 2703 erat.

1500 2733 1563 2764 Per
1594 2743 1667 2772 quos
1697 2732 1749 2763 via
1779 2732 1929 2763 veritatis.
1975 2731 2046 2762 Hoc
2073 2730 2144 2762 ideo
2169 2730 2290 2762 dictum
2316 2739 2385 2760 esse

1414 2776 1615 2815 interpretor,
1646 2776 1720 2815 quia
1753 2775 1846 2805 sicuti
1876 2778 2009 2805 ornatur
2039 2773 2152 2813 religio
2183 2772 2258 2804 dum
2290 2772 2383 2804 insti-

1415 2824 1550 2850 tuuntur
1574 2819 1721 2849 homines
1745 2817 1785 2848 ad
1809 2817 1955 2849 timorem
1976 2816 2047 2853 Dei,
2072 2816 2155 2847 vitae
2179 2815 2382 2855 probitatem,

1414 2868 1517 2893 castos
1549 2872 1651 2893 mores
1682 2871 1718 2892 ac
1749 2860 1910 2897 honestos,
1942 2859 1993 2890 vel
2025 2858 2140 2889 saltem
2169 2869 2204 2889 os
2228 2858 2382 2898 improbis

1387 2902 1389 2905 ’
1414 2904 1602 2944 obstruitur,
1623 2914 1662 2935 ne
1679 2903 1847 2943 evangelio
1864 2902 2068 2933 maledicant:
2092 2901 2136 2931 ita
2153 2911 2251 2941 quum
2270 2901 2385 2931 fraena

1414 2947 1546 2987 impune
1580 2946 1736 2977 laxantur
1770 2945 1810 2976 ad
1841 2954 1965 2976 omnem
1998 2944 2174 2981 lasciviam,
2211 2944 2386 2983 exponitur

1415 2989 1537 3020 Christi
1568 2999 1686 3020 nomen
1715 2993 1746 3019 et
1776 2987 1922 3019 doctrina
1966 2986 2138 3026 impiorum
2173 2985 2385 3018 contumeliis

1415 3032 1481 3063 Alii
1524 3031 1688 3063 diversum
1729 3040 1859 3061 sensum
1901 3029 2056 3067 afferunt,
2097 3029 2180 3069 quod
2221 3029 2292 3059 falsi
2330 3029 2383 3060 isti

1415 3075 1575 3110 doctores,
1612 3078 1763 3114 tanquam
1798 3073 1917 3112 impuri
1952 3082 2062 3109 canes,
2097 3072 2287 3103 oblatraturi
2318 3072 2382 3103 sint

1415 3127 1512 3149 sanae
1544 3117 1718 3148 doctrinae.
1766 3115 1829 3147 Sed
1860 3115 1937 3146 mihi
1968 3115 2028 3146 hoc
2059 3115 2164 3155 potius
2196 3114 2381 3155 significant

1416 3160 1504 3191 Petri
1535 3159 1649 3198 verba,
1680 3158 1811 3189 daturos
1841 3158 2040 3189 occasionem
2071 3157 2230 3196 hostibus,
2260 3161 2296 3188 ut
2323 3155 2383 3187 Dei

1417 3202 1546 3235 veritati
1584 3205 1734 3242 proterve
1773 3200 1939 3232 insultent.
1996 3200 2172 3240 Utcunque
2210 3209 2285 3240 ergo
2320 3208 2384 3229 non

2686 2291 2734 2303 μύω)
2744 2290 2778 2303 ...r

2725 2727 2769 2739 ..ms
2794 2729 2805 2734 ..

2692 3194 2730 3213 αἱ,
