2513 3126
227 205 267 236 25
1124 203 1273 236 CAPUT
1296 203 1339 235 II.
2182 206 2224 237 26

227 307 373 334 mentum
398 313 474 336 vero
497 314 591 335 suum
616 303 747 334 habebit
774 303 807 333 in
832 302 946 334 ultima
968 302 1198 341 redemptione.

229 345 401 378 Caeterum
425 357 482 377 cur
500 357 617 377 nomen
638 345 771 377 Davidis
790 344 1013 385 suppresserit,
1037 344 1117 374 mihi
1134 354 1197 374 non

228 392 361 420 constat.
417 388 513 420 Certe
548 389 750 429 quendam
785 398 849 419 non
883 387 1109 425 contemptim,
1144 386 1198 416 sed

228 431 359 462 honoris
393 442 505 470 causa,
543 436 694 471 tanquam
734 441 834 461 unum
869 441 909 460 ex
948 428 1113 468 prophetis
1149 429 1198 459 vel

229 474 370 505 classicis
393 474 601 514 scriptoribus
624 473 773 513 appellat.

315 517 344 548 7.
369 516 518 548 Minuisti
539 526 607 547 eum
623 515 792 556 paululum
815 514 853 546 ab
875 513 1003 553 anqelis.
1048 512 1077 542 N
1081 523 1143 543 unc
1166 513 1198 543 in

229 559 400 590 verborum
421 559 619 598 expositione
642 558 779 597 emergit
802 566 886 587 nova
909 555 1091 586 difficultas.
1129 555 1198 585 Iam

228 601 353 642 quidem
389 601 513 632 ostendi
547 600 651 631 locum
687 605 761 639 apte
795 597 913 638 exponi
947 598 985 628 de
1019 598 1085 628 filio
1120 597 1197 628 Dei:

228 644 283 676 sed
313 654 398 675 nunc
425 643 552 675 videtur
575 641 739 682 apostolus
762 641 860 672 verba
884 640 1012 671 trahere
1036 640 1068 670 in
1093 639 1198 670 diver-

228 697 299 718 sum
331 696 458 718 sensum
482 695 576 726 qnam
599 684 799 715 intollexerit
822 682 942 714 David.
988 682 1070 713 Nam
1096 682 1198 724 βραχύ

228 739 256 760 τι
286 729 414 761 videtur
445 728 484 759 ad
515 733 640 766 tempus
669 727 800 763 referre,
830 731 866 757 ut
896 726 937 757 sit
960 725 1136 765 paulisper,
1167 731 1199 755 et

228 771 488 803 imminutionem
508 769 661 810 intelligit
679 779 776 809 quum
801 768 985 799 exinanitus
1008 768 1069 799 suit
1085 767 1197 799 Chris-

228 819 297 846 tus:
331 818 361 843 et
393 813 526 853 gloriam
560 812 598 843 ad
632 811 877 843 resurrectionis
907 811 990 841 diem
1021 811 1198 850 restringit,

227 866 325 897 quum
341 855 448 886 David
472 855 667 895 generaliter
690 854 845 885 extendat
868 853 907 885 ad
933 856 1033 884 totam
1057 853 1198 884 hominis

227 901 338 930 vitam.
381 898 582 938 Respondeo,
607 908 670 928 non
695 897 795 928 fuisse
819 897 1019 937 propositum
1044 895 1198 936 apostolo,

227 941 402 982 genuinam
444 941 618 971 verborum
653 940 884 980 expositionem
920 939 1051 970 referre.
1107 938 1197 969 Nihil

226 984 314 1014 enim
331 989 381 1013 est
403 983 609 1023 incommodi,
632 984 658 1014 si
682 983 856 1013 allusiones
879 983 911 1013 in
936 982 1043 1012 verbis
1067 986 1199 1021 quaerat

226 1026 266 1057 ad
289 1026 468 1056 ornandam
503 1031 705 1066 praesentem
730 1035 871 1056 causam.
917 1024 1198 1063 Quemadmodum

225 1069 347 1100 Paulus
382 1079 479 1108 quum
513 1069 607 1099 Rom.
639 1069 688 1106 10,
723 1068 758 1107 6,
793 1068 1011 1099 testimonium
1046 1067 1125 1098 citat
1159 1077 1199 1098 ex

226 1112 335 1143 Mose:
371 1111 453 1150 Quis
483 1111 633 1142 ascendet
662 1112 694 1142 in
726 1110 866 1147 coelum,
901 1115 960 1142 etc.
992 1111 1101 1141 statim
1134 1120 1198 1140 non

227 1155 536 1194 interpretationem,
561 1154 614 1185 sed
635 1154 878 1185 exornationem
903 1153 1027 1190 attexit,
1052 1153 1090 1183 de
1113 1152 1200 1183 coelo

228 1203 259 1228 et
293 1197 413 1228 inferis.
458 1197 553 1228 Mens
587 1197 725 1228 Davidis
759 1196 838 1227 haec
872 1200 935 1233 est,
978 1195 1129 1234 Domine,
1163 1205 1200 1226 eo

229 1240 396 1280 dignitatis
433 1239 578 1270 extulisti
616 1240 794 1275 hominem,
833 1243 871 1269 ut
907 1249 1020 1278 parum
1055 1238 1151 1269 distet
1182 1248 1200 1268 a

229 1283 349 1314 Divino
385 1282 434 1313 vel
469 1282 614 1322 angelico
644 1282 782 1313 honore:
817 1281 1077 1321 quandoquidem
1109 1290 1198 1320 prae-

228 1325 330 1356 fectus
347 1330 395 1356 est
411 1325 469 1355 toti
489 1325 620 1356 mundo.
650 1325 748 1356 Hunc
771 1334 901 1356 sensum
927 1324 1031 1354 noluit
1054 1328 1200 1354 evertere

228 1367 409 1408 apostolus,
452 1378 555 1407 neque
588 1368 650 1399 alio
685 1368 871 1399 deflectere:
914 1367 969 1398 sed
1004 1370 1132 1397 tantum
1166 1366 1199 1396 in

229 1410 362 1443 Christo
403 1411 605 1441 considerare
643 1411 732 1441 iubet
766 1409 1011 1441 diminutionem
1046 1420 1127 1449 quae
1160 1409 1200 1439 ad

229 1453 383 1494 exiguum
414 1459 540 1492 tempus
571 1454 729 1494 apparuit,
763 1453 878 1483 deindo
909 1452 1042 1493 gloriam
1074 1462 1136 1491 qua
1166 1452 1198 1481 in

228 1501 420 1536 perpetuum
463 1501 636 1527 coronatus
670 1502 727 1528 est.
790 1495 891 1535 quue
933 1495 1009 1527 facit
1051 1495 1200 1526 alludens

228 1540 331 1579 magis
360 1539 399 1569 ad
431 1539 529 1570 verba
558 1549 651 1578 quam
683 1539 868 1579 exprimens
897 1538 970 1578 quid
1004 1537 1201 1569 intellexerit

229 1580 349 1612 David.
394 1581 610 1612 Memorem
635 1592 724 1613 esse
747 1586 780 1612 et
803 1582 984 1613 visitare
1007 1591 1065 1620 pro
1088 1581 1198 1612 eodem

228 1625 353 1664 accipit,
389 1625 449 1655 nisi
480 1624 563 1664 quod
593 1625 769 1656 secundum
797 1624 963 1664 aliquanto
986 1624 1115 1663 plenius
1134 1629 1199 1654 est:

228 1668 302 1707 quia
322 1667 382 1697 Dei
409 1668 622 1706 praesentiam
646 1668 685 1698 ab
708 1667 831 1698 effectis
855 1666 1012 1707 designat.

314 1710 342 1742 8.
367 1709 565 1741 Subiicieudo
595 1713 672 1742 certe
699 1710 749 1741 illi
779 1710 891 1741 omnia.
937 1710 1053 1741 Posset
1083 1709 1199 1750 aliquis

228 1758 344 1793 putare
375 1753 437 1783 tale
467 1763 536 1784 esse
563 1762 800 1794 argumentum,
835 1752 981 1791 Homini,
1005 1752 1043 1783 de
1067 1763 1129 1792 quo
1152 1753 1198 1783 lo—

228 1796 337 1836 quitur
369 1795 482 1833 David,
513 1796 621 1826 omnia
649 1796 873 1827 subiiciuntur.
924 1796 1026 1835 Atqui
1057 1795 1199 1826 humano

228 1839 338 1879 generi
372 1848 436 1868 non
471 1845 548 1869 sunt
581 1839 690 1870 omnia
723 1839 876 1870 subiecta.
934 1839 1022 1879 Ergo
1060 1848 1124 1869 non
1160 1838 1199 1869 de

228 1881 369 1921 quolibet
396 1881 525 1912 homine
548 1891 652 1913 sermo
676 1888 734 1913 est.
781 1882 904 1912 Verum
928 1892 992 1912 non
1016 1886 1115 1912 staret
1140 1881 1200 1912 hoc

228 1929 465 1964 argumentum,
500 1925 574 1964 quia
608 1925 714 1955 minor
746 1925 841 1955 etiam
873 1924 1003 1956 Christo
1037 1924 1198 1955 convenit.

228 1966 312 1997 Nam
344 1977 383 1997 ne
415 1967 489 1998 huic
520 1967 648 2006 quidem
679 1968 821 1998 subiecta
847 1973 923 1998 sunt
946 1967 1050 1998 adhuc
1073 1970 1197 1998 omnia:

228 2009 320 2040 sicuti
343 2009 464 2040 Paulus
486 2012 607 2042 tractat
636 2011 752 2050 prioris
786 2009 825 2041 ad
850 2010 1036 2041 Corinthios
1062 2010 1110 2047 15,
1139 2010 1197 2041 28:

227 2063 325 2092 quare
363 2052 445 2083 alius
479 2058 527 2086 est
561 2059 741 2084 contextus.
797 2053 882 2083 Nam
916 2058 1084 2092 postquam
1118 2053 1198 2084 illud

227 2096 343 2135 posuit,
375 2088 543 2126 Christum
567 2097 636 2127 sine
659 2095 847 2136 exceptione
870 2095 1028 2126 dominari
1051 2096 1199 2127 omnibus

228 2138 396 2177 creaturis,
432 2138 502 2169 vice
534 2139 713 2170 contrariae
744 2139 933 2170 obiectionis
959 2138 1061 2170 addit:
1098 2139 1198 2178 Atqui

229 2181 370 2211 nondum
388 2181 497 2211 omnia
521 2187 633 2220 parent
651 2180 759 2213 Christ
782 2182 926 2221 imperio.
963 2181 1024 2213 Cui
1050 2186 1085 2212 ut
1108 2182 1200 2212 satis-

229 2223 333 2261 faciat,
357 2223 457 2263 docet,
478 2225 510 2254 in
527 2224 659 2255 Christo
677 2230 786 2255 tamen
806 2225 869 2254 iam
893 2225 981 2255 cerni
1004 2224 1198 2264 completum

229 2266 313 2305 quod
337 2267 487 2297 continua
505 2272 575 2306 post
591 2268 738 2307 sequitur
762 2267 800 2298 de
824 2267 951 2307 gloria
974 2272 1010 2298 et
1033 2267 1198 2298 honore.

229 2310 278 2340 Ac
290 2309 316 2340 si
330 2309 477 2340 dixisset:
491 2310 633 2340 Tametsi
647 2310 790 2340 nondum
805 2310 997 2341 universalis
1010 2310 1066 2340 illa
1078 2310 1201 2341 subiec-

230 2353 275 2382 tio
294 2352 383 2382 nobis
407 2357 502 2391 patet,
526 2353 668 2383 contenti
691 2353 791 2384 simus
824 2352 907 2392 quod
930 2358 1033 2383 morte
1055 2353 1142 2384 obita
1165 2354 1198 2383 in

231 2404 415 2433 supremum
456 2394 586 2426 honoris
619 2395 754 2436 gradum
790 2395 886 2426 fuerit
919 2402 1059 2426 evectus.
1114 2395 1198 2426 Nam

231 2437 316 2475 quod
339 2437 444 2469 adhuc
467 2438 564 2476 deest,
588 2439 716 2469 tandem
740 2449 798 2469 suo
819 2444 961 2477 tempore
979 2438 1199 2478 complebitur.

232 2479 298 2509 Sed
339 2480 477 2518 primum
512 2480 571 2512 hoc
605 2481 759 2520 quosdam
794 2481 942 2519 offendit,
985 2481 1069 2520 quod
1103 2482 1200 2511 nimis

233 2526 347 2560 argute
375 2522 496 2562 colligit
525 2524 698 2563 apostolus,
735 2523 816 2554 nihil
840 2534 908 2554 esse
932 2534 996 2554 non
1020 2524 1199 2554 subiectum

234 2563 374 2603 Christo,
405 2565 555 2603 quoniam
586 2566 780 2605 generaliter
810 2567 918 2597 omnia
949 2566 1200 2606 comprehendat

234 2605 352 2636 David.
383 2606 465 2637 Nam
482 2609 611 2647 species,
628 2619 705 2648 quas
722 2614 832 2649 postea
847 2615 1024 2646 enumerat,
1043 2609 1122 2639 nihil
1137 2609 1199 2640 tale

234 2649 421 2680 ostendunt:
446 2659 560 2689 nempe
577 2653 716 2690 agrestia
732 2652 893 2691 animalia,
917 2653 1019 2691 pisces
1038 2652 1146 2690 maris,
1169 2657 1198 2681 et

1253 311 1329 332 aves
1352 300 1442 333 coeli.
1487 300 1688 340 Respondeo,
1720 301 1900 341 generalem
1933 301 2127 332 sententiam
2161 313 2223 333 non

1253 343 1368 375 debere
1398 343 1437 373 ad
1470 343 1548 375 istas
1578 343 1700 382 species
1731 344 1898 384 restringi:
1934 344 2007 383 quia
2030 344 2109 374 nihil
2135 345 2221 375 aliud

1252 386 1356 417 voluit
1389 385 1495 417 David
1536 396 1631 425 quam
1678 385 1905 417 dominationis
1940 386 2027 418 illius
2060 387 2222 426 specimen

1253 434 1433 460 monstrare
1466 429 1497 459 in
1530 429 1625 459 rebus
1656 428 1798 459 maxime
1828 429 2024 469 conspicuis:
2057 429 2107 459 vel
2137 436 2223 460 certo

1252 471 1424 502 extendere
1454 471 1494 502 ad
1525 482 1575 502 res
1607 481 1709 511 usque
1739 471 1875 508 infimas,
1911 477 1946 502 ut
1978 472 2116 503 sciamus
2140 472 2219 502 nihil

1253 524 1321 544 esse
1352 517 1498 544 nostrum
1532 514 1592 544 nisi
1617 513 1678 544 Dei
1710 513 1864 544 beneficio
1893 517 1925 544 et
1946 513 2067 545 Christi
2097 516 2223 554 partici-

1253 556 1390 595 patione.
1428 556 1537 594 Quare
1560 557 1606 588 sic
1629 557 1806 587 orationem
1831 556 1991 587 resolvere
2014 557 2118 595 liceat,
2143 557 2222 588 Om-

1253 598 1306 628 nia
1336 599 1510 637 subiecisti,
1545 610 1607 629 non
1639 599 1733 630 modo
1764 609 1845 639 quae
1875 598 1914 630 ad
1939 603 2103 630 aeternam
2129 600 2223 631 beati-

1253 640 1395 671 tudinem
1428 642 1559 681 faciunt,
1593 642 1648 673 sed
1680 651 1782 682 usque
1812 641 1851 672 ad
1881 641 1960 672 haec
1990 643 2112 672 minuta
2142 652 2223 682 quae

1252 684 1399 713 serviunt
1433 685 1575 723 eorporis
1610 684 1729 716 usibus.
1786 683 1951 724 Quidquid
1992 684 2050 724 sit,
2088 684 2223 716 inferius

1252 725 1338 755 istud
1369 726 1400 755 in
1436 727 1587 757 animalia
1621 727 1798 758 dominium
1828 737 1869 757 ex
1899 727 2064 766 superiore
2095 727 2222 767 pendet.

1253 768 1428 805 Quaeritur
1461 769 1522 799 iam
1557 770 1714 809 quomodo
1749 773 1845 810 neget
1883 769 1993 801 videre
2027 780 2085 800 nos
2118 771 2224 801 omnia

1253 810 1385 841 Christo
1408 811 1547 843 subesse.
1593 812 1658 843 Sed
1687 813 1783 843 huius
1805 813 2001 853 quaestionis
2030 812 2222 844 solutionem

1251 853 1398 884 invenies
1428 853 1459 883 in
1491 853 1558 885 loeo
1583 854 1674 885 Pauli
1705 866 1806 894 nuper
1829 855 1935 887 citato.
1980 855 2024 886 Et
2046 856 2149 894 primo
2172 865 2223 886 ca-

1253 896 1317 936 pite
1355 895 1451 926 huius
1488 897 1640 935 epistolae
1670 897 1787 937 aliquid
1818 897 1992 938 attigimus.
2038 898 2123 936 Quia
2146 899 2223 929 assi-

1253 939 1352 969 duum
1383 948 1455 969 cum
1487 940 1587 970 variis
1620 940 1766 970 hostibus
1798 940 1913 971 bellum
1944 941 2027 981 gerit
2054 940 2222 972 Christus:

1253 981 1395 1012 nondum
1428 981 1474 1012 illi
1503 990 1588 1013 certe
1616 988 1741 1014 constat
1765 983 1939 1022 tranquilla
1961 983 2053 1023 regni
2077 983 2127 1014 sui
2151 994 2223 1023 pos-

1253 1024 1363 1055 sessiO.
1409 1024 1614 1064 Quamquam
1646 1026 1836 1055 necessitato
1861 1035 1923 1056 non
1947 1027 2073 1066 cogitur
2095 1025 2134 1057 ad
2160 1026 2222 1057 bel-

1253 1067 1395 1103 landum,
1427 1067 1481 1098 sed
1514 1067 1573 1098 hoc
1602 1068 1639 1098 fit
1662 1068 1730 1098 eius
1753 1068 1919 1098 voluntate
1942 1068 2025 1108 quod
2050 1079 2114 1100 non
2137 1068 2223 1100 subi-

1252 1116 1375 1150 guntur
1408 1109 1516 1140 hostes
1547 1110 1614 1140 eius
1643 1120 1744 1150 usque
1774 1110 1812 1140 ad
1844 1115 2022 1141 extremum
2054 1112 2155 1142 diem:
2190 1117 2226 1143 ut

1254 1163 1310 1183 nos
1334 1153 1451 1184 talibus
1474 1153 1635 1184 exercitiis
1658 1153 1841 1192 probemur.

1338 1195 1367 1226 9.
1399 1196 1504 1227 Iesum
1535 1198 1638 1227 autem
1666 1196 1720 1235 qui
1743 1195 1913 1234 paululum
1943 1196 2127 1227 imminutus
2154 1197 2224 1236 fuit.

1254 1240 1338 1278 Quia
1355 1238 1507 1278 ambigua
1523 1243 1571 1269 est
1588 1239 1685 1269 huius
1709 1238 1885 1278 particulae
1908 1238 2102 1278 significatio
2121 1239 2225 1281 βραχύ

1253 1292 1296 1321 τι,
1332 1292 1398 1312 rem
1433 1282 1536 1320 ipsam
1561 1281 1665 1321 qualis
1693 1281 1819 1312 exstitit
1852 1282 1884 1312 in
1919 1281 2041 1312 Christi
2077 1292 2224 1321 persona,

1252 1325 1357 1365 magis
1386 1325 1531 1355 intuetur
1561 1335 1656 1363 qnam
1687 1334 1875 1364 germanam
1905 1323 2074 1354 verborum
2098 1326 2225 1364 exposi-

1253 1368 1382 1404 tionem,
1414 1369 1450 1397 ut
1480 1368 1543 1397 iam
1576 1367 1653 1398 dixi.
1699 1368 1743 1398 Et
1773 1366 1905 1407 gloriam
1934 1367 1967 1396 in
1992 1368 2225 1399 resurrectione

1254 1409 1520 1441 considerandam
1551 1410 1711 1451 proponit,
1746 1420 1841 1449 quam
1874 1409 1981 1439 David
2010 1409 2156 1440 extendit
2186 1411 2225 1441 ad

1254 1463 1365 1484 omnes
1399 1452 1489 1484 dotes
1523 1453 1640 1492 quibus
1672 1453 1732 1484 Dei
1768 1452 1981 1483 beneficentia
2015 1459 2146 1483 ornatus
2177 1458 2225 1484 cst

1254 1497 1359 1527 homo.
1413 1495 1537 1526 Verum
1572 1495 1653 1527 nihil
1688 1496 1723 1526 in
1757 1495 1818 1527 hac
1852 1494 2063 1526 exornatione
2093 1498 2141 1525 est
2171 1496 2225 1527 ab·

1254 1539 1357 1575 surdi,
1393 1548 1473 1578 quae
1508 1549 1638 1571 sensum
1672 1538 1829 1569 literalem
1865 1538 2028 1577 integrum
2064 1538 2225 1578 relinquit.

1254 1582 1432 1622 Propter
1462 1582 1695 1620 passionem
1728 1581 1889 1617 mortis,
1921 1579 2113 1611 tantundem
2142 1581 2227 1612 valet

1253 1624 1319 1666 30¹)
1345 1625 1375 1655 si
1402 1624 1515 1655 (lictum
1547 1626 1630 1662 esset,
1666 1624 1826 1656 Christum
1857 1623 1937 1654 obita
1959 1625 2055 1654 morte
2083 1624 2125 1655 ad
2147 1624 2227 1655 haue

1251 1668 1396 1707 ylorz'am,
1414 1677 1508 1706 quam
1524 1667 1654 1705 adeptus
1666 1670 1718 1706 est,
1732 1667 1830 1705 fuisse
1845 1668 1988 1697 evectum.-
2002 1666 2081 1697 sicut
2097 1669 2125 1697 et
2142 1666 2227 1697 Pau-

1252 1710 1302 1741 lus
1334 1711 1415 1741 docet
1447 1710 1488 1741 ad
1518 1709 1637 1749 Philip.
1667 1710 1766 1749 capite
1795 1711 1828 1747 2,
1865 1711 1894 1740 8.
1949 1708 2019 1739 Non
2054 1709 2134 1748 quod
2166 1709 2227 1740 sibi

1252 1753 1423 1793 quidquam
1440 1753 1593 1791 privatim
1621 1752 1800 1792 acquisierit
1824 1751 1977 1791 Christus,
2005 1751 2084 1782 sicut
2105 1752 2224 1791 sophis-

1252 1799 1299 1827 tae
1325 1795 1454 1836 fiuqunt,
1483 1796 1591 1834 primo
1617 1795 1677 1826 sibi
1699 1796 1794 1826 vitam
1817 1797 1970 1826 aeternam
1990 1794 2090 1833 fuisse
2106 1804 2225 1833 prome-

1251 1839 1358 1876 ritum,
1388 1838 1496 1869 deinde
1526 1838 1621 1869 nobis.
1667 1838 1812 1869 Medium
1844 1838 1931 1868 enim
1959 1836 2008 1877 (ut
2031 1837 2076 1867 ita
2099 1837 2227 1878 loquar)

1253 1881 1446 1912 obtinendae
1480 1881 1600 1921 gloriae
1634 1880 1866 1911 tandummodo
1899 1879 2070 1911 indicatur.
2124 1880 2226 1911 Porro

1252 1925 1285 1954 in
1309 1924 1370 1954 hoc
1394 1929 1564 1955 coronatus
1587 1923 1689 1964 gloria
1707 1923 1858 1954 Christus
1878 1928 1936 1958 est,
1960 1928 1996 1953 ut
2019 1932 2114 1953 omne
2137 1933 2225 1962 genu

1252 1978 1357 1998 coram
1375 1977 1411 1997 eo
1435 1966 1592 1998 flectatur.
1630 1966 1744 2006 Itaque
1769 1976 1786 1996 a
1809 1975 1904 1997 causa
1927 1965 2017 1996 finali
2039 1966 2225 1996 ratiocinari

1252 2010 1335 2049 licet,
1359 2010 1467 2040 omnia
1489 2009 1537 2040 illi
1559 2010 1591 2039 iu
1616 2019 1745 2040 manum
1770 2019 1839 2039 esse
1862 2007 1946 2039 data.

1345 2052 1382 2083 Ut
1415 2052 1521 2092 qratia
1555 2051 1627 2083 Dei.
1694 2052 1833 2083 Causam
1872 2051 2076 2090 fructumque
2114 2051 2227 2082 mortis

1255 2095 1376 2126 Christi
1400 2095 1507 2134 refert,
1539 2105 1580 2125 ne
1603 2095 1678 2134 quid
1704 2099 1836 2134 putetur
1855 2094 1925 2124 eius
1948 2093 2098 2133 dignitati
2122 2093 2225 2124 detra-

1253 2138 1337 2169 here.
1384 2137 1466 2168 Nam
1497 2147 1593 2177 quum
1618 2137 1766 2168 audimus
1790 2141 1916 2167 tantum
1943 2136 2015 2166 boni
2041 2136 2131 2167 nobis
2154 2146 2225 2176 par-

1253 2186 1318 2211 tum
1350 2190 1427 2217 esse,
1463 2181 1571 2211 nullus
1601 2180 1766 2219 despectui
1790 2179 1877 2210 locus
1901 2179 2114 2218 relinquitur:
2150 2180 2225 2218 quia

1253 2229 1355 2254 totum
1387 2228 1521 2262 occupat
1544 2222 1685 2254 Divinae
1713 2222 1863 2253 bonit-atis
1887 2221 2070 2252 admiratio.
2115 2221 2224 2260 Quum

1253 2266 1343 2304 dicit,
1382 2276 1452 2305 pro
1490 2266 1694 2302 omnibus,
1733 2276 1794 2296 non
1834 2269 1961 2295 tantum
1998 2264 2152 2304 intelligit
2190 2270 2225 2294 ut

1252 2309 1323 2339 aliis
1357 2308 1504 2347 exemplo
1537 2313 1636 2339 esset:
1672 2306 1940 2347 quemadmodum
1972 2306 2225 2348 Chrysostomus

1253 2351 1497 2382 similitudinem
1522 2351 1636 2382 medici
1660 2350 1800 2390 adducit,
1824 2350 1877 2390 qui
1902 2350 2060 2389 potionem
2080 2359 2223 2380 amaram

1254 2399 1448 2433 praegustat,
1473 2404 1511 2424 ne
1529 2398 1652 2424 recuset
1672 2398 1823 2433 aegrotus
1847 2393 1968 2423 bibere:
1993 2391 2048 2423 sed
2072 2392 2224 2432 intelligit

1253 2437 1419 2468 Christum
1458 2447 1516 2476 pro
1554 2436 1645 2467 nobis
1682 2446 1751 2467 esse
1789 2440 1968 2471 mortuum,
2010 2434 2084 2474 quia
2121 2435 2222 2466 vicem

1254 2484 1395 2510 nostram
1419 2479 1585 2509 subeundo
1615 2489 1632 2509 a
1667 2478 1779 2509 mortis
1802 2477 2027 2508 maledictione
2052 2487 2110 2508 nos
2133 2477 2222 2508 rede-

1253 2523 1320 2553 mit.
1368 2522 1411 2551 Et
1438 2521 1508 2551 ideo
1535 2521 1679 2552 additur:
1713 2520 1828 2551 Gratia
1850 2520 1913 2550 Dei
1937 2520 1968 2550 id
1992 2530 2062 2551 esse
2085 2520 2222 2550 factum:

1253 2566 1327 2605 quia
1344 2564 1572 2603 redemptionis
1588 2573 1683 2594 causa
1704 2563 1764 2594 fuit
1787 2563 1964 2594 immensus
1988 2562 2042 2594 ille
2065 2573 2142 2603 erga
2166 2572 2222 2592 nos

1341 2658 1362 2690 ¹)
1378 2659 1491 2683 mortem
1508 2655 1641 2690 patiendo.
