2513 3126
147 210 211 243 259
990 204 1134 238 EPIST.
1159 204 1299 238 PETRI
1324 203 1339 236 I
2085 202 2147 236 260

151 306 320 345 iustitiam,
343 304 431 336 beati.
478 302 635 334 Timorem
665 310 738 333 vero
766 310 873 333 eorum
901 311 939 333 ree
959 301 1138 340 timueritis,

151 359 248 390 neque
269 346 452 381 turbemini.-
487 345 537 377 lo.
563 344 626 377 Sed
640 343 818 377 Dominum
839 344 1028 377 exercituum
1050 354 1138 377 saric-

152 393 265 433 tificate
287 393 323 424 iri
345 389 489 422 cordibus
510 388 631 421 vestris.

242 477 291 509 10.
319 475 382 516 Qui
410 475 503 516 emim,
534 477 585 508 etc.
639 472 819 506 Confirmat
848 474 1032 515 proximam
1065 484 1139 506 sen-

153 521 288 554 tentiam
324 518 465 551 Davidis
499 517 698 550 testimonio.
754 516 865 550 Locus
900 528 942 550 ex
976 516 1062 550 Psal.
1087 517 1139 559 34,

153 568 304 605 sumptus
327 568 386 602 est,
411 561 465 594 ubi
483 562 618 603 spiritus
635 564 776 592 testatur
792 560 875 592 bene
891 561 1042 594 omnibus
1061 561 1139 600 fore,

152 609 208 648 qui
241 605 301 638 sibi
332 605 565 646 temperabunt
595 604 635 636 ab
667 604 757 635 omni
791 605 951 636 maleficio
980 610 1013 636 et
1041 615 1139 636 noxa.

152 649 345 682 Communis
375 648 504 690 quidem
529 658 645 680 sensus
673 647 771 688 longe
804 647 892 679 aliud
916 647 1034 680 dictat:
1062 659 1138 680 nam

151 693 301 725 homiues
336 703 371 724 se
405 692 612 723 inimicorum
649 691 836 732 proterviae
869 692 1036 733 expositos
1070 692 1139 724 fore

150 742 281 778 putant,
314 736 375 768 nisi
399 742 533 767 strenue
556 745 591 766 se
614 734 792 767 vindicent.
839 735 884 766 At
914 735 1052 776 spiritus
1075 734 1139 767 Dei

151 791 218 812 non
243 780 314 812 aliis
339 779 465 810 felicem
490 779 590 810 vitam
615 778 788 818 promittit,
811 778 874 810 nisi
893 779 1083 817 mansuetis,
1108 783 1140 811 et

151 824 312 856 malorum
337 822 546 863 patientibus.
593 821 708 862 Neque
735 822 823 853 enim
851 821 947 853 aliter
975 822 1058 855 bene
1082 822 1138 854 ha-

152 867 229 899 bere
252 876 434 908 possumus,
466 865 529 896 nisi
552 864 717 896 Dominus
747 865 816 897 vias
847 869 978 897 nostras
1008 876 1139 907 prospe-

151 916 213 943 ret.
252 910 353 950 Atqui
379 908 473 940 bonis
496 914 529 940 et
552 907 718 947 beneficis,
741 918 805 940 non
823 909 1017 941 truculentis
1041 915 1073 941 et
1096 908 1140 941 fe-

151 954 292 994 rocibus,
326 952 400 984 vult
431 951 553 984 adesse.
607 951 777 992 Sequutus
806 958 855 984 est
886 958 993 984 autem
1019 952 1139 985 Petrus

152 1006 302 1039 graecam
327 996 530 1027 versionem:
554 1005 753 1036 quamquam
771 995 805 1027 in
828 1006 926 1027 sensu
951 1006 1066 1037 parum
1091 1001 1140 1028 est

152 1039 362 1072 discriminis.
401 1039 454 1070 Ad
478 1039 615 1071 verbum
640 1039 687 1071 sic
711 1038 810 1071 habet
834 1039 952 1079 David,
975 1039 1043 1079 Qui
1067 1039 1137 1071 dili-

152 1084 201 1126 git
224 1084 338 1122 vitam,
366 1089 399 1114 et
429 1083 519 1123 cupit
550 1083 619 1114 dies
641 1082 755 1114 videre
783 1083 893 1114 bonos.
939 1082 1000 1115 Est
1029 1088 1138 1115 autem

151 1127 213 1159 hoc
237 1125 388 1167 optabile,
419 1136 519 1166 quum
544 1124 637 1157 Deus
667 1126 703 1157 in
728 1125 790 1158 hoc
814 1125 937 1157 mundo
960 1136 1018 1158 nos
1042 1126 1138 1159 collo-

151 1171 287 1210 caverit,
311 1179 445 1202 cursum
463 1174 610 1200 nostrum
628 1169 663 1200 in
680 1179 757 1210 pace
774 1170 965 1210 transigere.
1001 1170 1138 1201 Modum

152 1225 230 1255 ergo
253 1213 351 1245 huius
376 1213 453 1244 boni
476 1213 645 1244 obtinendi
669 1212 802 1250 indicat,
834 1213 859 1244 si
883 1213 968 1244 iuste
991 1217 1024 1245 et
1046 1214 1138 1245 innoÎ‡

150 1258 205 1289 xie
228 1267 303 1290 cum
326 1256 479 1288 omnibus
503 1266 563 1288 nos
591 1266 753 1297 geramus.
799 1257 848 1288 Ac
880 1257 1021 1296 primum
1046 1262 1140 1288 notat

151 1311 234 1342 quae
264 1300 398 1341 linguae
430 1299 510 1331 vitia
533 1299 679 1331 cavenda
703 1299 782 1332 sint:
814 1310 932 1340 nempe
960 1310 1002 1331 ne
1025 1305 1138 1332 contu-

151 1344 276 1376 meliosi
301 1354 338 1375 ac
361 1343 547 1385 petulantes
577 1343 697 1375 simus:
732 1342 849 1374 deinde
872 1353 914 1375 ne
938 1343 1140 1375 fraudulenti

152 1397 190 1420 ac
214 1386 369 1428 duplices.
415 1386 506 1418 Hinc
529 1385 569 1417 ad
594 1387 677 1418 facta
701 1386 876 1425 descendit,
900 1397 941 1418 ne
958 1397 1053 1427 quem
1077 1386 1139 1419 lae-

152 1430 278 1468 damus,
307 1430 360 1462 vel
392 1441 433 1461 ne
459 1430 511 1462 cui
535 1430 716 1461 inseramus
741 1430 912 1463 damnum:
937 1430 992 1462 sed
1010 1430 1139 1462 studea-

151 1484 225 1506 mus
249 1483 326 1515 erga
351 1483 464 1505 omnes
494 1483 564 1505 esse
588 1473 736 1511 benefici,
765 1483 801 1506 ac
830 1472 1045 1506 humanitatis
1068 1474 1138 1505 offi-

152 1518 202 1550 oia
226 1526 449 1549 exerceamus.

240 1561 291 1592 11.
319 1560 457 1600 Quaerat
475 1569 594 1601 pacem.
634 1559 748 1600 Neque
771 1560 858 1592 enim
879 1560 957 1592 satis
980 1565 1029 1592 est
1052 1560 1138 1593 obla-

153 1607 221 1636 tam
258 1603 427 1645 amplecti,
462 1604 518 1635 sed
554 1603 631 1635 dum
668 1605 780 1645 fugere
816 1614 835 1635 a
869 1604 963 1636 nobis
998 1603 1139 1645 videtur,

153 1647 310 1679 sectanda
345 1652 404 1679 est.
461 1647 569 1688 Saepe
592 1647 691 1678 etiam
723 1646 851 1685 accidit,
887 1653 923 1679 ut
957 1648 1034 1679 dum
1066 1658 1138 1679 eam

153 1692 343 1731 quaerimus
378 1696 537 1731 quantum
570 1690 604 1722 in
639 1689 732 1722 nobis
767 1695 825 1730 est,
860 1691 916 1723 alii
950 1702 1014 1722 non
1050 1690 1138 1723 dent.

151 1734 293 1775 Propter
326 1734 386 1766 has
421 1733 631 1766 difficultates
665 1738 698 1766 et
732 1734 907 1774 obstacula,
942 1734 1032 1766 iubet
1065 1745 1136 1767 eam

152 1787 312 1819 quaerere
336 1783 368 1809 et
391 1778 551 1819 persequi.

241 1821 292 1852 12.
325 1821 480 1861 Quoniam
509 1821 591 1854 oculi
619 1820 754 1853 Domini
780 1831 877 1861 super
905 1821 1012 1853 iustos.
1064 1821 1138 1854 Hoc

153 1864 193 1897 ad
224 1863 406 1905 mitiganda
437 1864 570 1905 quaevis
601 1865 688 1896 mala
718 1865 798 1896 satis
833 1865 949 1897 efficax
984 1865 1137 1896 solatium

153 1918 224 1940 esse
256 1907 361 1947 debet,
392 1918 450 1939 nos
481 1919 499 1939 a
522 1907 667 1940 Domino
698 1909 824 1949 respici,
855 1913 893 1940 ut
925 1909 958 1939 in
990 1911 1140 1949 tempore

154 1962 248 1992 opem
273 1952 364 1983 ferat.
400 1950 539 1984 Summa
558 1962 636 1993 ergo
660 1955 718 1989 est,
744 1952 829 1992 quod
850 1952 1050 1993 prosperitas
1073 1952 1137 1989 illa,

153 1996 247 2027 cuius
270 1995 430 2031 meminit,
463 2005 504 2026 ex
529 1995 592 2026 Dei
620 1994 760 2036 pendeat
789 1996 902 2027 tutela.
947 1995 1020 2027 Nisi
1051 1996 1138 2027 enim

153 2038 222 2070 suis
247 2038 445 2078 prospiceret
468 2037 644 2076 Dominus,
676 2044 785 2070 essent
815 2039 917 2071 veluti
946 2049 1022 2070 oves
1053 2038 1139 2079 lupis

153 2081 188 2112 in
212 2081 367 2122 praedam
399 2082 575 2122 expositae.
622 2082 666 2113 Et
697 2092 776 2113 sane
807 2082 892 2123 quod
926 2087 991 2113 tam
1022 2081 1139 2113 leviter

153 2125 406 2165 tumultuamur,
441 2125 525 2165 quod
557 2125 665 2156 subito
696 2126 906 2157 accendimur
936 2126 976 2157 ad
1010 2125 1138 2157 iracun-

154 2167 251 2207 diam,
276 2168 359 2208 quod
384 2168 537 2200 ardemus
562 2168 724 2200 vindictae
748 2168 891 2208 libidine,
915 2169 992 2201 hinc
1011 2169 1047 2200 fit
1063 2169 1140 2209 quia

153 2221 220 2242 non
253 2218 446 2252 reputamus
480 2222 540 2243 nos
573 2222 671 2243 curae
701 2223 773 2244 esse
802 2212 881 2251 Deo,
917 2223 975 2244 nec
1005 2212 1039 2243 in
1071 2212 1140 2244 eius

154 2253 276 2286 auxilio
297 2255 541 2295 acquiescimus.
584 2254 697 2296 Itaque
721 2255 845 2287 frustra
869 2255 1036 2287 docebitur
1059 2255 1138 2287 tole-

154 2298 271 2336 rantia,
293 2298 355 2329 nisi
379 2299 470 2338 prius
493 2298 610 2330 imbuti
630 2298 692 2330 hac
715 2298 863 2330 doctrina
887 2299 987 2330 animi
1007 2299 1139 2336 fuerint,

154 2340 262 2372 Deum
288 2342 392 2373 nostri
423 2352 535 2373 curam
560 2352 685 2383 gerere,
714 2347 750 2373 ut
780 2343 813 2373 in
839 2348 986 2383 tempore
1010 2352 1141 2374 succur-

154 2388 215 2416 rat.
251 2383 377 2418 Contra
400 2384 455 2417 ubi
479 2384 542 2417 hoo
565 2385 659 2417 nobis
679 2396 872 2426 persuasum
896 2392 954 2423 est,
978 2385 1140 2417 iustorum

155 2438 283 2460 causam
310 2427 418 2459 Deum
452 2429 632 2469 patrocinio
665 2439 724 2460 suo
755 2430 840 2460 tueri
872 2428 966 2467 velle,
999 2430 1140 2470 primum

155 2471 364 2503 innocentiae
387 2472 582 2513 simpliciter
607 2473 798 2504 studemus:
823 2472 940 2504 deinde
957 2483 1056 2512 quum
1074 2483 1142 2504 mo-

156 2514 228 2545 lesti
253 2521 284 2546 et
308 2515 417 2546 infesti
443 2522 520 2546 sunt
543 2516 691 2557 improbi,
715 2516 754 2547 ad
772 2515 834 2547 Dei
853 2516 1049 2557 praesidium
1067 2526 1141 2547 con-

156 2558 309 2598 fugimus.
345 2558 428 2590 Nam
454 2570 553 2599 quum
579 2560 664 2597 dicit,
689 2569 809 2591 aures
833 2559 969 2591 Domini
994 2559 1143 2600 precibus

156 2608 296 2642 apertas,
320 2601 359 2632 ad
385 2603 537 2642 precandi
558 2603 701 2634 studium
727 2614 787 2635 nos
811 2603 934 2634 incitat.

253 2644 365 2676 Vultus
388 2649 491 2677 autem
515 2646 650 2678 Domini
672 2657 775 2687 super,
802 2649 854 2678 etc.
899 2646 973 2679 Hoc
996 2645 1142 2678 membro

158 2686 338 2720 Dominum
369 2690 548 2730 significat,
582 2698 729 2722 nostrum
761 2691 827 2722 fore
861 2690 1033 2731 vindicem,
1067 2691 1142 2731 quia

1192 311 1256 333 non
1281 308 1409 341 semper
1425 306 1579 340 passurus
1602 295 1646 327 sit
1661 294 1837 335 impiorum
1860 297 1971 335 proter
1989 304 2039 325 am
2059 305 2146 336 grag-

1193 344 1268 377 sari.
1303 343 1346 376 Et
1369 340 1465 375 simul
1489 339 1660 372 denuntiat
1683 337 1761 379 quid
1781 337 1929 369 futurum
1949 348 1972 369 Î’á¿†
2004 338 2031 369 si
2048 339 2147 372 vitam

1193 393 1337 419 nostram
1355 384 1523 418 maleficiis
1541 382 1680 415 velimus
1696 381 1799 413 tueri:
1823 391 1942 421 nempe
1961 392 1970 411 (
1990 382 2023 412 )d
2042 382 2148 415 Deum

1194 430 1337 463 habituri
1361 430 1461 461 simus
1486 427 1577 459 nobis
1600 425 1786 458 adversum.
1817 424 1918 465 Atqui
1939 424 1972 456 ol
1987 426 2011 457 ci
2038 430 2150 459 contra

1193 478 1311 515 posset,
1335 483 1394 505 nos
1418 472 1512 512 longe
1535 469 1622 502 aliud
1646 468 1790 510 quotidie
1813 468 1967 509 experiri.
1988 468 2063 500 &lam
2089 480 2150 510 quo

1193 517 1330 558 quisque
1360 516 1475 548 iustior
1505 519 1563 552 est,
1598 513 1752 554 pacisque
1787 512 1960 549 amantior,
1992 523 2009 543 0
2046 513 2150 555 magis

1192 566 1335 593 vexatur
1369 570 1387 591 a
1421 557 1595 591 sceleratis.
1651 555 1859 596 Respondeo,
1894 565 1967 586 nem
1988 566 2036 586 em
2072 557 2151 588 adeo

1193 614 1263 636 esse
1286 603 1459 644 aequitatis
1482 606 1514 633 et
1543 601 1631 642 pacis
1660 599 1853 637 studiosum,
1885 599 1963 640 quin
1992 606 2078 631 eccet
2101 600 2149 631 in-

1193 647 1321 679 terdum
1347 647 1456 687 aliqua
1478 646 1511 676 in
1535 649 1638 686 parte.
1684 643 1749 675 Sed
1782 642 1844 675 hoc
1868 652 1971 683 praec,
1990 654 2016 673 Î¹Î¿
2045 643 2151 675 obser-

1193 691 1338 723 vandum
1363 696 1421 727 est,
1453 688 1683 730 promissiones
1712 686 1809 718 huius
1840 686 1927 717 vitae
1957 698 1998 717 ri
2024 686 2151 728 longius

1194 734 1336 771 extendi,
1365 743 1461 774 quam
1486 731 1589 773 quoad
1615 731 1707 763 nobis
1737 729 1869 771 expedit
1897 739 1972 770 prae
1988 730 2035 761 ari
2067 730 2152 771 quod

1194 777 1375 809 continent.
1421 776 1527 817 Saepe
1560 785 1637 816 ergo
1671 773 1821 806 turbatur
1855 783 1920 814 pax
1955 785 1971 804 r
1994 779 2044 805 tra
2079 783 2152 805 cum

1194 820 1326 859 mundo,
1358 825 1395 852 ut
1418 830 1491 852 caro
1520 825 1631 851 nostra
1653 818 1686 850 in
1712 817 1775 850 Dei
1799 816 1971 857 obsequim
1993 817 2152 856 dometur,

1194 870 1226 896 et
1251 864 1331 896 alias
1354 864 1395 895 ob
1418 873 1543 901 causas,
1567 867 1603 894 ut
1626 861 1708 893 nihil
1731 861 1824 892 nobis
1849 861 1966 901 depere

1282 907 1333 939 13.
1355 906 1400 939 Et
1423 908 1494 947 quis
1516 909 1558 938 est
1581 906 1636 947 qui
1654 905 1747 946 vobis,
1771 907 1823 937 etc.
1854 904 1967 936 Rursu
1988 904 2152 936 zonfirmat

1194 952 1395 993 superiorem
1425 950 1622 982 sententiam
1652 953 1845 990 argumento
1875 958 1895 980 a
1926 958 1971 980 coi
1988 948 2068 979 nuni
2099 958 2152 979 exâ€”

1194 995 1356 1036 perientia
1378 999 1518 1034 sumpto.
1554 993 1627 1024 Hoc
1643 994 1729 1025 enim
1746 997 1784 1024 ut
1799 992 1972 1032 plurimum
1987 1002 2032 1023 su
2049 991 2151 1032 venit,

1194 1044 1231 1070 ut
1253 1038 1347 1070 nobis
1369 1038 1504 1078 improbi
1529 1038 1697 1079 negotium
1720 1035 1892 1074 facessant,
1917 1034 1969 1068 vel
1987 1035 2109 1066 icessiti
2134 1045 2152 1066 a

1194 1081 1298 1121 nobis,
1321 1081 1375 1112 vel
1399 1081 1476 1121 quia.
1498 1081 1562 1112 illis
1586 1079 1791 1112 demerendis
1810 1089 1944 1121 operam
1990 1089 2010 1110 n
2028 1079 2151 1119 impen-

1194 1125 1310 1164 dimus,
1335 1129 1371 1156 ut
1394 1124 1536 1156 decebat.
1581 1123 1667 1155 Nam
1691 1123 1746 1164 qui
1771 1123 1964 1155 beneficenti
2010 1122 2153 1160 student,

1194 1169 1293 1200 etiam
1328 1168 1449 1199 ferreos
1483 1167 1600 1208 alioqui
1635 1168 1759 1199 animos
1793 1167 1964 1199 emolliunt
2003 1165 2153 1197 Eandem

1194 1212 1354 1244 rationem
1380 1211 1512 1243 adducit
1530 1211 1622 1243 Plato
1647 1211 1729 1243 libro
1754 1211 1783 1243 1.
1801 1211 1840 1242 de
1856 1210 1972 1251 Reput
1990 1210 2002 1251 )
2027 1208 2152 1246 ÏƒÏ„á½±ÏƒÎµÎ¹Ï‚

1193 1255 1255 1298 Î³á½±Ï
1277 1265 1341 1286 Ï€Î¿Ï…
1363 1254 1385 1297 á¼¡
1409 1265 1446 1297 Î³Îµ
1470 1254 1575 1286 á¼€Î´Î¹Îºá½·Î±
1597 1255 1652 1286 â€™ÎºÎ±á½¶
1675 1254 1748 1297 Î¼á½·ÏƒÎ·
1768 1255 1823 1286 ÎºÎ±á½¶
1843 1254 1949 1296 Î¼á½±Ï‡Î±Ï‚
2004 1252 2154 1294 Î±Î»Î»á½µÎ»Î¿Î¹Ï‚

1194 1297 1335 1341 Ï€Î±Ïá½²Ï‡ÎµÎ¹â€œ
1356 1298 1377 1340 á¼¡
1401 1298 1435 1330 Î´á½²
1464 1298 1648 1341 Î´Î¹ÎºÎ±Î¹Î¿Ïƒá½»Î½Î·
1677 1298 1827 1340 á½Î¼á½¹Î½Î¿Î¹Î±Î½
1854 1299 1908 1329 ÎºÎ±á½¶
1939 1308 1970 1339 Î¹ÏÎ¹
1988 1308 2035 1328 ÏƒÎ¹Î½.
2081 1296 2154 1328 Hoc

1196 1350 1254 1380 est,
1287 1342 1462 1374 seditiones
1485 1349 1516 1374 et
1539 1342 1611 1373 odia
1634 1346 1665 1374 et
1695 1353 1823 1384 pugnas
1854 1343 1991 1374 iniusti.
2016 1341 2154 1372 excitat:

1194 1386 1399 1418 concordiam
1424 1395 1503 1417 vero
1532 1391 1563 1418 et
1586 1386 1765 1418 amicitiam
1788 1386 1923 1418 iustitia.
1987 1395 2020 1415 ac
2043 1390 2153 1415 tamen

1194 1430 1254 1462 etsi
1279 1430 1497 1461 communiter
1520 1429 1646 1467 accidit,
1676 1441 1740 1461 non
1765 1434 1813 1462 est
1836 1435 1945 1461 tamen
1991 1434 2152 1468 rpetuum.

1194 1472 1279 1505 Nam
1310 1472 1367 1504 filii
1395 1471 1458 1504 Dei
1486 1473 1698 1514 quantumvis
1728 1473 1892 1514 improbos
1923 1472 2029 1514 plctre
2058 1471 2154 1503 bene-

1194 1517 1276 1548 ficiis
1311 1515 1476 1555 studeant,
1510 1515 1655 1557 adeoque
1690 1527 1767 1558 erga
1801 1527 1914 1549 omnes
1948 1515 1967 1547 b
1991 1516 2086 1547 eficos
2121 1524 2155 1546 se

1195 1564 1378 1599 praestent:
1413 1569 1508 1601 saepe
1543 1564 1655 1592 tamen
1689 1560 1853 1592 immerito
1888 1570 1906 1591 a
1937 1561 2026 1591 mtis
2055 1559 2155 1599 impe-

1194 1608 1320 1635 tuntur.
1366 1602 1444 1635 Ideo
1479 1603 1569 1635 addit
1604 1603 1734 1645 Petrus,
1769 1603 1810 1636 Si
1840 1608 1965 1645 propt
1986 1614 1997 1633 r
2031 1602 2156 1634 iusti-

1194 1648 1291 1678 tiam
1326 1647 1564 1687 patiaminiâ€š
1600 1652 1672 1680 etc.
1725 1647 1863 1679 Summa
1898 1653 1956 1686 est,
1985 1646 2081 1677 [deles
2116 1644 2155 1676 ad

1194 1691 1405 1730 tranquillum
1431 1690 1517 1723 vitae
1536 1695 1658 1722 statum
1682 1691 1896 1723 obtinendum
1915 1691 1968 1732 plu
1989 1688 2156 1721 beneficiis

1194 1734 1403 1775 profecturos,
1428 1743 1526 1774 quam
1551 1734 1708 1766 violentia
1731 1739 1764 1766 et
1780 1734 1961 1767 ulciscendi
1986 1733 2155 1773 romptitu-

1195 1777 1278 1809 dine.
1326 1777 1500 1809 Caeterum
1525 1777 1579 1809 ubi
1611 1777 1692 1809 nihil
1721 1778 1761 1810 ad
1787 1788 1897 1819 pacem
1922 1788 1969 1810 coi
1986 1776 2155 1808 â€ºarandam

1194 1821 1371 1860 omiserint,
1403 1821 1431 1853 si
1455 1823 1626 1863 contingat
1655 1822 1742 1862 ipsos
1766 1823 1843 1863 pati,
1875 1822 1935 1853 hoc
1984 1831 2013 1851 30
2045 1820 2157 1852 beatos

1194 1875 1275 1902 esse,
1300 1864 1376 1905 quia
1400 1865 1572 1905 patiuntur
1590 1870 1724 1906 propter
1747 1866 1920 1897 iustitiam.
1955 1865 1967 1895 l
1990 1874 2006 1895 c
2023 1862 2155 1904 quidem

1195 1909 1355 1948 posterius
1386 1908 1570 1939 membrum
1598 1908 1696 1950 longe
1727 1919 1745 1940 a
1779 1908 1887 1940 carnis
1915 1918 1970 1939 uos
1987 1919 2023 1939 ae
2059 1916 2156 1938 sensu

1195 1951 1347 1983 dissidet:
1372 1951 1427 1982 sed
1452 1961 1519 1982 non
1543 1956 1665 1983 temere
1689 1952 1734 1983 ita
1755 1951 1910 1984 Christus
1934 1962 1970 1992 pr
1986 1950 2156 1982 nuntiavit:

1195 2005 1255 2026 nec
1278 2001 1400 2026 temere
1425 1994 1546 2026 Petrus
1569 2006 1609 2027 ex
1632 2005 1688 2026 ore
1711 1995 1861 2036 magistri
1890 1996 1968 2027 recit
1988 2021 1991 2025 .
2040 1993 2158 2025 Aderit

1195 2038 1283 2070 enim
1309 2037 1440 2069 tandem
1466 2037 1557 2070 Deus
1581 2039 1744 2077 liberator,
1768 2049 1804 2070 ac
1828 2043 1896 2069 tum
1922 2039 1969 2078 pal
1987 2049 2004 2067 n
2030 2042 2155 2069 consta-

1197 2082 1244 2113 bit
1267 2081 1352 2122 quod
1378 2091 1465 2113 nunc
1481 2081 1669 2113 incredibile
1693 2081 1831 2119 videtur,
1857 2081 1967 2113 felices
1990 2082 2067 2112 lisso
2092 2080 2157 2120 pio-

1196 2135 1267 2156 rum
1292 2124 1441 2156 miserias
1465 2125 1519 2165 qui
1543 2126 1706 2165 patienter
1722 2125 1959 2156 sustinuerunt.
1988 2125 2045 2154 'nti
2063 2131 2159 2163 prop-

1196 2174 1245 2199 ter
1268 2168 1436 2205 iustitiam,
1461 2178 1526 2198 non
1546 2168 1641 2200 modo
1664 2168 1827 2210 significat
1851 2168 1962 2200 damni
1984 2167 2080 2207 Â¹iquid
2107 2165 2156 2196 vel

1196 2210 1392 2243 incommodi
1417 2215 1549 2252 propter
1567 2212 1670 2243 bonae
1686 2222 1803 2243 causae
1820 2213 1966 2252 patrocin
1986 2221 2015 2241 m
2034 2209 2156 2240 subire:

1195 2255 1251 2287 sed
1286 2255 1406 2286 iniuste
1439 2254 1518 2295 pati,
1552 2255 1607 2286 ubi
1640 2255 1713 2295 quis
1748 2256 1941 2287 innocenter
1983 2254 2011 2283 ib
2043 2254 2158 2284 timore

1197 2297 1260 2330 Dei
1284 2303 1432 2329 versatus
1455 2298 1496 2328 sit
1519 2297 1606 2329 inter
1628 2297 1785 2330 homines.

1284 2341 1334 2374 14.
1371 2341 1527 2372 Timorem
1554 2351 1624 2373 vero
1652 2352 1767 2374 eorum.
1825 2341 1951 2372 Iterum
1985 2346 2086 2370 uitem
2123 2349 2159 2370 ac

1196 2395 1326 2417 causam
1362 2384 1584 2424 impatientiae
1619 2385 1789 2426 designat:
1825 2394 1943 2424 nempe
1986 2384 2035 2413 iod
2073 2383 2159 2413 ultra

1197 2428 1329 2460 modum
1365 2427 1554 2467 turbamur,
1594 2428 1670 2460 dum
1705 2428 1739 2459 in
1773 2438 1831 2459 nos
1865 2429 2021 2467 insurgat
2058 2426 2157 2466 impii.

1197 2472 1286 2503 'Palis
1319 2471 1406 2503 enim
1436 2472 1655 2503 consternatio
1678 2471 1730 2504 vel
1762 2482 1820 2503 nos
1851 2471 1968 2502 exanin
1984 2476 2003 2503 t,
2036 2470 2088 2499 vol
2121 2469 2159 2500 de

1197 2515 1300 2556 gradu
1325 2514 1442 2553 deiicit,
1474 2514 1525 2546 vel
1557 2515 1590 2546 in
1615 2514 1707 2546 nobis
1738 2515 1886 2547 accendit
1916 2515 1969 2546 vin
1988 2524 2057 2544 cmc
2091 2513 2159 2544 libi-

1198 2559 1316 2590 dinem.
1356 2558 1488 2589 Interea
1513 2569 1577 2589 non
1598 2559 1832 2599 acquiescimus
1857 2559 1890 2589 in
1916 2558 1965 2589 Dc
1983 2557 2158 2597 pvxosidio:

1199 2602 1260 2634 hoc
1294 2602 1398 2644 igitur
1429 2601 1468 2632 ad
1504 2602 1711 2634 turbulentos
1743 2603 1925 2633 animorum
1958 2609 2039 2631 ime
2074 2600 2159 2632 cohi-

1286 2697 1307 2731 Â¹)
1327 2697 1395 2731 Cap.
1415 2697 1452 2723 22
1469 2697 1516 2730 firi.
1533 2704 1601 2731 paq.
1621 2697 1672 2722 351
1692 2696 1728 2739 D.
