2513 3126
277 203 335 233 123

272 301 335 331 tum
365 302 407 331 cst
437 300 473 330 dc
496 309 541 329 me
565 300 594 328 a!
615 296 743 335 facium,
774 305 790 326 0
813 294 910 331 Deus,
942 294 1127 325 voluntatem
1148 297 1243 326 ιιιαηι.

273 344 301 376 S.
340 344 438 382 Quum
471 341 563 381 prius
595 339 744 377 cli-visset,
777 337 965 375 sacrificium
996 339 1023 367 et
1055 336 1244 378 oblationem,

272 386 443 417 holocausta
466 386 491 415 el
515 382 653 414 victimas
671 391 731 421 pro
748 382 870 420 peccato
889 379 1028 418 noluisti,
1052 389 1145 419 neque
1164 389 1244 411 com-

267 428 407 468 prohasti
440 435 518 465 quae
550 423 717 456 secuudum
750 424 841 464 leyem
878 423 1062 462 offeruntur.-
1112 422 1141 453 9.
1175 424 1245 455 tunc

272 472 368 502 ‹liu-il:
390 479 450 501 ecce
474 467 586 499 adsum
608 469 641 498 ut
662 467 778 507 faciam
797 476 813 497 ο
830 464 926 502 Deus,
949 464 1132 496 voluntatem
1149 467 1245 497 tuam.

278 513 366 544 Tollit
392 511 487 552 prius
510 512 543 541 ut
564 510 729 542 secundum
752 510 881 540 statuat.-
926 508 975 538 lO.
999 508 1033 538 in
1059 517 1121 547 qua
1141 508 1244 539 volun-

273 558 333 586 tate
367 552 552 592 sanctificati
583 563 692 584 sumus
717 562 775 591 per
805 550 989 582 oblationem
1011 550 1148 589 corporis
1171 550 1247 582 Iesu

274 597 390 628 (Vn-isti
411 596 514 628 semel.

357 683 386 714 ὃ.
421 682 613 722 Quapropter
641 679 826 721 inyrediens.
872 678 935 710 Hic
964 678 997 709 in
1022 677 1178 710 muudum
1203 679 1247 710 in-

273 736 417 767 gressus,
452 725 512 756 suit
541 723 755 755 manifestatio
786 721 911 754 Christi
942 721 974 752 in
1005 729 1111 752 carne.
1165 720 1247 753 Nam

272 779 370 809 quum
383 767 523 800 hominis
540 772 686 797 naturam
701 765 807 796 induit
824 769 859 795 ut
876 762 1113 804 redemptorem
1130 764 1247 796 mundo

273 816 461 852 praestaret,
493 814 525 841 et
555 809 705 849 apparuit
735 806 934 839 hominibus:
966 811 1044 838 tunc
1074 805 1191 838 dicitur
1214 807 1246 838 in

274 854 432 886 mundum
465 853 603 889 vonisse,
634 852 718 883 sicut
747 850 821 882 alibi
851 849 1052 882 descendisse
1080 859 1120 880 ex
1150 849 1246 882 coelo.

275 897 423 928 Psalmus
448 900 554 926 tamen
578 892 856 935 quadragesimus,
884 903 980 933 quem
1004 892 1090 930 citat,
1119 891 1247 924 videtur

274 940 313 971 sstl
338 939 504 971 Christum
535 937 692 969 violenter
722 936 883 976 torqueri:
915 945 991 967 nam
1022 935 1054 966 iu
1085 934 1153 966 eius
1180 945 1247 975 per-

274 992 385 1014 sonam
416 981 548 1012 minime
578 980 732 1020 competit
753 978 837 1019 quod
860 978 925 1010 illic
951 977 1102 1009 habetur:
1133 978 1247 1018 iniqui-

274 1032 355 1056 tates
386 1034 476 1055 meae
506 1022 822 1064 comprehenderunt
853 1032 918 1060 me,
947 1021 1009 1052 nisi
1040 1019 1125 1060 quod
1148 1031 1247 1052 mern-

275 1069 402 1098 brorum
434 1066 513 1098 vitia
537 1065 690 1098 Christus
719 1065 804 1096 ultro
834 1065 868 1095 in
899 1074 932 1095 se
964 1063 1086 1103 recipit.
1132 1063 1247 1095 Totum

273 1114 359 1141 certe
396 1115 626 1150 argumentum
665 1107 793 1148 proprie
827 1106 949 1138 Davidi
987 1106 1156 1138 convenit:
1193 1106 1248 1139 sed

274 1153 346 1193 quia
380 1158 491 1184 notum
531 1153 597 1191 est,
635 1150 795 1182 Davidem
829 1149 954 1181 Christi
992 1149 1089 1180 fuisse
1127 1154 1249 1190 typum,

274 1195 354 1227 nihil
379 1194 510 1227 absurdi
533 1198 583 1225 est
605 1195 632 1226 si
655 1193 688 1225 in
712 1193 883 1225 Christum
906 1193 1145 1223 transferantur
1168 1202 1248 1233 quae

275 1239 312 1269 de
336 1248 369 1269 se
392 1237 558 1278 praedicat
573 1236 697 1268 David:
722 1246 759 1268 ac
781 1235 969 1276 praesertim
994 1234 1048 1266 ubi
1068 1235 1190 1266 mentio
1212 1236 1249 1266 fit

275 1282 313 1313 de
344 1280 538 1321 abrogandis
568 1279 735 1312 sacrificiis
765 1277 931 1319 legalibus,
962 1278 1059 1310 sicuti
1089 1277 1247 1310 hocloco.

274 1323 479 1364 Quamquam
509 1333 572 1354 non
601 1322 781 1354 concedunt
802 1331 914 1353 omnes
936 1320 1024 1352 hunc
1048 1321 1153 1352 verbis
1175 1331 1246 1352 sen·

274 1376 344 1398 sum
377 1367 490 1398 inesse.
536 1365 659 1397 Putant
688 1365 775 1396 enim
805 1374 868 1395 non
900 1363 1089 1404 simpliciter
1123 1363 1175 1395 hic
1197 1374 1246 1395 re·

274 1409 402 1450 pudiari
431 1408 602 1440 sacrificia:
637 1407 692 1440 sed
726 1407 861 1439 refutari
891 1407 1147 1447 superstitiosam
1181 1407 1246 1446 opi-

274 1452 405 1483 nionem
436 1461 516 1492 quae
546 1451 643 1492 vulgo
672 1450 863 1490 invaluerat,
893 1449 977 1489 quod
1006 1449 1105 1490 vulgo
1128 1449 1162 1480 in
1185 1449 1248 1481 illis

274 1498 473 1527 statueretur
507 1498 592 1525 totus
626 1493 689 1525 Dei
722 1493 835 1525 cultus.
890 1492 987 1532 Quod
1021 1493 1047 1523 si
1081 1492 1128 1524 ita
1155 1496 1247 1529 esset,

274 1547 387 1578 parum
412 1536 535 1569 valeret
558 1537 618 1568 1100
641 1536 862 1568 testimonium
885 1535 925 1567 ad
951 1540 1152 1576 praesentem
1175 1545 1248 1567 cau-

274 1590 354 1612 sam.
407 1579 516 1619 Quare
546 1579 634 1612 hune
662 1579 767 1611 locum
795 1578 926 1619 propius
955 1583 1107 1610 excutere
1136 1588 1249 1618 operae

274 1623 416 1663 pretium
439 1628 496 1661 est,
521 1625 556 1654 ut
579 1625 706 1654 constet
729 1633 770 1653 au
787 1622 931 1662 apposite
950 1632 1025 1661 eum
1045 1621 1108 1652 huc
1123 1625 1250 1661 aposto-

274 1666 324 1697 lus
357 1665 536 1697 adduxerit.
589 1665 716 1697 Passim
750 1665 836 1706 apud
871 1664 1045 1705 prophetas
1078 1668 1250 1696 occurrunt

274 1709 354 1740 istae
378 1709 567 1745 sententiae,
598 1708 756 1740 sacrificia
778 1718 844 1739 non
868 1707 994 1748 placere
1018 1706 1100 1747 Deo,
1132 1716 1189 1738 uec
1212 1706 1251 1737 ab

275 1761 310 1782 00
335 1751 464 1792 requiri,
495 1761 554 1783 nec
577 1751 752 1791 quidquam
777 1750 870 1791 pretii
894 1750 1029 1781 habere:
1059 1749 1124 1781 imo
1146 1749 1252 1790 potius

275 1794 505 1826 abominationi
528 1804 608 1826 esse.
642 1794 688 1825 At
704 1799 782 1825 tunc
805 1803 871 1825 non
889 1793 1005 1824 vitium
1021 1792 1106 1833 quod
1124 1792 1253 1823 haereat

275 1837 440 1869 sacrificiis
464 1847 482 1868 a
506 1840 634 1873 natura,
665 1836 721 1868 sed
744 1836 960 1868 adventitium
983 1836 1091 1876 potius
1114 1839 1253 1866 notatur.

275 1879 358 1910 Nam
393 1890 492 1920 quum
530 1879 725 1920 hypocritae
762 1879 883 1919 alioqui
920 1879 954 1909 in
991 1889 1050 1910 sua
1087 1878 1253 1919 impietate

275 1923 435 1960 obstinati,
460 1922 567 1954 Deum
591 1922 758 1954 sacrificiis
781 1922 909 1963 placare
929 1921 1058 1959 vellent,
1082 1921 1143 1952 hoc
1161 1919 1254 1951 modo

276 1965 433 2005 arguendi
463 1965 604 1997 fuerunt.
650 1965 759 2004 Quare
788 1964 966 2005 prophetae
994 1964 1151 1996 sacrificia
1180 1963 1254 1994 reii-

276 2007 381 2037 ciunt:
413 2018 476 2038 non
507 2012 666 2048 quatenus
695 2008 847 2039 instituta
870 2010 965 2039 erant
988 2018 1006 2038 a
1028 2006 1110 2044 Deo,
1140 2004 1196 2037 sed
1219 2011 1255 2037 111

281 2059 300 2080 a
323 2049 486 2081 sceleratis
508 2050 692 2082 hominibus
717 2051 830 2082 vitiata
853 2055 949 2082 erant
967 2055 1000 2082 et
1021 2049 1194 2090 profanata
1216 2049 1255 2080 ob

280 2092 424 2131 impuras
447 2093 668 2124 conscientias.
706 2093 771 2124 Hic
793 2093 922 2125 diversa
944 2097 995 2125 est
1016 2093 1108 2124 ratio.
1143 2091 1256 2132 Neque

281 2135 370 2166 enim
394 2135 552 2166 sacrificia
575 2146 631 2175 per
655 2136 841 2175 hypocrisin
865 2135 981 2173 oblata,
1012 2135 1063 2167 vel
1087 2135 1166 2166 alias
1190 2144 1257 2165 non

281 2178 343 2208 rite
365 2180 498 2217 propter
520 2177 689 2208 hominum
713 2178 908 2217 pravitatem
932 2184 963 2210 et
987 2177 1163 2218 nequitiam
1186 2187 1257 2218 per·

281 2222 361 2256 acta,
388 2219 536 2251 damnat:
566 2220 621 2251 sed
645 2225 744 2261 negat
767 2231 786 2251 a
808 2221 870 2260 piis
893 2225 924 2252 et
948 2221 1081 2253 sinceris
1104 2220 1167 2252 Dei
1189 2220 1257 2251 cul-

281 2262 403 2294 toribus
434 2263 565 2302 requiri.
617 2263 668 2294 De
697 2272 731 2293 80
761 2263 848 2294 0111111
881 2263 980 2295 verba
1013 2264 1087 2295 facit
1117 2263 1173 2303 qui
1203 2262 1259 2293 illa

281 2305 402 2336 mundo
426 2305 522 2337 corde
545 2305 700 2345 priusque
723 2306 872 2337 manibus
893 2306 1065 2338 offerebat:
1094 2310 1127 2337 et
1149 2310 1257 2337 tamen

282 2347 351 2379 Deo
381 2358 447 2379 11011
478 2347 604 2388 placere
635 2348 722 2380 dicit.
769 2347 804 2380 Si
835 2349 905 2388 quis
935 2349 1084 2389 excipiat,
1115 2359 1178 2380 non
1203 2358 1260 2388 per

282 2402 324 2428 se,
350 2401 452 2431 neque
476 2390 636 2431 dignitate
659 2391 788 2431 propria
811 2395 940 2431 accepta
956 2402 1034 2430 esse,
1058 2391 1113 2424 sed
1129 2396 1260 2432 propter

283 2433 426 2464 alienum
457 2434 573 2464 finem:
605 2444 718 2465 rursus
748 2433 827 2471 dico,
858 2434 1086 2474 intempestive
1108 2434 1260 2465 hocloco

283 2477 387 2516 ingeri
420 2476 575 2508 eiusmodi
605 2486 798 2508 sermonem.
851 2477 943 2508 Tunc
977 2478 1061 2508 enim
1097 2476 1138 2508 ad
1167 2477 1258 2517 spiri-

284 2518 405 2549 tualem
429 2519 551 2550 cultum
576 2524 772 2551 revocantur
794 2519 951 2555 homines,
976 2520 1002 2550 si
1026 2520 1170 2551 externis
1192 2529 1259 2550 030-

284 2561 440 2592 remoniis
470 2562 541 2602 plus
572 2572 673 2602 aequo
698 2562 881 2593 tribuerint.
927 2562 1019 2593 Tunc
1041 2563 1260 2594 caeremonias

283 2603 366 2634 nihil
396 2605 480 2644 apud
502 2604 609 2636 Deum
641 2614 710 2636 esse
741 2605 930 2645 pronuntiat
957 2604 1089 2644 spiritus
1119 2610 1259 2645 sanctus,

283 2656 381 2686 quum
412 2651 540 2686 praeter
573 2647 701 2678 modum
732 2647 910 2679 efferuntur
943 2647 1111 2679 hominum
1141 2658 1258 2679 errore.

1023 197 1162 228 Ei’ls'i'.
1189 198 1249 228 AD
1276 195 1522 227 MERRAEOS

2214 196 2271 227 124

1299 294 1405 326 David
1429 297 1525 331 certe,
1554 304 1653 334 quum
1677 294 1739 335 legi
1762 294 1924 326 subiectus
1948 298 2040 331 esset,
2072 294 2272 326 sacrificandi

1298 348 1419 368 morem
1450 336 1614 377 negligere
1645 347 1707 368 non
1739 337 1858 369 debuit.
1906 336 2063 368 Interiore
2092 335 2197 368 cordis
2228 337 2273 368 af-

1298 380 1381 411 fectu
1412 379 1534 416 Deum,
1569 379 1684 420 fateor,
1719 380 1829 411 debuit
1858 379 1978 411 colere:
2012 378 2067 410 sed
2097 379 2273 419 praeterire

1298 423 1380 462 quod
1411 422 1457 453 illi
1489 421 1581 453 Deus
1612 422 1831 459 maudaverat,
1863 424 1909 453 fas
1940 432 2006 452 non
2038 421 2106 453 suit.
2151 421 2274 454 Habuit

1299 471 1405 497 nutem
1435 474 1606 496 commune
1637 475 1701 496 una
1723 476 1796 498 cum
1821 465 1954 505 reliquis
1977 464 2128 496 omuibus
2149 465 2272 496 sacrifi-

1299 508 1393 540 candi
1417 507 1614 538 mandatum.
1660 507 1711 539 Ita
1732 508 1923 549 colligimus,
1955 507 2084 548 longius
2113 517 2210 547 quam
2233 508 2272 538 ad

1300 551 1413 582 aetatis
1430 560 1506 581 suae
1522 550 1680 581 rationem
1696 551 1802 591 ipsum
1819 551 2009 591 respexisse,
2029 559 2128 589 quum
2145 549 2273 591 diceret,

1301 593 1493 625 sacrificium
1525 592 1665 624 noluisti.
1718 593 1809 625 Istud
1843 593 1971 634 quidem
2003 593 2101 624 etiam
2132 597 2275 633 tempore

1302 636 1438 668 Davidis
1455 645 1568 667 verum
1594 635 1701 676 aliqua
1724 646 1764 667 ex
1789 642 1880 676 parte
1900 636 1968 674 suit,
1992 635 2099 666 Deum
2119 635 2275 668 sacrificia

1302 690 1366 710 non
1390 678 1518 710 morari.
1560 677 1626 710 Sed
1650 679 1726 718 quia
1747 679 1852 710 adhuc
1875 679 1934 710 sub
1959 679 2035 719 iugo
2060 677 2275 719 paedagogiae

1301 721 1495 753 tenebantur
1517 730 1647 752 omnes:
1677 721 1800 753 cultum
1824 722 1894 754 Deo
1924 721 2086 761 integrum
2111 726 2276 760 praestare

1301 776 1365 797 non
1398 768 1522 804 poterat
1545 763 1653 796 David
1683 764 1746 795 nisi
1775 764 1933 796 eiusmodi
1965 765 2069 795 forma
2091 762 2140 804 (ut
2163 763 2209 795 ita
2231 763 2276 794 lo-

1300 807 1395 848 quar)
1426 807 1589 838 vestitum.
1642 807 1730 848 Ergo
1766 807 1806 839 ad
1837 806 1959 839 Christi
1994 817 2131 847 regnum
2167 807 2277 838 venire

1301 860 1430 882 necesse
1463 851 1526 886 est,
1565 853 1601 881 ut
1635 850 1763 890 penitus
1797 860 1910 882 verum
1945 849 2003 888 sit,
2042 849 2148 880 Deum
2183 849 2277 880 nolle.

1302 893 1426 926 Similis
1455 896 1504 924 est
1534 891 1621 924 locus
1645 892 1731 924 Psal.
1758 893 1807 930 16,
1833 893 1882 929 10,
1915 903 1979 923 non
2012 892 2098 923 sines
2128 895 2277 923 sanctum

1302 942 1393 967 tuum
1424 935 1533 966 videre
1561 935 1810 974 corruptionem.
1863 935 1945 966 Nam
1977 935 2035 966 etsi
2066 935 2278 974 aliquousque

1304 979 1459 1010 Davidem
1485 988 1504 1008 a
1525 979 1730 1017 corruptione
1747 978 1837 1009 Deus
1858 979 1985 1018 eripuit,
2009 987 2075 1008 non
2090 977 2151 1008 fuit
2168 983 2277 1008 tamen

1303 1022 1363 1053 hoc
1386 1022 1446 1051 nisi
1470 1021 1504 1051 in
1528 1019 1659 1052 Christo
1683 1031 1758 1052 vere
1781 1020 1988 1060 completum.
2035 1020 2177 1051 Multum
2202 1030 2277 1060 pon-

1303 1065 1388 1095 deris
1412 1064 1470 1094 1100
1495 1063 1599 1102 habet,
1622 1063 1705 1103 quod
1731 1073 1831 1102 quum
1855 1073 1889 1094 se
1913 1063 2101 1102 profiteatur
2118 1062 2278 1094 facturum

1302 1107 1363 1138 Dei
1395 1106 1604 1145 voluntatem,
1638 1106 1802 1137 sacrificiis
1832 1105 1940 1137 locum
1971 1105 2096 1136 nullum
2126 1105 2277 1145 assignat.

1303 1150 1385 1181 Nam
1426 1149 1501 1180 inde
1544 1149 1744 1189 colligimus,
1789 1149 1870 1179 citra
1907 1148 1962 1178 illa
2003 1148 2177 1189 perfectam
2216 1147 2279 1178 Dei

1302 1192 1515 1224 obedientiam
1548 1198 1712 1223 constare:
1749 1192 1833 1231 quod
1865 1191 1995 1222 nonnisi
2025 1191 2182 1231 abrogata
2208 1190 2278 1230 lege

1302 1245 1415 1266 verum
1447 1235 1515 1266 fuit.
1562 1235 1676 1273 Neque
1706 1239 1816 1265 tamen
1840 1234 1977 1273 inficior,
2006 1233 2180 1270 Davidem,
2211 1236 2279 1264 tam

1301 1279 1362 1310 1100
1392 1277 1462 1310 1000
1492 1287 1588 1317 quam
1612 1277 1698 1309 Psal.
1721 1277 1773 1315 51,
1798 1277 1848 1318 18,
1879 1283 2015 1308 externa
2049 1276 2207 1308 sacrificia
2234 1276 2280 1307 sic

1301 1326 1506 1359 extenuasse,
1544 1323 1580 1351 ut
1613 1320 1698 1360 quod
1737 1320 1944 1361 praecipuum
1982 1324 2054 1351 erat
2092 1319 2278 1359 praeferret.

1302 1364 1367 1397 Sed
1397 1374 1461 1394 non
1490 1363 1623 1395 dubium
1646 1365 1696 1395 est
1719 1363 1797 1403 quin
1820 1368 1957 1403 utroque
1979 1361 2049 1394 1000
2072 1361 2181 1394 0011108
2204 1371 2279 1393 0011-

1301 1407 1412 1439 iecerit
1427 1407 1459 1437 in
1477 1417 1613 1447 regnum
1630 1405 1763 1438 Christi.
1798 1406 1905 1446 Atque
1921 1405 2000 1437 adeo
2016 1405 2050 1436 111
2070 1405 2131 1437 1100
2146 1404 2279 1436 Psalmo

1302 1451 1371 1482 iure
1387 1449 1556 1481 Christum
1579 1449 1766 1490 loquentem
1789 1448 1899 1481 induci
1922 1448 2015 1480 testis
2038 1452 2088 1479 est
2106 1447 2279 1488 apostolus,

1303 1493 1355 1524 ubi
1380 1493 1465 1523 inter
1488 1491 1551 1523 Dei
1574 1492 1727 1523 mandata
1750 1501 1791 1523 ne
1814 1491 1946 1523 infimus
1969 1491 2101 1531 quidem
2124 1490 2214 1522 100118
2229 1500 2279 1521 re-

1302 1535 1458 1575 linquitur
1488 1535 1654 1567 sacrificiis
1681 1544 1762 1575 quae
1786 1534 1876 1566 Deus
1899 1533 1959 1566 sub
1982 1534 2054 1574 lege
2077 1536 2145 1564 tam
2168 1542 2280 1565 severe

1302 1578 1462 1619 exigebat.

1394 1620 1515 1660 Corpus
1549 1621 1674 1660 aptasti.
1721 1620 1831 1652 Verba
1863 1619 2000 1652 Davidis
2034 1619 2122 1651 aliud
2155 1623 2281 1656 sonant,

1305 1674 1417 1696 aurem
1434 1662 1605 1703 perforasti
1630 1663 1719 1694 mihi.
1757 1663 1865 1702 Quam
1888 1663 2109 1704 loquutionem
2133 1660 2282 1693 nonnulli

1305 1707 1436 1738 ductam
1459 1709 1578 1746 putant
1601 1706 1640 1737 ab
1664 1706 1797 1747 antiquo
1819 1706 1900 1747 legis
1924 1707 1998 1737 ritu.
2044 1705 2129 1737 Nam
2157 1705 2185 1735 si
2207 1704 2281 1744 quis

1306 1752 1494 1789 contempta
1533 1748 1661 1779 iubilaei
1702 1749 1974 1787 manumissione,
2017 1748 2051 1779 111
2091 1751 2281 1788 perpetuam

1306 1792 1499 1824 servitutem
1534 1791 1681 1823 addicere
1716 1803 1749 1824 se
1783 1791 1930 1830 volebat,
1964 1791 2012 1822 illi
2046 1791 2135 1822 auris
2168 1789 2284 1822 subula

1306 1834 1540 1874 perforabatur.
1597 1833 1695 1866 Hunc
1735 1835 1845 1875 itaque
1886 1844 2018 1867 sensum
2055 1843 2125 1866 esse
2161 1832 2283 1868 volunt,

1306 1878 1447 1909 Domine
1478 1881 1513 1907 tu
1544 1887 1595 1908 me
1625 1887 1757 1909 servum
1786 1878 1885 1909 habes
1914 1881 2070 1919 perpetuo
2094 1876 2152 1908 tibi
2175 1875 2284 1907 addic-

1308 1925 1385 1952 tum.
1439 1920 1511 1960 Ego
1541 1925 1651 1951 tamen
1680 1921 1774 1952 aliter
1802 1920 1933 1961 accipio,
1967 1930 2024 1960 pro
2053 1929 2089 1951 eo
2119 1918 2203 1959 quod
2233 1923 2282 1950 est

1308 1962 1444 1994 docilem
1461 1968 1493 1993 et
1512 1961 1741 2002 obsequentem
1761 1963 1903 1995 reddere.
1936 1962 2035 1995 Surdi
2058 1962 2145 1994 enim
2169 1971 2282 1993 sumus

1309 2006 1409 2037 donec
1444 2015 1538 2037 aures
1575 2005 1666 2037 nobis
1696 2005 1785 2037 Deus
1820 2006 1960 2046 aperiat:
1994 2005 2055 2037 hoc
2084 2009 2142 2044 est,
2176 2004 2281 2045 pervi-

1308 2049 1426 2081 caciam
1458 2048 1596 2089 corrigat
1628 2058 1708 2088 quae
1738 2049 1771 2079 in
1796 2049 1886 2080 nobis
1908 2048 2030 2080 haeret.
2077 2047 2282 2086 Quamquam

1309 2092 1394 2123 inter
1424 2091 1643 2131 promiscuum
1674 2096 1707 2122 et
1730 2101 1873 2123 crassum
1896 2091 2016 2132 vulgus
2038 2090 2103 2132 (cui
2125 2088 2281 2121 sacrificia

1311 2137 1439 2166 tantum
1456 2138 1583 2174 spectra
1601 2139 1694 2165 erant
1715 2134 1784 2165 sine
1809 2134 1943 2175 virtute)
1965 2139 1997 2165 et
2019 2134 2103 2165 inter
2118 2131 2280 2163 Davidem

1310 2178 1361 2209 cui
1391 2176 1541 2209 subtilius
1570 2176 1755 2208 ostenderat
1777 2176 1868 2208 Deus
1895 2176 2100 2217 spiritualem
2124 2180 2156 2205 et
2178 2174 2280 2215 legiti-

1311 2230 1400 2251 mum
1441 2229 1551 2259 usum,
1589 2218 1698 2250 subest
1739 2220 1836 2251 tacita
1869 2219 2050 2251 antithesis.
2107 2216 2281 2257 Apostolus

1311 2269 1418 2294 autem
1442 2262 1585 2294 Graecos
1607 2267 1761 2302 sequutus
1784 2262 1878 2294 dixit:
1904 2272 2021 2302 corpus
2044 2259 2174 2300 aptasti.
2216 2259 2280 2291 Ne-

1312 2315 1372 2345 que
1389 2305 1525 2337 enimin
1547 2305 1654 2337 verbis
1676 2305 1851 2337 recitandis
1874 2304 1953 2336 adeo
1975 2303 2116 2344 religiosi
2140 2303 2280 2340 fuerunt,

1312 2349 1405 2379 modo
1435 2359 1476 2380 ne
1505 2348 1664 2389 scriptura
1693 2348 1728 2378 in
1751 2358 1845 2379 suum
1868 2345 2074 2379 commodum
2097 2344 2177 2376 falso
2202 2345 2280 2376 abu·

1312 2394 1470 2423 terentur.
1530 2390 1664 2430 Semper
1694 2390 1755 2422 1100
1784 2389 1995 2430 spectandum
2025 2392 2090 2427 est,
2123 2397 2280 2428 quorsum

1311 2434 1405 2465 litent
1445 2433 1643 2466 testimonia:
1685 2442 1759 2464 nam
1800 2433 1836 2463 in
1877 2442 1972 2472 scopo
2005 2431 2075 2472 ipso
2109 2430 2280 2472 diligenter

1311 2479 1428 2508 cavent
1461 2487 1502 2508 ne
1530 2477 1718 2516 scripturam
1746 2475 1880 2506 trahant
1909 2475 1944 2506 in
1966 2474 2110 2506 alienum
2132 2484 2280 2506 sensum:

1311 2519 1367 2551 sed
1397 2524 1463 2551 tam
1493 2520 1527 2551 in
1557 2519 1671 2556 verbis,
1705 2528 1800 2558 quam
1828 2518 1862 2548 in
1885 2517 1966 2555 aliis,
2000 2527 2081 2557 quae
2104 2517 2281 2557 praesentis

1312 2562 1453 2594 instituti
1477 2572 1542 2593 non
1564 2566 1651 2601 sunt,
1674 2560 1737 2592 sibi.
1760 2560 1890 2592 liberius
1913 2560 2094 2601 indulgent.

1399 2605 1427 2637 7.
1451 2605 1494 2637 In
1521 2605 1620 2645 capite
1646 2604 1728 2635 libri.
1774 2603 1919 2635 Verbum
1942 2603 2130 2634 hebraicum
2153 2602 2280 2642 proprie

1314 2647 1463 2680 volumen
1487 2647 1654 2688 significat.
1701 2646 1829 2678 Scimus
1859 2646 1946 2677 enim
1978 2646 2077 2677 libros
2101 2645 2281 2684 antiquitus
