2513 3126
173 199 234 231 109

173 297 271 328 etiam
306 296 428 328 Paulus
463 300 555 329 vocat
592 297 714 338 (Galat.
747 296 784 335 4,
823 296 865 338 9).

173 343 338 380 tempus
378 340 673 379 correctionis,
718 339 833 371 alludit
873 340 912 370 ad
954 339 1142 370 vaticinium

174 382 332 413 Ieremiae
354 382 430 424 (Ier.
450 382 500 418 31,
530 382 593 423 37).
640 382 767 413 Novum
797 382 882 413 enim
913 385 1142 412 testamentum

177 425 278 456 veteri
321 426 423 456 instar
462 426 669 456 correctionis
713 425 874 456 successit.
942 424 1142 455 Nominatim

176 468 284 498 cibos
307 477 350 498 ac
373 473 496 507 potus
519 472 673 504 recenset,
702 478 738 498 ac
761 467 878 498 similia
902 467 1015 506 quibus
1038 466 1145 496 minus

176 510 281 541 inerat
311 512 483 541 momenti:
515 511 591 550 quia
618 521 658 541 ex
681 510 804 541 levibus
827 510 896 540 istis
920 509 1143 539 observatiun-

176 552 258 584 culis
281 555 399 583 certius
422 552 573 584 iudicium
598 553 667 583 fieri
692 557 825 591 poterat,
849 561 946 591 quam
970 550 1081 590 procul
1105 549 1145 580 ab

176 595 335 636 evangelii
357 595 550 635 perfectione
574 595 626 625 lex
650 594 791 625 distaret.
1124 634 1130 640 .

266 639 312 669 ll.
339 637 480 669 Christus
502 640 602 668 autem
623 636 851 675 superveniens,
871 637 922 666 etc.
969 634 1038 665 Iam
1064 645 1145 664 veri-

179 685 277 711 tatem
298 691 407 711 earum
433 691 550 716 rerum,
575 688 655 718 quae
677 678 737 708 sub
760 677 831 717 lege
855 677 996 716 fuerunt,
1022 677 1054 706 in
1082 687 1146 707 me-

179 723 267 754 dium
299 723 428 762 profert,
459 732 539 761 quae
566 721 605 751 ab
628 720 692 750 illis
716 720 754 750 ad
779 730 812 750 se
835 718 943 750 oculos
965 725 1144 750 convertat.

181 765 262 796 Nam
286 765 339 804 qui
356 775 430 795 vere
454 764 485 794 in
503 763 635 795 Christo
654 762 798 793 exhibita
816 762 914 792 fuisse
933 761 1035 792 credit
1051 772 1144 801 quae-

178 817 302 846 cunque
336 812 414 837 tunc
448 806 579 836 fuerunt
609 804 814 841 adumbrata,
849 815 912 835 non
944 804 1082 844 amplius
1112 805 1144 835 in

181 850 303 881 umbris
334 848 458 888 haeret,
487 848 541 879 sed
572 857 687 887 corpus
718 848 823 887 ipsum
849 852 880 878 et
902 847 1038 878 solidam
1064 848 1146 877 veri-

180 897 278 923 tatem
303 891 519 930 amplectitur.
557 889 726 921 Notandae
750 896 857 921 autem
878 896 954 920 sunt
974 889 1146 930 diligenter

177 941 294 975 partes,
330 933 364 964 in
403 933 521 973 quibus
545 932 713 964 Christum
751 943 823 963 cum
861 933 959 963 veteri
995 933 1146 972 pontifice

180 983 354 1017 comparat.
400 976 548 1012 Dixerat,
580 975 709 1006 unicum
738 975 923 1015 pontificem
947 975 1046 1006 semel
1069 984 1143 1015 quo-

180 1019 288 1050 tannis
318 1019 351 1050 in
382 1019 600 1050 sanctuarium
631 1018 757 1057 ingredi
787 1028 858 1049 cum
889 1019 1050 1058 sangnine
1084 1028 1146 1057 quo

178 1068 308 1102 peccata
339 1062 492 1101 expiaret.
536 1060 608 1092 Hoc
635 1061 740 1091 simile
764 1061 914 1092 Christus
946 1061 1043 1092 habet
1071 1071 1144 1092 cum

174 1104 229 1135 illo
249 1105 360 1141 veteri,
384 1106 467 1144 qnod
491 1104 578 1134 solus
596 1103 785 1143 dignitatem
804 1109 834 1134 et
851 1113 967 1134 munus
984 1104 1144 1143 pontificis

176 1146 314 1178 obtinet:
354 1147 414 1177 hoc
448 1156 525 1178 vero
559 1146 725 1176 diversum
760 1146 844 1186 quod
878 1146 1078 1186 supervenit,
1112 1150 1145 1177 et

176 1196 308 1220 aeterna
332 1190 413 1220 bona
436 1200 543 1220 secum
567 1188 671 1220 adfert
694 1199 773 1228 quae
797 1189 1047 1229 perpetuitatem
1067 1198 1143 1220 con-

176 1232 288 1264 ciliant
311 1232 380 1263 eius
403 1232 592 1263 sacerdotio.
633 1230 782 1263 Secundo
800 1232 859 1262 hoc
876 1231 980 1262 simile
997 1238 1045 1263 est
1061 1232 1145 1262 inter

177 1281 316 1306 veterem
341 1275 527 1314 pontificem
549 1280 581 1306 et
604 1275 690 1306 hunc
717 1280 873 1312 nostrum,
904 1274 987 1314 quod
1011 1279 1146 1314 uterque

176 1327 234 1357 per
267 1318 483 1348 sanctuarium
518 1318 701 1358 ingreditur
731 1317 769 1348 ad
800 1323 911 1348 sancta
942 1323 1142 1349 sanctorum:

175 1359 230 1392 sed
253 1360 286 1391 in
312 1360 372 1392 hoc
397 1360 561 1398 differunt,
586 1360 672 1400 qnod
691 1359 843 1392 Christus
865 1359 953 1391 solus
969 1361 1001 1391 in
1019 1362 1142 1392 coelum

175 1402 343 1443 ingressus
384 1409 432 1434 est
472 1413 528 1442 per
561 1403 718 1443 templum
753 1404 894 1442 corporis
930 1404 989 1434 sui.
1046 1403 1142 1442 Quod

174 1445 271 1476 semel
303 1451 429 1476 tantum
460 1446 634 1486 quotannis
665 1451 777 1477 sancta
805 1452 988 1477 sanctorum
1023 1447 1144 1486 aperie-

175 1488 294 1519 bantur
328 1489 472 1528 pontifici
507 1489 545 1520 ad
584 1489 799 1529 peragendam
834 1488 999 1520 solennem
1030 1490 1142 1530 expia-

175 1531 306 1571 tionem,
339 1531 371 1562 id
405 1532 467 1562 iam
503 1532 636 1563 obscure
671 1532 830 1572 figurabat
860 1533 986 1563 unicam
1018 1531 1143 1563 Christi

174 1573 380 1605 oblationem.
426 1574 591 1606 Ambobus
622 1575 720 1615 igitur
747 1573 826 1605 illud
850 1574 947 1605 semel
972 1584 1143 1606 commune

175 1622 235 1654 est,
261 1616 316 1648 sed
342 1622 468 1648 terreno
492 1617 553 1648 fuit
576 1617 853 1648 anniversarium:
884 1616 1011 1649 coelesti
1035 1624 1141 1649 autem

923 297 1031 336 Quum
1066 297 1143 328 dicit

175 1665 342 1690 aeternum
376 1665 425 1690 est
458 1669 558 1700 usque
592 1659 632 1691 ad
666 1660 763 1690 finem
797 1660 920 1691 mundi.
977 1661 1143 1692 Ambobus

174 1703 356 1732 eommunis
387 1707 436 1733 est
465 1702 634 1743 sanguinis
665 1702 801 1733 oblatio:
836 1703 892 1734 sed
923 1713 1078 1743 magnum
1109 1704 1142 1734 in

175 1745 334 1785 sanguine
364 1744 548 1786 discrimen,
578 1746 652 1785 quia
682 1755 747 1776 non
777 1746 960 1785 pecuinum,
991 1745 1046 1777 sed
1070 1757 1141 1787 pro-

174 1789 280 1826 prium
304 1788 496 1828 sanguinem
520 1788 672 1820 Christus
694 1788 821 1819 obtulit.
866 1788 1032 1820 Ambobus
1055 1798 1141 1820 com-

175 1831 282 1860 munis
303 1831 460 1870 expiatio:
488 1831 544 1862 sed
568 1830 681 1871 legalis
703 1830 768 1868 illa,
793 1831 869 1871 quia
891 1831 1039 1862 inefficax
1063 1837 1140 1869 erat,

174 1874 344 1912 quotannis
362 1873 580 1913 repetebatur:
606 1874 747 1913 expiatio
773 1880 880 1904 autem
900 1884 957 1914 per
973 1874 1140 1906 Christum

175 1921 267 1955 parta
289 1926 418 1956 semper
437 1917 533 1956 viget,
558 1921 590 1947 et
609 1920 782 1956 perpetuae
802 1916 893 1947 nobis
913 1916 1026 1948 salutis
1045 1928 1142 1949 causa

175 1964 233 1989 est.
279 1958 330 1989 Ita
359 1958 496 1999 singulis
527 1969 626 2000 prope
650 1959 756 1990 verbis
782 1969 934 1999 magnum
958 1959 1042 1991 inest
1064 1970 1141 2000 pon-

175 2000 243 2033 dus.
295 2001 389 2040 Quod
424 2001 478 2032 alii
509 2004 654 2039 vertunt,
690 2001 840 2033 Christus
872 2003 1042 2043 assistens,
1076 2014 1140 2034 non

174 2054 251 2075 vere
270 2044 422 2084 exprimit
440 2047 583 2076 mentem
601 2045 751 2084 apostoli:
773 2045 935 2085 significat
950 2045 1036 2076 enim
1055 2052 1140 2085 post-

173 2096 269 2126 quam
304 2097 438 2118 munere
471 2098 529 2118 suo
559 2087 599 2118 ad
629 2088 809 2127 praefixum
841 2093 969 2128 tempus
999 2088 1140 2120 defuncti

173 2135 249 2160 sunt
268 2130 387 2160 levitici
406 2130 595 2167 sacerdotes,
619 2130 786 2162 Christum
805 2131 902 2161 fuisse
918 2130 1139 2171 subrogatum,

172 2173 266 2203 sicuti
303 2182 401 2212 supra
433 2174 570 2212 septimo
602 2173 707 2213 capite
740 2173 923 2204 habuimus.
979 2173 1139 2205 Futura

172 2214 276 2246 bona
295 2224 352 2254 pro
371 2217 511 2246 aeternis
529 2217 645 2256 accipe.
680 2216 762 2247 Nam
780 2217 873 2247 sicuti
891 2215 1014 2257 μέλλων
1030 2217 1139 2258 καιρὸς

172 2260 216 2298 τῷ
246 2257 428 2299 ἐνεστηκότι
459 2259 641 2298 opponitur,
673 2259 718 2289 ita
748 2259 855 2290 futura
883 2260 965 2290 bona
988 2270 1137 2299 praesen-

172 2300 268 2331 tinus.
306 2300 444 2332 Summa
466 2307 522 2339 est,
545 2301 669 2333 Christi
686 2302 863 2333 sacerdotio
879 2312 936 2333 nos
953 2302 985 2332 in
1002 2304 1138 2334 coeleste

174 2342 236 2373 Dei
264 2353 398 2384 regnum
424 2344 567 2384 perduci,
597 2354 718 2384 nosque
740 2344 919 2384 spiritualis
943 2344 1083 2376 iustitiae
1107 2351 1138 2376 et

173 2390 320 2417 aeternae
342 2387 430 2417 vitae
457 2387 503 2418 sic
531 2387 600 2418 fieri
623 2391 796 2427 compotes,
827 2391 863 2418 ut
885 2387 1057 2427 quidquam
1082 2397 1137 2428 ap-

173 2433 282 2465 petere
311 2428 428 2461 melius
458 2429 506 2461 fas
534 2440 599 2460 non
630 2430 680 2461 sit.
725 2430 824 2461 Solus
854 2430 954 2470 igitur
984 2429 1137 2462 Christus

173 2467 270 2500 habet
292 2480 354 2510 quo
377 2481 435 2503 nos
459 2473 493 2502 in
516 2483 550 2504 se
573 2473 709 2503 retineat
733 2482 769 2504 ac
791 2473 892 2504 sistat.

258 2511 321 2543 Per
338 2515 442 2545 maius
459 2517 486 2545 et
497 2514 666 2554 perfictius.
704 2515 843 2546 Etiamsi
860 2515 947 2546 varie
964 2516 1137 2555 exponitur

174 2552 227 2583 hic
250 2553 346 2591 locus,
368 2557 446 2586 mihi
469 2567 533 2588 non
558 2559 691 2589 dubium
715 2563 764 2588 est
786 2558 861 2598 quin
879 2558 1000 2590 Christi
1020 2569 1137 2598 corpus

173 2595 342 2636 intelligat.
389 2597 492 2629 Sicuti
522 2601 608 2631 enim
632 2611 778 2632 accessus
802 2608 870 2632 erat
893 2601 968 2632 olim
994 2603 1136 2640 pontifici

173 2638 302 2670 levitico
330 2639 363 2669 in
388 2646 498 2672 sancta
519 2648 704 2674 sanctorum
729 2653 785 2683 per
809 2644 1026 2675 sanctuarium
1051 2655 1135 2675 eom·
1162 2657 1164 2680 ς

1055 200 1203 233 CAPUT
1226 201 1276 232 IX

2106 202 2165 233 110

1198 307 1311 328 mune:
1341 297 1385 328 ita
1417 307 1472 337 per
1501 307 1615 337 corpus
1645 308 1737 329 suum
1762 298 1913 329 Christus
1937 298 1969 328 in
1993 297 2162 328 coelestem

1198 339 1331 379 gloriam
1365 340 1532 379 ingressus
1565 346 1622 371 est.
1676 340 1760 379 Quia
1792 340 1867 371 dum
1898 340 2004 371 induit
2034 350 2164 371 carnem

1198 388 1352 422 nostram,
1383 388 1415 412 et
1444 383 1475 412 in
1507 393 1544 413 ea
1573 393 1686 422 passus
1709 389 1773 413 cst:
1805 383 1889 415 hanc
1912 383 1972 414 sibi
1997 392 2165 422 praeroga-

1199 425 1299 455 tivam
1331 427 1539 465 comparavit,
1570 431 1605 456 ut
1634 435 1740 456 coram
1766 425 1836 455 Deo
1868 435 1953 456 nunc
1984 435 2040 465 pro
2072 425 2162 455 nobis

1200 467 1355 498 mediator
1385 472 1550 507 appareat.
1596 469 1706 500 Primo
1735 469 1910 498 sanctuarii
1942 478 2056 498 nomen
2090 472 2164 507 apte

1199 513 1230 538 et
1260 517 1475 549 congruenter
1504 510 1544 541 ad
1573 522 1688 551 corpus
1719 509 1842 541 Christi
1875 512 2083 541 transfertur:
2116 518 2163 540 cst

1199 551 1283 581 enim
1304 552 1470 592 templum,
1501 554 1532 583 in
1563 563 1625 593 quo
1649 559 1715 584 tota
1739 552 1800 583 Dei
1822 553 1973 584 maiestas
1996 553 2163 584 habitavit.

1201 593 1329 624 Dicitur
1359 601 1466 626 autem
1496 605 1552 635 per
1581 606 1698 636 corpus
1727 606 1820 626 suum
1851 595 1913 625 iter
1937 595 2049 626 fecisse
2072 595 2163 626 utin

1199 635 1319 666 coelum
1345 638 1543 676 ascenderet,
1567 640 1640 678 quia
1664 639 1693 669 in
1718 648 1849 677 corpore
1873 637 1927 668 illo
1951 647 1983 667 se
2000 638 2069 668 Deo
2093 648 2164 669 con-

1199 679 1350 708 secravit:
1375 680 1406 709 in
1431 690 1467 710 eo
1492 681 1549 711 fuit
1572 682 1791 713 sanctificatus
1814 680 1846 711 in
1865 690 1975 711 veram
1996 680 2163 720 iustitiam,

1199 719 1230 749 in
1265 731 1302 750 eo
1335 731 1368 751 se
1398 724 1602 762 praeparavit
1632 724 1671 754 ad
1704 723 1924 764 peragendum
1953 723 2163 754 sacrificium:

1199 761 1336 801 denique
1360 764 1434 802 quia
1457 767 1489 794 in
1514 776 1550 796 eo
1573 777 1606 797 se
1630 767 1821 803 exinanivit,
1845 771 1877 796 et
1900 771 2038 796 mortem
2063 766 2165 796 crucis

1199 805 1340 844 pertulit,
1364 805 1434 836 ideo
1457 808 1574 838 extulit
1597 808 1688 839 illum
1709 815 1808 848 pater,
1832 814 1863 839 et
1882 808 1968 839 dedit
1985 808 2030 838 illi
2048 818 2164 839 nomen

1199 848 1282 886 quod
1318 848 1361 878 sit
1392 859 1489 887 supra
1518 860 1612 880 omne
1643 862 1775 891 nomen,
1809 851 1860 882 cui
1891 851 2040 882 flectatur
2069 860 2165 881 omne

1199 899 1294 929 genu,
1318 896 1376 922 etc.
1416 891 1529 930 Itaque
1553 902 1610 931 per
1632 904 1747 933 corpus
1767 904 1861 924 suum
1881 894 1983 925 coelos
1999 894 2164 933 ingressus

1198 938 1256 969 est,
1280 934 1355 972 quia
1377 932 1447 964 ideo
1472 944 1557 964 nunc
1580 935 1668 965 sedet
1691 937 1729 966 ad
1753 938 1855 975 patris
1879 937 2060 967 dexteram:
2092 935 2164 967 ideo

1198 975 1231 1005 in
1255 975 1342 1006 coelo
1365 986 1422 1016 pro
1446 977 1535 1007 nobis
1559 978 1735 1013 intercedit,
1761 979 1844 1017 quod
1868 989 1962 1010 carne
1987 981 2097 1009 nostra
2115 979 2161 1009 in-

1199 1017 1295 1049 dutus
1318 1028 1388 1049 eam
1406 1018 1476 1049 Deo
1499 1020 1583 1059 patri
1606 1020 1639 1050 in
1660 1020 1813 1059 templum
1844 1021 2056 1052 consecravit:
2079 1026 2112 1052 et
2130 1022 2163 1052 in

1199 1070 1236 1091 ea
1254 1061 1469 1092 sanctificavit
1486 1073 1519 1092 se
1536 1063 1641 1102 ipsum
1659 1068 1694 1093 ut
1711 1063 1802 1093 nobis
1819 1071 1981 1094 aeternam
1997 1064 2164 1101 iustitiam,

1199 1104 1282 1134 facta
1323 1111 1525 1143 peccatorum
1566 1106 1760 1144 expiatione,
1801 1107 1988 1145 acquireret.
2042 1107 2164 1137 Mirum

1199 1151 1306 1176 tamen
1331 1146 1433 1177 videri
1464 1148 1564 1186 possit
1587 1157 1643 1178 cur
1667 1152 1764 1188 neget
1787 1158 1900 1188 corpus
1923 1149 2045 1179 Christi
2070 1149 2165 1180 huius

1198 1188 1296 1219 fuisse
1312 1190 1493 1221 creationis.
1523 1191 1606 1221 Nam
1623 1197 1708 1221 certe
1724 1197 1866 1221 creatum
1884 1192 1942 1222 fuit
1959 1202 1999 1222 ex
2015 1191 2164 1222 Abrahae

1197 1232 1328 1270 semine,
1351 1236 1383 1263 et
1402 1234 1603 1272 passionibus
1622 1234 1782 1272 mortique
1798 1234 1982 1265 obnoxium.
2021 1234 2165 1274 Respon-

1198 1274 1266 1314 deo,
1298 1284 1361 1306 non
1393 1275 1443 1306 hic
1467 1276 1519 1316 agi
1543 1276 1582 1306 de
1604 1276 1745 1316 corporis
1769 1277 1960 1314 substantia,
1991 1276 2044 1307 vel
2067 1278 2163 1307 etiam

1197 1327 1348 1356 corporea
1381 1318 1545 1358 qualitate,
1579 1319 1635 1350 sed
1670 1319 1709 1349 de
1739 1319 1858 1349 virtute
1882 1319 2051 1359 spirituali,
2081 1329 2162 1358 quae

1197 1360 1270 1390 inde
1305 1361 1342 1391 ad
1379 1371 1436 1391 nos
1468 1366 1587 1393 manat.
1642 1361 1810 1400 Quatenus
1843 1363 1927 1392 enim
1958 1365 2007 1392 est
2038 1362 2164 1393 vivifica

1197 1402 1319 1434 Christi
1343 1413 1426 1441 caro,
1451 1409 1483 1434 et
1501 1404 1647 1435 coelestis
1666 1404 1755 1435 cibus
1778 1404 1817 1435 ad
1838 1404 2014 1444 pascendas
2030 1405 2164 1442 animas,

1195 1452 1353 1485 quatenus
1378 1446 1552 1486 spiritualis
1576 1453 1669 1487 potus
1693 1452 1741 1478 est
1764 1452 1796 1477 et
1819 1447 1984 1478 lavacrum
2003 1448 2071 1478 eius
2090 1457 2163 1478 san—

1197 1489 1278 1529 guis,
1311 1489 1390 1519 nihil
1424 1490 1455 1520 in
1488 1489 1551 1520 illis
1575 1495 1740 1521 terrenum
1766 1490 1815 1520 vel
1839 1490 2030 1521 elementale
2052 1490 2165 1531 imagi-

1197 1532 1266 1562 nari
1297 1531 1380 1563 licet.
1433 1531 1562 1563 Deinde
1591 1532 1833 1564 meminerimus
1865 1533 1924 1564 hoc
1954 1532 2015 1564 dici
2045 1533 2163 1564 veteris

1196 1574 1395 1605 tabernaculi
1419 1581 1576 1615 respectu,
1604 1575 1688 1615 quod
1713 1585 1753 1606 ex
1776 1575 1874 1616 ligno,
1906 1585 1989 1614 aere,
2017 1576 2163 1616 pellibus,

1197 1617 1294 1648 variis
1323 1618 1472 1655 texturis,
1503 1628 1581 1649 auro
1610 1624 1642 1649 et
1671 1624 1807 1658 argento
1838 1619 2054 1659 compositum
2086 1623 2163 1656 erat,

1196 1659 1256 1691 hoc
1286 1666 1334 1691 est
1364 1671 1402 1691 ex
1432 1660 1528 1691 rebus
1553 1661 1696 1691 mortuis.
1741 1661 1786 1691 At
1810 1660 1932 1692 Christi
1956 1672 2096 1700 carnem,
2128 1669 2164 1692 ut

1196 1703 1308 1734 vivum
1338 1704 1378 1734 sit
1407 1707 1439 1734 et
1469 1703 1638 1743 spirituale
1668 1703 1835 1743 templum,
1868 1704 1929 1735 Dei
1953 1705 2096 1744 potentia
2118 1705 2163 1736 in-

1195 1746 1306 1786 spirat.

1282 1788 1331 1819 12.
1356 1787 1420 1819 Nec
1436 1798 1496 1827 per
1515 1788 1698 1828 sanquinem
1719 1787 1883 1821 hircorum.
1923 1789 1998 1821 Huc
2015 1794 2162 1830 spectant

1195 1831 1256 1862 ista
1280 1832 1395 1867 omnia,
1421 1837 1589 1871 tantopere
1605 1832 1763 1862 excellere
1779 1842 1861 1872 quae
1877 1833 1908 1863 in
1926 1832 2057 1864 Christo
2074 1837 2161 1872 sunt,

1196 1880 1230 1905 ut
1260 1876 1373 1905 merito
1396 1874 1428 1904 in
1453 1874 1590 1904 nihilum
1614 1874 1763 1915 redigant
1786 1884 1899 1906 omnes
1922 1875 2002 1915 legis
2026 1875 2157 1916 figuras.

1195 1916 1300 1955 Quale
1323 1917 1409 1948 enim
1433 1917 1601 1957 sanguinis
1624 1916 1748 1947 Christi
1770 1918 1910 1957 pretium
1934 1918 2005 1955 erit,
2034 1920 2061 1949 si
2086 1918 2159 1949 bru-

1195 1967 1299 1990 torum
1333 1960 1485 2000 sanguini
1518 1959 1746 1991 accenseatur?
1785 1960 1890 1999 qualis
1925 1961 1986 1992 erit
2019 1961 2161 2001 expiatio

1195 2008 1298 2033 morte
1331 2003 1398 2033 eius
1429 2008 1536 2043 parta,
1570 2003 1597 2033 si
1628 2002 1747 2043 legales
1776 2003 1987 2043 purgationes
2015 2003 2161 2044 vigorem

1193 2056 1288 2076 suum
1313 2044 1495 2076 retineant?
1535 2044 1639 2076 Simul
1663 2055 1740 2086 ergo
1759 2053 1856 2085 atque
1876 2046 1907 2076 in
1928 2045 2069 2077 medium
2089 2056 2158 2086 pro—

1194 2087 1240 2118 dit
1257 2087 1406 2119 Christus
1427 2098 1501 2119 cum
1525 2087 1641 2119 effectu
1664 2089 1777 2120 mortis
1798 2098 1884 2126 suae,
1907 2088 2030 2129 figuras
2049 2099 2160 2121 omnes

1193 2140 1317 2162 cessare
1341 2140 1469 2162 necesse
1492 2135 1550 2162 est.

1279 2215 1326 2246 13.
1351 2214 1389 2246 Si
1403 2215 1484 2246 enim
1498 2216 1629 2256 sanquis
1644 2218 1804 2247 taurorum
1822 2218 1848 2247 et
1866 2215 2021 2248 hircorum
2039 2219 2066 2248 et
2080 2217 2159 2248 cinis

1192 2258 1305 2289 vitulae
1326 2259 1505 2298 adspersus,
1528 2269 1577 2290 eos
1598 2259 1653 2298 qui
1674 2259 1909 2299 communicant,
1931 2260 2103 2299 sanctificat
2118 2260 2160 2291 ad

1191 2303 1296 2333 carnis
1319 2302 1497 2340 puritatem,
1535 2302 1582 2332 14.
1612 2304 1726 2341 quanto
1754 2303 1855 2342 mayis
1884 2303 2013 2342 sanquis
2041 2301 2158 2334 Christi

1191 2345 1246 2384 qui
1262 2354 1322 2383 per
1344 2344 1491 2382 spiritum
1508 2348 1667 2375 aeternum
1681 2354 1714 2375 se
1729 2344 1832 2384 ipsum
1849 2345 1955 2376 obtulit
1970 2344 2157 2384 irreprehen-

1189 2387 1310 2418 sibilem
1324 2386 1398 2422 Deo,
1422 2387 1585 2418 mundabit
1605 2388 1824 2419 conscientiam
1845 2390 1978 2419 vestram
1993 2398 2013 2419 a
2027 2389 2158 2419 mortuis

1190 2429 1342 2469 operibus,
1358 2429 1399 2460 ad
1412 2430 1607 2460 serviendum
1622 2430 1689 2461 Deo
1704 2430 1843 2461 viventi?
1871 2431 1918 2461 15.
1937 2432 1984 2461 Ac
1994 2433 2158 2470 propterea

1189 2473 1357 2503 testamenti
1384 2473 1457 2503 novi
1479 2473 1628 2504 mediator
1650 2476 1704 2513 cst,
1732 2475 1767 2504 ut
1788 2476 1882 2504 morte
1903 2474 2101 2504 intercedente
2123 2474 2157 2504 in

1189 2515 1422 2554 redemptionem
1452 2516 1736 2555 transyressionum
1765 2526 1844 2555 quae
1866 2516 1922 2547 sub
1939 2517 2048 2556 priore
2069 2519 2156 2547 testa-

1189 2561 1288 2589 mento
1315 2561 1411 2597 erant,
1440 2559 1495 2597 qui
1516 2559 1616 2590 vocati
1638 2561 1719 2597 sunt,
1744 2560 1983 2597 promissionem
2005 2559 2157 2598 accipiant

1190 2604 1330 2631 aeternae
1356 2600 1564 2632 haereditatis.
1611 2601 1659 2631 16.
1687 2601 1772 2632 Nam
1798 2602 1851 2632 ubi
1872 2605 1914 2633 est
1936 2604 2155 2640 testamentum,

1189 2644 1253 2675 illic
1267 2653 1384 2675 necesse
1399 2646 1442 2674 est
1457 2647 1581 2675 mortem
1597 2644 1753 2675 testatoris
1768 2644 1958 2676 intercedere.
1984 2645 2031 2675 17.
2052 2644 2155 2675 Testa-
