2513 3126
132 212 193 245 193

131 310 329 343 Christianis
371 309 462 342 nulla
499 309 664 350 supersint
697 310 864 342 sacrificia.
921 309 1005 340 Nam
1039 308 1101 340 hoc

130 352 307 385 absurdum
338 353 428 391 foret,
459 362 560 393 quum
590 353 740 384 instituta
771 353 892 384 fuerint
918 351 957 383 ad
981 351 1101 391 profes-

130 396 255 428 sionem
290 395 394 427 divini
435 395 550 428 cultus,
617 395 747 427 Mature
787 395 898 435 itaque
937 392 1101 434 apostolus

130 438 280 477 occurrit,
312 448 349 471 ac
380 438 458 470 dicit
486 438 582 470 aliam
612 437 814 470 sacrificandi
843 436 978 468 formam
1009 435 1101 467 nobis

131 481 276 513 relictam
301 491 379 518 esse,
400 491 483 521 quae
507 481 576 513 Deo
599 492 664 512 non
686 481 796 512 minus
818 480 956 520 placeat:
986 487 1102 518 nempe

131 529 170 556 ut
203 524 249 555 illi
278 523 398 555 vitulos
429 524 587 555 labiorum
610 524 796 563 offeramus,
830 520 1101 562 quemadmodum

130 567 275 607 loquitur
296 566 400 598 Oseas
423 567 581 608 propheta
603 566 667 608 (14,
690 565 732 607 3).
777 565 881 596 Porro
907 563 1101 595 sacrificium

131 609 237 641 laudis
264 620 329 640 11οο
354 615 481 641 tantum
505 618 664 649 peraeque
686 609 816 648 gratum
839 616 909 637 esse
932 606 1013 645 Deo,
1045 604 1102 637 sed

131 652 236 692 pluris
264 652 363 683 etiam
401 662 498 692 quam
531 652 640 682 omnia
672 653 818 687 externa,
852 658 990 688 quorum
1024 657 1102 679 usus

131 694 195 726 fuit
224 694 283 725 sub
313 694 392 735 lege,
426 694 506 725 satis
534 698 644 733 aperte
673 701 714 722 ex
739 691 867 722 Psalmo
897 690 940 722 50
966 694 1102 722 constat.

131 737 215 768 Nam
246 737 336 768 Deus
370 736 424 767 illa
455 735 564 767 omnia
597 733 773 774 repudians
807 738 962 773 tanquam
997 733 1102 771 nihili,

131 780 192 811 sibi
215 779 320 810 laudis
342 778 535 809 sacrificium
559 777 669 808 offerri
692 776 790 807 iubet.
832 775 991 808 Videmus
1013 786 1101 817 ergo,

131 822 217 853 1111110
250 820 568 860 praestantissimum
602 829 672 851 esse
706 819 769 850 Dei
803 819 942 858 cultum,
983 821 1015 850 et
1049 820 1103 859 qui

131 863 245 896 merito
276 863 347 893 aliis
380 862 575 902 quibuslibet
604 862 766 894 exercitiis
796 861 1027 902 praeferendus
1050 862 1102 900 sit,

129 916 229 946 quum
250 905 312 936 Dei
337 905 514 936 bonitatem
538 905 717 946 gratiarum
742 905 868 937 actione
891 904 1101 937 celebramus.

129 949 203 986 Hic,
233 948 377 988 inquam,
405 948 609 980 sacrificandi
633 949 715 979 ritus
739 952 798 987 est,
822 958 916 989 quem
939 947 1103 979 Dominus

129 991 224 1022 hodie
253 990 344 1022 nobis
368 991 584 1023 commendat.
629 991 837 1032 Quamquam
868 1001 934 1022 non
965 990 1101 1022 dubium

127 1038 177 1066 est
193 1033 272 1074 quin
293 1038 362 1065 tota
385 1034 525 1066 nominis
542 1033 605 1065 Dei
627 1034 791 1066 invocatio
815 1034 867 1065 hic
889 1036 1020 1064 notetur
1042 1033 1102 1065 sub

127 1087 195 1108 una
225 1082 326 1117 parte.
371 1077 485 1118 Neque
514 1077 602 1108 enim
630 1078 754 1118 gratias
784 1077 832 1108 illi
862 1086 958 1118 agere
988 1086 1101 1116 possu-

126 1130 209 1157 mus,
243 1119 306 1150 nisi
338 1119 378 1151 ab
408 1130 444 1151 eo
474 1120 628 1151 exauditi.
680 1119 769 1151 Nihil
801 1124 910 1151 autem
939 1119 1102 1160 impetrat,

127 1162 192 1194 nisi
215 1162 270 1202 qui
292 1168 451 1203 precatur.
496 1163 537 1194 In
559 1173 696 1200 summa,
721 1163 882 1204 significat
904 1162 974 1194 sine
998 1163 1101 1194 brutis

126 1205 322 1237 animalibus
344 1215 402 1238 000
426 1206 545 1238 habere
568 1206 652 1246 quod
675 1206 852 1237 offeramus
870 1205 950 1243 Deo,
975 1210 1008 1236 et
1026 1215 1102 1236 eum

126 1248 189 1280 1100
218 1247 314 1279 1110110
341 1249 403 1280 1110
426 1259 463 1281 00
486 1249 628 1290 perfecte
650 1259 668 1280 a
692 1248 786 1281 nobis
808 1248 882 1281 coli.
925 1248 1101 1280 Caeterum

127 1293 164 1322 ut
187 1290 320 1331 apostoli
343 1291 516 1323 consilium
539 1296 587 1323 est
611 1292 725 1324 docere
748 1291 851 1332 qualis
874 1291 917 1323 sit
939 1291 998 1323 sub
1017 1301 1101 1323 novo

127 1338 322 1366 testamento
356 1334 501 1376 legitima
532 1334 657 1367 colendi
682 1335 744 1366 Dei
775 1335 888 1374 forma,
921 1334 968 1366 sic
996 1334 1101 1366 obiter

126 1376 288 1415 admonet,
321 1387 386 1408 non
416 1388 509 1418 posse
539 1388 557 1409 a
587 1377 680 1410 nobis
708 1388 790 1419 pure
811 1377 958 1409 invocari
982 1376 1100 1417 Deum,

126 1423 159 1451 et
175 1419 329 1451 celebrari
352 1421 421 1452 eius
445 1431 572 1460 nomen,
596 1421 660 1453 nisi
682 1431 740 1461 per
762 1421 972 1452 mediatorem
989 1420 1102 1452 Chris-

127 1466 207 1494 tum.
253 1461 314 1494 Ille
348 1464 434 1495 enim
466 1463 552 1496 solus
587 1468 635 1496 est
665 1464 720 1505 qui
750 1464 834 1495 labia
864 1465 985 1502 nostra,
1020 1473 1101 1504 quae

127 1505 246 1545 alioqui
270 1505 394 1546 polluta
417 1511 503 1546 sunt,
533 1507 574 1538 ad
597 1507 759 1539 canendas
782 1506 853 1538 Deo
876 1506 988 1538 laudes
1010 1515 1101 1538 sanc-

127 1548 244 1579 tificat:
268 1549 322 1588 qui
338 1550 485 1590 precibus
502 1550 620 1582 nostris
640 1550 696 1582 dat
718 1550 860 1581 aditum:
885 1550 941 1590 qui
963 1549 1103 1589 denique

127 1591 305 1623 sacerdotis
328 1602 447 1624 munus
471 1593 606 1634 peragit,
636 1598 673 1624 ut
695 1603 729 1625 se
751 1594 785 1624 in
808 1596 1016 1634 conspectum
1038 1592 1102 1624 Dei

126 1635 221 1667 sistat
243 1639 354 1667 nostro
376 1637 517 1669 nomine.

218 1721 267 1753 16.
299 1721 522 1762 Beneficentiae
556 1726 658 1755 autem
692 1725 718 1754 et
751 1721 1036 1755 communicationis
1064 1732 1102 1754 ne

128 1764 200 1795 sitis
239 1765 442 1797 immemores.
505 1765 636 1798 Talibus
671 1766 754 1797 enim
790 1765 900 1797 hostiis
937 1764 1103 1797 delectatur

129 1806 228 1838 Deus.
275 1807 325 1839 17.
350 1807 461 1840 Parete
478 1809 647 1849 praefectis
669 1809 788 1848 vestris,
811 1817 847 1840 ac
868 1808 988 1848 deferte.
1031 1807 1103 1847 Ipsi

129 1850 212 1880 enim
233 1850 364 1890 viyilant
380 1861 440 1891 pro
463 1852 627 1883 animabus
641 1852 762 1890 vestris,
785 1854 933 1890 tanquam
948 1852 1103 1883 rationem

131 1892 302 1925 reddituri:
324 1895 358 1925 ut
379 1903 449 1926 cum
469 1895 586 1936 yaudio
607 1895 660 1927 hoc
676 1895 806 1935 faciant,
828 1896 856 1926 et
870 1904 929 1926 non
942 1897 1103 1936 qementes.

130 1934 172 1966 Id
207 1936 289 1967 enim
321 1936 404 1968 vobis
436 1948 496 1969 non
529 1938 659 1978 expedit.
714 1937 762 1970 18.
801 1937 893 1970 Orate
917 1947 978 1977 pro
1005 1938 1102 1969 nobis.

131 1977 324 2017 Confidimus
352 1980 434 2011 enim
462 1981 544 2021 quod
572 1980 681 2012 bonam
709 1981 856 2013 habemus
877 1981 1102 2019 conscientiam,

129 2022 285 2061 cupientes
302 2022 337 2054 in
352 2022 493 2055 omnibus
510 2023 628 2055 honeste
642 2024 773 2056 versari.
810 2023 858 2055 19.
876 2023 987 2065 Mayis
1001 2027 1103 2055 autem

129 2074 185 2095 vos
207 2064 311 2096 hortor
332 2067 366 2096 ut
386 2066 421 2097 id
442 2066 577 2106 faciatis,
605 2076 662 2106 quo
683 2066 813 2099 celerius
835 2066 921 2098 vobis
942 2067 1101 2099 restituar.

218 2150 266 2181 16.
305 2150 540 2190 Benefieentiae.
598 2151 661 2184 Hic
700 2152 835 2183 alteram
876 2162 1003 2193 quoque
1039 2152 1100 2183 rite

129 2196 226 2233 atque
249 2193 364 2225 ordine
386 2194 587 2226 sacrificandi
611 2195 770 2226 rationem
793 2195 950 2227 ostendit:
984 2205 1101 2235 nempe

129 2234 215 2276 quod
243 2237 354 2268 omnia
383 2236 527 2269 caritatis
558 2237 675 2278 officia,
703 2237 838 2269 totidem
869 2239 935 2269 sint
966 2238 1099 2270 hostiae.

131 2278 205 2317 Quo
227 2279 398 2320 significat,
422 2279 519 2311 stulte
543 2290 579 2311 00
601 2290 772 2320 perperam
796 2281 929 2321 cupidos
953 2291 1022 2312 esse
1046 2281 1101 2321 qui

132 2321 192 2352 sibi
216 2321 337 2362 aliquid
361 2322 472 2354 deesse
496 2327 620 2364 putant,
643 2323 705 2354 nisi
728 2323 867 2363 pecudes
891 2323 962 2355 Deo
985 2334 1100 2356 secun-

130 2364 206 2396 dum
236 2364 341 2405 legem
371 2366 517 2406 offerant,
549 2375 647 2406 quum
679 2371 745 2397 tam
777 2366 908 2397 uberem
936 2376 973 2398 00
993 2366 1103 2398 multi-

131 2407 245 2448 plicem
269 2408 472 2440 sacrificandi
496 2408 664 2440 materiam
687 2407 780 2439 nobis
796 2409 888 2440 Deus
903 2409 1100 2450 suppeditet.

130 2450 274 2482 Tametsi
297 2452 383 2483 enim
408 2451 488 2482 nihil
512 2451 631 2483 habere
654 2461 672 2481 a
695 2451 785 2483 nobis
808 2452 969 2483 commodi
988 2457 1101 2492 potest,

131 2498 239 2524 tamen
269 2494 408 2526 nominis
437 2495 486 2526 sui
510 2494 749 2526 invocationem
772 2495 805 2526 in
830 2494 1023 2526 sacrificium
1047 2495 1101 2526 110-

130 2539 237 2576 putat:
261 2542 293 2568 et
315 2537 444 2577 quidem
468 2537 514 2570 sic
536 2537 753 2578 praecipuum,
778 2542 813 2569 ut
836 2548 938 2569 unum
959 2548 1016 2578 pro
1032 2547 1099 2569 om-

130 2578 226 2611 nibus
255 2580 403 2612 sufficiat.
448 2580 575 2612 Deinde
598 2579 753 2620 quidquid
777 2580 810 2612 in
834 2581 982 2612 homines
1005 2581 1099 2613 bene-

130 2622 276 2654 ficiorum
311 2622 519 2660 conferimus,
554 2624 614 2655 sibi
648 2623 708 2663 ipsi
742 2622 806 2655 fert
834 2623 1033 2664 impensum,
1067 2625 1100 2655 et

129 2666 278 2697 sacrificii
302 2666 398 2696 etiam
423 2667 553 2698 nomine
577 2667 740 2707 dignatur,
764 2671 801 2697 ut
819 2666 899 2707 legis
915 2666 1100 2698 rudimenta

200 2724 310 2752 Caluini
326 2733 418 2759 opera.
451 2725 505 2753 Vol.
525 2726 587 2752 LV.

994 211 1143 245 CAPUT
1166 210 1263 243 XIII.

2071 213 2131 244 194

1154 317 1241 339 1111110
1260 317 1325 339 11011
1346 317 1548 348 supervacua
1563 307 1666 345 mode,
1690 307 1747 339 sed
1763 308 1860 340 noxia
1877 318 1947 340 esse
1963 313 2126 349 appareat,

1154 350 1282 390 quando
1313 361 1331 381 a
1354 359 1432 383 vera
1461 349 1663 382 sacrificandi
1693 350 1807 391 regula
1837 361 1896 383 000
1919 351 2126 383 abstrahunt.

1155 392 1291 425 Summa
1320 393 1400 424 haec
1427 396 1488 432 est,
1519 393 1546 425 si
1570 392 1640 424 Deo
1669 394 1851 424 sacrificare
1881 394 1986 432 libeat,
2018 395 2125 434 ipsum

1154 445 1224 467 0000
1254 435 1481 473 invocandum,
1513 439 1545 466 et
1574 445 1646 468 cum
1676 436 1856 476 gratiarum
1886 437 2012 469 actione
2034 447 2128 478 prae—

1156 478 1324 509 dicandam
1337 488 1407 509 esse
1419 478 1488 510 eius
1502 478 1690 518 bonitatem,
1707 477 1823 510 deinde
1837 479 1990 512 fratribus
2003 480 2125 511 nostris

1156 519 1422 552 benefaciendum
1456 531 1542 552 esse:
1576 521 1655 553 haec
1689 531 1759 552 esse
1789 531 1866 552 vera
1900 523 2058 554 sacrificia
2092 523 2126 553 in

1155 562 1272 602 quibus
1294 564 1443 603 occupari
1466 573 1562 596 veros
1585 563 1789 595 Christianos
1812 564 1938 595 deceat:
1966 565 2038 597 aliis
2061 566 2126 597 iam

1156 615 1219 636 non
1244 615 1313 637 esse
1336 610 1464 646 tempus
1487 607 1537 638 vel
1562 606 1674 638 locum.
1720 606 1764 637 Et
1786 616 1886 647 quum
1910 607 1996 645 dicit,
2027 608 2127 639 tali—

1156 646 1229 679 bus
1260 648 1498 680 delectatur
1528 649 1654 687 Deus,
1686 649 1797 681 subest
1823 650 1922 681 tacita
1945 650 2128 689 antithesis,

1155 690 1240 729 quod
1271 701 1358 723 nunc
1382 696 1491 723 vetera
1521 692 1576 723 illa
1604 701 1688 732 quae
1718 691 1934 724 mandaverat
1963 702 2064 733 usque
2087 694 2128 724 ad

1156 732 1236 772 legis
1256 732 1508 773 abrogationem,
1527 735 1666 775 amplius
1684 745 1750 766 non
1766 734 1917 776 postulet.
1953 734 2128 767 Caeterum

1156 774 1231 806 huic
1262 774 1428 806 doctrinae
1456 786 1587 808 annexa
1617 782 1665 809 est
1696 777 1889 815 exhortatio,
1919 788 2001 818 quae
2031 778 2127 809 vehe-

1156 821 1283 849 menter
1317 818 1484 849 stimulare
1518 830 1577 850 nos
1611 819 1705 852 debet
1734 820 1774 851 ad
1804 821 2019 852 exercendam
2050 831 2129 862 erga

1155 861 1318 900 proximos
1342 861 1598 894 beneficentiam.
1637 862 1750 903 Neque
1772 863 1859 894 enim
1883 863 1963 894 haec
1982 863 2128 904 vulgaris

1155 908 1205 935 est
1242 902 1400 944 dignatio,
1438 904 1524 943 quod
1562 914 1644 944 quae
1680 905 1866 937 hominibus
1897 906 2126 947 impendimus,

1155 946 1247 977 Deus
1281 947 1314 977 in
1347 946 1513 977 sacrificiis
1545 947 1606 978 sibi
1639 947 1756 979 oblatis
1790 949 1940 988 deputat:
1975 954 2007 980 et
2041 949 2126 989 quod

1156 994 1268 1021 nostra
1297 989 1411 1026 officia,
1440 998 1521 1029 quae
1550 990 1671 1021 nullius
1698 995 1791 1022 erant
1821 992 1927 1030 pretii,
1960 995 2127 1032 tantopere

1155 1037 1250 1064 ornat
1277 1035 1316 1063 ut
1345 1041 1436 1063 sacra
1464 1042 1535 1063 esse
1564 1034 1763 1072 pronuntiet.
1815 1034 1925 1073 Quare
1956 1034 2011 1065 ubi
2041 1035 2127 1066 inter

1156 1085 1214 1107 1100
1237 1075 1356 1107 caritas
1378 1085 1444 1106 non
1467 1074 1567 1115 viget,
1590 1085 1656 1106 000
1680 1075 1827 1107 homines
1850 1081 1976 1108 tantum
1999 1077 2128 1108 frauda-

1155 1128 1228 1149 mus
1250 1118 1321 1149 iure
1344 1127 1412 1158 sun,
1444 1117 1500 1149 sed
1523 1117 1631 1149 Deum
1654 1118 1768 1158 ipsum,
1796 1120 1852 1158 qui
1875 1119 2001 1151 solenni
2024 1120 2128 1160 elogio

1153 1161 1214 1193 sibi
1245 1160 1408 1193 dicaverat
1436 1160 1589 1200 quidquid
1613 1160 1743 1193 iubebat
1765 1161 1950 1194 hominibus
1973 1163 2126 1203 impendi.

1155 1203 1560 1236 Communicationis
1609 1213 1727 1235 nomen
1767 1204 1865 1235 latius
1903 1207 1993 1244 patet
2030 1215 2127 1245 quam

1155 1247 1404 1278 Beneficentiae.
1469 1246 1590 1278 Omnia
1629 1247 1715 1278 enim
1756 1247 1863 1278 officia
1903 1247 2128 1287 complectitur

1155 1290 1272 1331 quibus
1301 1299 1336 1321 00
1358 1293 1471 1321 10111110
1494 1289 1610 1321 iuvant
1634 1290 1797 1321 homines:
1830 1294 1927 1330 atque
1950 1290 2027 1322 haec
2051 1301 2128 1321 vera

1155 1338 1205 1365 est
1233 1332 1378 1364 caritatis
1402 1338 1487 1372 nota,
1519 1342 1618 1372 quum
1642 1332 1728 1363 inter
1750 1343 1784 1364 se
1808 1333 2047 1364 communicant
2070 1335 2125 1373 qui

1156 1376 1218 1408 Dei
1242 1376 1356 1415 spiritu
1380 1375 1478 1407 simul
1500 1380 1576 1406 sunt
1599 1375 1770 1408 coniuncti.

1244 1419 1293 1451 17.
1330 1418 1451 1450 Parate.
1508 1418 1583 1449 Non
1618 1417 1729 1450 dubito
1762 1419 1840 1458 quin
1875 1418 1913 1449 de
1947 1419 2128 1458 pastoribus

1155 1462 1305 1503 loquatur
1333 1466 1366 1492 et
1389 1461 1524 1502 reliquis
1545 1460 1699 1493 ecclesiae
1722 1460 1999 1502 gubernatoribus.
2044 1461 2127 1492 Nam

1156 1515 1259 1546 neque
1289 1509 1366 1536 tunc
1392 1504 1562 1536 christiani
1603 1504 1812 1545 magistratus
1843 1509 1950 1535 erant:
1983 1510 2014 1535 et
2044 1504 2126 1545 quod

1157 1548 1340 1589 vigilare
1359 1558 1426 1579 eos
1449 1547 1528 1579 dicit
1551 1557 1623 1588 pro
1646 1547 1879 1586 animabus,
1903 1547 1943 1578 ad
1960 1547 2128 1587 spirituale

1155 1593 1301 1632 regimen
1318 1590 1447 1631 proprie
1463 1591 1613 1631 pertinet.
1644 1590 1756 1621 Primo
1770 1590 1994 1628 obedientiam,
2011 1589 2128 1621 deinde

1157 1635 1314 1666 honorem
1344 1633 1409 1665 illis
1439 1633 1556 1665 deferri
1585 1634 1682 1665 iubet.
1732 1633 1824 1665 Haec
1855 1633 1917 1664 duo
1947 1633 2127 1665 necessario

1156 1678 1379 1718 requiruntur,
1406 1680 1442 1708 ut
1471 1676 1562 1716 plebs
1592 1676 1688 1708 fidem
1719 1686 1755 1707 ac
1785 1675 1883 1707 simul
1912 1676 2127 1707 reverentiam

1156 1720 1339 1762 pastoribus
1362 1720 1489 1751 habeat.
1529 1718 1595 1751 Sed
1610 1718 1788 1751 notandum
1804 1721 1854 1750 est
1869 1718 1976 1757 simul,
2000 1722 2127 1758 aposto-

1157 1765 1224 1796 lum
1258 1764 1297 1795 de
1319 1764 1358 1795 iis
1381 1767 1509 1794 tantum
1532 1772 1627 1803 agere
1651 1762 1706 1802 qui
1729 1772 1846 1792 munus
1870 1771 1965 1792 suum
1989 1761 2128 1792 fideliter

1157 1811 1317 1839 exercent.
1368 1806 1453 1837 Nam
1483 1805 1537 1846 qui
1567 1804 1651 1836 nihil
1683 1804 1802 1836 habent
1832 1808 1959 1844 praeter
1987 1803 2126 1844 titulum,

1156 1851 1222 1881 imo
1252 1850 1307 1891 qui
1337 1854 1504 1890 pastorum
1535 1848 1631 1880 titulo
1661 1847 1839 1879 abutuntur
1864 1847 1903 1877 ad
1927 1846 2126 1887 perdendam

1156 1893 1333 1930 ecclesiam,
1356 1901 1470 1932 parum
1495 1891 1697 1922 reverentiae
1713 1894 1887 1928 merentur,
1910 1894 1943 1920 et
1958 1888 2125 1929 aliquanto

1157 1936 1264 1967 minus
1286 1936 1370 1967 fidei.
1415 1935 1458 1966 Et
1481 1934 1542 1966 hoc
1565 1934 1662 1965 etiam
1687 1933 1805 1965 diserte
1827 1932 1981 1972 exprimit
2003 1937 2127 1972 aposto-

1157 1980 1215 2017 lus,
1247 1988 1345 2020 quum
1376 1977 1455 2009 dicit
1484 1987 1537 2008 eos
1567 1987 1624 2017 pro
1656 1976 1825 2007 animabus
1857 1975 2010 2016 vigilare:
2041 1975 2127 2015 quod

1157 2033 1220 2053 non
1251 2021 1391 2062 pertinet
1421 2020 1482 2051 nisi
1514 2020 1553 2051 ad
1585 2030 1639 2051 eos
1663 2019 1717 2059 qui
1741 2029 1815 2049 vere
1838 2023 2001 2058 praesunt,
2032 2028 2068 2049 ac
2092 2027 2127 2047 re

1155 2065 1226 2105 ipsa
1249 2068 1325 2096 sunt
1348 2063 1432 2104 quod
1449 2065 1616 2095 vocantur.
1655 2062 1712 2093 Bis
1735 2062 1835 2102 igitur
1858 2060 1950 2092 stulti
1969 2060 2125 2101 papistae,

1155 2109 1209 2149 qui
1247 2108 1295 2138 sui
1333 2106 1409 2137 idoli
1443 2105 1650 2148 tyrannidem
1686 2105 1761 2135 hinc
1795 2103 1972 2135 stabiliunt.
2028 2103 2126 2134 Iubet

1155 2151 1299 2191 spiritus⁷
1322 2150 1450 2190 piorum
1474 2159 1511 2180 ac
1533 2149 1676 2180 fidelium
1698 2148 1919 2187 episcoporum
1944 2145 2124 2178 doctrinam

1155 2194 1342 2225 obedienter
1365 2192 1524 2232 amplecti,
1553 2192 1703 2231 sanisque
1725 2190 1868 2221 consiliis
1892 2189 2124 2229 obtemperare.

1155 2236 1249 2268 Iubet
1277 2236 1374 2268 etiam
1404 2235 1525 2267 honore
1548 2234 1620 2265 illos
1643 2233 1803 2274 prosequi.
1848 2231 1935 2271 Quid
1959 2232 2019 2263 hoc
2042 2231 2125 2271 epis-

1155 2289 1307 2320 coporum
1331 2278 1431 2309 larvis
1454 2276 1674 2318 suffragatur?
1713 2275 1814 2315 Atqui
1838 2285 1903 2306 non
1926 2274 2022 2305 modo
2042 2273 2125 2304 tales

1155 2328 1232 2354 sunt
1261 2331 1372 2352 omnes
1402 2322 1457 2361 qui
1481 2320 1539 2352 sub
1564 2322 1682 2360 papatu
1705 2323 1865 2350 vocantur
1888 2317 2039 2358 episcopi,
2068 2316 2125 2348 sed

1155 2364 1330 2397 truculenti
1353 2364 1534 2395 animarum
1553 2363 1732 2399 carnifices,
1755 2366 1854 2401 atque
1869 2360 2027 2391 immanes
2044 2359 2123 2399 lupi.

1155 2408 1277 2440 Verum
1301 2409 1339 2438 ut
1361 2411 1486 2438 taceam
1509 2406 1621 2446 quales
1644 2405 1717 2442 01111,
1741 2403 1802 2435 1100
1826 2408 1953 2434 10011110
1976 2403 2008 2433 10
2032 2412 2124 2442 prae·

1154 2451 1258 2484 sentia
1281 2450 1357 2488 dico,
1382 2449 1458 2480 dum
1482 2447 1665 2489 pastoribus
1682 2447 1800 2478 nostris
1815 2447 1966 2477 iubemur
1981 2444 2123 2481 subesse,

1153 2493 1265 2526 sedulo
1302 2502 1338 2524 ac
1376 2492 1552 2532 prudenter
1585 2500 1654 2522 esse
1688 2488 1956 2530 distinguendum
1989 2487 2125 2528 quinam

1153 2537 1218 2569 sint
1241 2536 1310 2567 veri
1333 2545 1370 2567 ac
1392 2534 1447 2566 fidi
1471 2533 1640 2575 praefecti:
1669 2532 1743 2573 quia
1767 2533 1793 2564 si
1817 2531 2014 2572 quibuslibet
2037 2530 2124 2561 hunc

1154 2580 1308 2611 honorem
1333 2578 1516 2619 promiscue
1532 2576 1714 2616 deferimus,
1737 2575 1879 2615 primum
1895 2573 2015 2605 iniuria
2031 2573 2124 2604 bonis

1153 2624 1218 2662 fiet,
1242 2621 1357 2653 deinde
1379 2630 1444 2652 non
1467 2619 1587 2651 valebit
1609 2619 1693 2650 ratio
1716 2627 1799 2658 quae
1818 2617 1871 2648 hic
1891 2616 2030 2654 additur,
2053 2615 2125 2647 ideo

1154 2666 1276 2697 honore
1309 2673 1378 2695 esse
1411 2663 1537 2704 dignos,
1570 2662 1646 2702 quia
1679 2671 1738 2702 pro
1770 2659 1942 2692 animabus
1975 2658 2125 2700 vigilant.

1886 2718 1920 2744 13
