2513 3126
154 195 212 226 141
1034 192 1183 224 CAPUT
1207 191 1268 223 XI.
2088 194 2147 225 142

154 335 271 374 quibus
311 345 369 366 nos
409 335 582 365 exanimet.
643 334 792 373 Denique
833 342 1000 373 nunquam
1043 332 1122 362 duos
1148 355 1150 358 -
1175 332 1318 363 articulo.
1366 332 1453 363 Dicit
1484 336 1605 369 autem,
1637 334 1704 372 qui
1736 337 1942 366 venturus
1971 339 2049 375 est,
2083 346 2146 366 vc-

154 387 269 416 passus
292 378 460 408 conficient
484 377 663 409 Christiani
687 377 808 417 absque
830 375 1029 416 fatigatione,
1060 375 1121 404 nisi
1175 375 1275 411 niet,
1310 380 1350 405 et
1381 385 1458 406 nou
1491 374 1686 406 tardabit.
1739 376 1840 407 Cuius
1871 377 2052 408 sententiae
2084 378 2145 408 duo

154 430 187 451 se
219 420 391 451 tolerantia
421 423 614 451 sustentent.
663 418 804 450 Proinde
834 419 912 448 11380
942 417 1010 448 8013
1040 418 1122 447 ratio
1174 423 1250 447 sunt
1288 417 1443 448 membra.
1500 418 1611 449 Priore
1645 417 1796 449 docemur
1830 419 2018 450 adfuturum
2053 421 2145 452 nobis

153 469 201 493 est
234 473 296 503 qua
323 467 508 494 constanter
536 472 724 503 pergamus:
756 461 849 492 aliter
872 469 976 499 neque
1000 459 1123 497 11318111-
1176 459 1295 497 Deum,
1331 461 1405 499 quia
1437 461 1596 500 promisit:
1632 461 1786 499 secundo,
1817 461 1847 491 id
1880 463 2039 494 facturum
2069 469 2145 494 tem-

153 515 225 536 mus
251 505 327 542 Deo,
356 515 460 545 neque
483 516 625 545 unquam
650 505 808 544 potiemur
832 502 1029 533 haereditate
1053 512 1121 540 pro·
1175 502 1306 540 pestive,
1332 513 1391 534 nee
1413 503 1516 534 serius
1540 514 1636 543 quam
1658 507 1793 544 oportet.

153 548 260 587 missa,
284 558 366 588 quae
390 548 441 578 hic
465 548 676 588 metonymice
699 544 924 585 promissio
949 548 1092 574 vocatur.

237 591 287 622 37.
315 590 428 622 Adhuc
450 591 531 622 enim
548 589 703 630 pusillum
725 587 882 626 temporis.
926 586 976 617 Ne
1005 586 1121 617 moles-

153 638 220 664 tum
253 633 344 664 nobis
373 635 414 665 sit
445 633 592 671 tolerare,
621 631 773 661 admonet
802 639 864 660 non
896 629 1029 668 longum
1054 630 1121 660 fore

153 681 290 716 tempus.
336 676 438 707 Porro
465 674 545 705 nihil
574 678 623 704 est
646 672 731 712 quod
756 672 860 712 magis
883 671 923 702 ad
947 671 1120 702 sublevan-

155 291 241 322 dum.
294 291 461 323 Molcstias
495 302 694 332 omnegenus
729 296 833 322 astute
868 291 985 331 ingerit
1019 291 1122 321 Satan
1148 293 1151 350 ι
1175 299 1269 329 1111301
1301 289 1432 321 effluere
1463 299 1526 321 non
1557 290 1678 330 patitur
1707 291 1783 330 quin
1812 291 1983 323 subveniat
2015 292 2047 322 in
2079 293 2146 332 ipso

1148 362 1150 394 Ι

1260 545 1307 576 38,
1334 546 1444 577 Iustus
1465 548 1576 577 autem.
1611 546 1782 587 Significat
1799 546 2003 579 tolerantiam
2024 559 2063 579 ex
2082 549 2144 580 fide

1174 588 1275 617 nasci:
1300 588 1383 627 quod
1407 598 1520 620 verum
1545 593 1603 620 est.
1646 589 1757 629 Neque
1780 590 1866 620 enim
1890 590 1929 620 ad
1954 591 2145 622 sustinenda

1174 631 1351 661 certamina
1382 641 1476 670 pares
1506 642 1648 671 unquam
1678 632 1801 664 erimus
1831 633 1894 663 nisi
1924 633 1987 664 fide
2010 634 2142 665 suffulti.

1174 671 1279 719 Sicuti
1312 684 1485 705 econverso
1516 674 1678 707 Iohannes
1700 674 1744 716 (1.
1767 675 1827 715 Ep.
1853 675 1882 713 5,
1906 674 1938 716 4)
1968 686 2042 707 vere
2073 687 2143 716 pro-

1174 719 1303 745 nuntiat
1334 716 1501 747 victoriam
1532 727 1602 748 esse
1632 722 1777 749 nostram
1807 728 1888 758 quae
1920 718 2020 749 vincit
2051 729 2142 750 mun-

1174 756 1262 788 dum.
1308 757 1398 789 Haec
1426 764 1474 789 est
1498 769 1560 799 qua
1584 762 1617 790 in
1647 761 1747 792 altum
1771 761 2034 792 conscendimus:
2066 761 2144 792 huec

1174 805 1221 831 est
1244 810 1306 840 qua
1330 801 1549 832 transsilimus
1572 803 1680 834 omnia
1709 803 1888 843 praesentis
1918 804 2002 835 vitae
2033 804 2142 836 discri-

1173 843 1271 883 mina,
1301 852 1478 882 omnesque
1508 844 1653 876 miserias
1676 850 1707 876 et
1732 846 1913 877 molestias:
1943 846 2022 879 haec
2053 847 2143 878 nobis

153 719 210 749 dos
244 720 366 750 animos
394 717 500 749 valeat
522 717 548 747 si
568 715 696 755 quando
720 714 891 751 labascant,
923 724 1019 753 quam
1044 715 1120 745 dum

152 772 224 801 spes
258 760 353 791 datur
386 759 493 790 brevis
522 769 558 790 30
585 758 759 797 propinqui
789 758 905 788 exitus.
956 756 1119 796 Quemad-

151 803 280 834 modum
314 802 341 833 si
376 804 550 841 imperator
580 810 646 831 non
676 800 787 840 procul
817 810 887 831 esse
915 800 1013 830 finem
1045 799 1119 831 belli

150 845 307 876 militibus
325 844 483 880 ostendat,
503 843 597 874 modo
616 843 782 883 paululum
802 842 908 874 adhuc
924 843 1118 873 sustineant:

148 888 194 918 ita
224 886 387 927 apostolus
414 886 508 917 modo
531 886 632 917 animi
656 886 758 917 nostri
782 896 839 925 per
861 885 1029 917 mollitiem
1055 896 1119 917 non
1172 885 1207 916 in
1231 885 1345 916 mediis
1368 885 1518 925 procellis
1535 891 1567 917 et
1583 889 1828 927 tempestatibus
1845 889 1953 929 quieta
1969 894 2018 921 est
2033 890 2141 922 statio.

149 929 327 969 concidant,
357 929 447 960 brevi
470 929 649 960 Dominum
674 934 848 959 venturum
873 929 1035 966 admonet,
1065 929 1119 968 qui
1172 928 1260 969 Ergo
1290 928 1454 968 apostolus
1488 930 1669 968 exprimere
1699 931 1813 968 voluit,
1848 932 2031 972 quicunque
2064 932 2141 964 iusti

148 982 207 1003 nos
220 972 336 1012 eripiat
347 983 387 1003 ex
399 973 550 1003 omnibus
563 972 666 1003 malis.
686 972 789 1002 Porro
802 977 838 1002 ut
850 972 922 1011 plus
934 971 1009 1002 fidei
1019 976 1050 1002 et
1062 982 1118 1003 au-
1171 976 1346 1003 censentur
1369 981 1475 1003 8013111
1500 971 1578 1010 Β80,
1610 982 1673 1003 non
1697 973 1789 1004 aliter
1813 984 1909 1013 quam
1933 974 1997 1006 fide
2021 975 2140 1007 vivere.

148 1015 289 1046 toritatis
303 1015 850 1053 habeatconsolatio,testimonium
864 1013 1040 1055 prophetae
1051 1014 1118 1046 Ha·
1171 1013 1345 1045 Caeterum
1382 1014 1416 1045 in
1455 1014 1554 1045 verbo
1592 1015 1781 1052 vivendi,
1821 1017 1965 1048 futurum
2004 1023 2143 1058 tempus,

149 1057 248 1089 bacuc
275 1057 406 1090 adducit
433 1068 473 1089 ex
504 1058 608 1098 capite
630 1057 659 1094 2,
683 1057 712 1089 4.
758 1056 824 1089 Sed
848 1068 945 1097 quum
970 1067 1117 1098 graecam
1172 1057 1258 1089 vitae
1281 1057 1530 1098 perpetuitatem
1555 1057 1713 1098 designat.
1752 1059 1889 1099 Reliqua
1912 1070 1951 1091 ex
1976 1060 2079 1099 primo
2102 1061 2142 1091 ad

149 1100 394 1132 translationem
417 1107 581 1141 sequutus,
614 1101 815 1140 aliquantum
841 1100 983 1131 discedat
1005 1111 1023 1131 a
1047 1110 1117 1140 pro·
1171 1100 1339 1131 Romanos
1363 1109 1431 1140 cap.
1458 1101 1484 1138 1,
1520 1100 1568 1137 17,
1600 1107 1633 1131 et
1663 1100 1703 1131 ad
1731 1101 1865 1133 Galatas
1888 1102 1917 1142 3,
1951 1103 2000 1142 11,
2032 1108 2143 1143 petant

148 1143 266 1183 phetae
286 1143 401 1182 verbis,
424 1145 564 1184 primum
589 1143 731 1175 breviter
753 1153 914 1184 exponam
938 1143 1013 1183 quid
1034 1143 1119 1175 dieat
1172 1143 1319 1183 lectores,
1341 1142 1395 1174 ubi
1417 1143 1498 1175 idem
1521 1143 1635 1174 citatur
1657 1143 1751 1175 locus.

148 1186 321 1226 propheta:
346 1186 461 1218 deinde
484 1187 687 1218 conferemus
710 1196 792 1226 quae
815 1186 977 1227 apostolus
1000 1186 1052 1218 hic
1071 1197 1118 1217 re—

147 1229 235 1260 citat.
287 1228 397 1268 Quum
431 1229 470 1260 de
503 1229 652 1260 horribili
686 1230 792 1269 gentis
826 1239 904 1260 81138
937 1229 1027 1261 clade
1056 1229 1116 1261 dis-

147 1272 302 1303 seruisset
325 1272 490 1312 propheta,
514 1273 744 1312 expavefactus
767 1283 825 1303 suo
849 1272 1012 1312 vaticinio,
1035 1272 1117 1303 011111

147 1314 244 1345 habet
271 1314 429 1355 reliquum
454 1316 514 1346 nisi
538 1320 574 1346 ut
598 1316 690 1355 quasi
714 1315 871 1346 mundum
895 1325 1054 1355 egressuS,
1084 1315 1117 1346 in

146 1357 309 1397 speculam
339 1368 374 1389 se
400 1358 544 1398 recipiat.
607 1358 748 1398 Specula
780 1363 887 1389 autem
918 1363 1027 1389 nostra
1056 1358 1118 1389 Dei

146 1400 281 1431 verbum
305 1405 363 1439 est,
387 1410 449 1441 quo
472 1401 506 1432 in
529 1401 649 1432 coelum
674 1411 773 1441 usque
796 1401 961 1442 erigimur.
1007 1400 1061 1433 Sic
1084 1402 1117 1432 in

145 1443 286 1474 statione
316 1454 376 1475 sua
406 1444 588 1482 collocatus,
619 1444 748 1475 iubetur
771 1453 890 1475 novam
914 1444 1117 1484 prophetiam

146 1485 296 1524 scribere,
326 1496 405 1526 quae
435 1486 549 1519 salutis
577 1486 729 1519 fiduciam
759 1487 822 1527 piis
851 1491 982 1519 asserat.
1028 1486 1117 1527 Quo-

146 1528 234 1559 niam
269 1533 377 1560 tamen
411 1534 529 1561 natura
562 1530 739 1570 importuni
773 1534 848 1561 sunt
882 1529 1046 1569 homines,
1080 1540 1117 1562 30

1258 1185 1301 1217 Et
1322 1186 1351 1217 si
1374 1185 1541 1218 subductus
1561 1186 1666 1225 fuerit.
1713 1186 1778 1218 Pro
1801 1197 1837 1218 eo
1860 1188 1945 1227 quod
1971 1188 2048 1220 dicit
2071 1199 2141 1229 pro-

1172 1229 1269 1269 pheta
1292 1218 1398 1269 mbsy:
1431 1229 1492 1261 hoc
1515 1234 1574 1269 est,
1605 1229 1658 1260 ubi
1682 1229 1779 1261 fuerit
1802 1230 1898 1262 elatio
1922 1231 1973 1261 vel
1997 1233 2140 1269 munitio,

1171 1277 1258 1304 recta
1292 1272 1432 1303 hominis
1466 1272 1575 1303 anima
1603 1272 1635 1303 in
1666 1282 1704 1303 eo
1735 1283 1799 1304 non
1829 1273 1987 1304 manebit:
2023 1274 2141 1306 Graeci

1171 1315 1384 1346 reddiderunt
1406 1315 1493 1355 quod
1510 1315 1563 1346 1118
1582 1315 1681 1346 refert
1697 1315 1869 1355 apostolus.
1905 1315 2000 1355 Quod
2023 1318 2140 1356 partim

1170 1368 1243 1389 cum
1275 1364 1383 1389 mente
1406 1358 1585 1398 prophetae
1608 1359 1766 1399 congruit,
1797 1359 1915 1398 partim
1939 1369 2016 1390 vero
2042 1359 2082 1390 ab
2105 1370 2141 1391 ea

1170 1405 1220 1432 est
1242 1400 1393 1432 alienum.
1438 1401 1524 1432 Nam
1547 1400 1716 1433 subductio
1740 1401 1818 1432 haec
1841 1401 1924 1432 nihil
1948 1407 2004 1432 aut
2027 1412 2140 1442 parum

1171 1443 1279 1475 differt
1309 1442 1349 1475 ab
1381 1443 1519 1475 elatione
1550 1453 1615 1484 qua
1645 1448 1778 1485 turgent
1807 1445 1908 1485 impii.
1954 1443 1990 1476 Si
2013 1445 2141 1485 quidem

1170 1486 1254 1527 quod
1277 1486 1457 1527 praefracte
1480 1486 1637 1519 adversus
1660 1487 1769 1518 Deum
1796 1487 1981 1527 insurgunt,
2012 1487 2082 1520 ideo
2105 1489 2141 1519 fit

1170 1530 1246 1570 quia
1274 1540 1427 1570 perversa
1456 1530 1653 1562 confidentia
1680 1530 1832 1561 inebriati
1861 1540 1896 1561 se
1926 1531 2074 1562 eximunt
2100 1531 2139 1562 ab

1170 1573 1239 1604 eius
1262 1577 1431 1613 potestate,
1455 1572 1731 1613 tranquillumque
1753 1573 1814 1605 sibi
1837 1577 1870 1604 et
1889 1572 1930 1604 ab
1945 1574 2032 1605 omni
2054 1573 2139 1605 malo

1170 1616 1345 1647 immunem
1380 1620 1502 1647 statum
1540 1616 1744 1656 promittunt.
1800 1615 1946 1648 Subduci
1980 1626 2057 1657 ergo
2093 1616 2139 1647 di-

1169 1664 1297 1699 cuntur,
1326 1658 1402 1690 dum
1434 1658 1531 1690 falsas
1561 1658 1718 1690 eiusmodi
1742 1659 1941 1691 munitiones
1963 1664 2140 1700 opponunt,

1169 1702 1285 1742 quibus
1309 1713 1328 1733 a
1350 1712 1384 1733 se
1414 1702 1600 1742 proculsent
1623 1712 1752 1733 omnem
1777 1702 1840 1733 Dei
1863 1702 2010 1734 timorem
2035 1713 2071 1735 ac
2094 1713 2140 1733 re-

148 1577 221 1602 vota
243 1581 302 1603 sua
324 1582 426 1612 usque
448 1572 527 1604 adeo
548 1573 771 1613 praecipitant,
796 1578 830 1604 ut
845 1583 972 1613 semper
988 1573 1116 1604 tardum

145 1624 216 1645 8888
239 1614 346 1646 Deum
377 1621 500 1655 putent,
527 1617 677 1656 quamvis
707 1616 847 1647 maxime
870 1615 1012 1648 festinet:
1041 1625 1116 1656 pro-

144 1657 331 1689 missionem
362 1660 432 1690 sine
461 1669 553 1691 mora
576 1664 749 1690 venturam
777 1659 862 1690 dicit.
909 1658 1116 1700 Quamquam

143 1700 242 1732 simul
265 1701 370 1733 addit:
394 1701 431 1734 81
454 1712 577 1734 11101310
594 1703 714 1741 fecerit,
735 1702 826 1734 illam
843 1707 1003 1743 exspecta.
1042 1701 1116 1742 Quo

143 1743 315 1783 significat,
346 1755 412 1776 non
443 1749 509 1777 tam
540 1746 603 1778 cito
632 1747 776 1777 futurum
805 1745 889 1786 quod
920 1746 1011 1777 Deus
1042 1755 1115 1786 pro·
1169 1745 1357 1777 verentiam.
1403 1744 1519 1785 Itaque
1549 1745 1609 1777 hoc
1632 1745 1731 1776 verbo
1763 1755 1828 1776 non
1861 1745 1964 1777 minus
1992 1745 2065 1777 fidei
2090 1746 2139 1776 vis

1168 1798 1263 1828 quam
1305 1788 1480 1828 impietatis
1520 1788 1689 1829 ingenium
1727 1788 1930 1828 exprimitur.
1991 1788 2139 1828 Superba

1168 1832 1254 1863 enim
1279 1831 1350 1863 ideo
1373 1835 1422 1862 est
1444 1831 1602 1871 impietas,
1627 1830 1712 1871 quod
1737 1831 1879 1862 debitum
1895 1830 1966 1862 Deo
1982 1831 2139 1862 honorem

1168 1885 1231 1906 non
1265 1874 1390 1911 tribuit,
1429 1878 1463 1905 ut
1495 1874 1543 1905 illi
1581 1873 1745 1905 hominem
1779 1873 1936 1905 subiiciat.
1992 1874 2045 1904 Ex
2079 1873 2139 1905 hac

1167 1918 1350 1954 securitate,
1371 1917 1489 1948 ferocia
1512 1921 1545 1948 et
1567 1920 1756 1957 contemptu
1780 1917 1816 1948 fit
1835 1922 1871 1947 ut
1887 1916 2041 1956 quamdiu
2057 1917 2138 1947 bene

1167 1965 1216 1991 est
1231 1960 1362 2000 iniquis,
1386 1959 1535 1997 nubibus,
1559 1964 1595 1991 ut
1610 1960 1715 1999 inquit
1730 1959 1795 1997 ille,
1811 1959 1971 2000 oppedere
1988 1959 2138 1991 audeant.

1167 2003 1263 2042 Quod
1296 2003 1323 2034 si
1356 2002 1433 2034 fidei
1466 2002 1549 2034 nihil
1584 2004 1689 2044 magis
1726 2003 1924 2034 contrarium
1959 2006 2007 2033 est
2040 2012 2138 2042 quam

1166 2046 1344 2083 subductio,
1376 2045 1456 2077 haec
1485 2046 1554 2077 eius
1583 2051 1700 2077 natura
1729 2047 1778 2077 est
1808 2052 1845 2077 ut
1876 2045 2041 2077 hominem
2065 2056 2084 2076 a
2106 2055 2139 2076 se

1165 2089 1237 2129 ipso
1260 2088 1431 2120 abductum
1450 2087 1520 2120 Deo
1542 2089 1577 2120 in
1593 2089 1782 2129 obsequium
1803 2088 1919 2120 tradat.
1954 2087 2138 2119 Membrum

143 1786 246 1817 mittit
273 1788 349 1828 quin
373 1788 523 1820 videatur
545 1789 637 1821 nobis
660 1798 733 1821 sero
757 1789 879 1829 venire,
907 1789 991 1820 sicut
1013 1789 1116 1819 fertur

143 1830 245 1861 veteri
267 1831 456 1870 proverbio:
479 1831 587 1863 Etiam
611 1832 760 1863 celeritas
784 1832 817 1863 in
841 1831 1001 1863 desiderio
1024 1841 1115 1863 mora

143 1876 201 1903 est.
247 1871 404 1914 Sequitur
427 1880 554 1915 postea:
577 1875 673 1916 Ecce,
696 1875 766 1907 eius
785 1875 838 1915 qui
861 1885 895 1906 se
919 1875 1025 1915 erigit,
1049 1884 1114 1906 non

144 1915 206 1945 erit
228 1916 336 1947 anima
358 1918 390 1948 in
410 1917 481 1958 ipso
504 1918 644 1950 stabilis:
668 1922 702 1949 at
716 1918 820 1949 iustus
839 1928 895 1957 per
910 1917 1006 1949 fidem
1023 1927 1114 1949 suam

144 1957 241 1989 vivet.
287 1958 414 1998 Quibus
437 1960 544 1992 verbis
567 1960 746 1999 denuntiat,
770 1961 894 2001 impios,
917 1959 1115 2000 quibuslibet

143 2001 312 2040 praesidiis
333 2003 452 2034 muniti
474 2003 550 2044 sint,
581 2009 636 2035 aut
659 2003 834 2042 confidant,
866 2013 931 2034 non
955 2007 1113 2035 staturos:

143 2044 218 2083 quia
239 2044 343 2076 solida
366 2046 432 2077 vita
454 2046 586 2078 nonnisi
609 2047 642 2078 in
665 2046 728 2078 fide
750 2047 915 2079 consistat.
960 2046 1114 2078 Muniant

143 2095 219 2127 ergo
242 2097 277 2119 se
305 2087 464 2120 increduli
492 2093 528 2120 ut
550 2089 691 2127 libuerit,
722 2089 806 2120 nihil
835 2090 869 2121 in
893 2091 962 2120 toto
989 2089 1112 2120 mundo

168 2129 173 2134 ”
1166 2131 1262 2163 illud:
1288 2142 1351 2162 non
1369 2131 1508 2172 placebit
1524 2131 1652 2163 animae
1668 2140 1774 2163 meae:
1799 2131 1850 2163 vel
1869 2130 1918 2172 (ut
1934 2141 1993 2179 ego
2009 2130 2138 2171 plenius

1166 2174 1306 2212 reddidi)
1330 2184 1405 2205 non
1436 2174 1719 2206 oblectabitur
1747 2175 1787 2205 in
1815 2184 1858 2205 8ο
1882 2183 2015 2205 3011113
2038 2182 2136 2209 mea,

1166 2217 1298 2258 perinde
1322 2216 1546 2257 accipiendum
1569 2222 1617 2249 est
1641 2227 1677 2249 ac
1699 2218 1726 2249 si
1749 2228 1789 2249 ex
1812 2227 1871 2248 suo
1889 2227 1986 2248 sensu
2010 2220 2137 2256 aposto-

1165 2261 1218 2292 lus
1251 2260 1410 2300 proferret
1445 2260 1528 2292 hanc
1561 2261 1767 2292 sententiam.
1823 2259 1936 2300 Neque
1970 2259 2056 2290 enim
2090 2258 2136 2289 illi

1164 2303 1366 2344 propositum
1400 2303 1460 2334 fuit
1493 2306 1606 2335 exacte
1644 2303 1779 2334 recitare
1817 2302 1994 2343 prophetae
2029 2301 2136 2338 verba,

142 2345 370 2384 promissiones
393 2356 470 2378 suas
494 2346 665 2387 implendo,
689 2356 723 2378 se
746 2346 852 2387 ipsum
875 2346 1112 2387 quodammodo
1165 2346 1222 2379 sed
1245 2346 1404 2377 duntaxat
1426 2345 1532 2377 locum
1555 2351 1677 2383 notare,
1710 2352 1746 2377 ut
1769 2345 1809 2377 ad
1833 2344 2014 2385 propiorem
2038 2343 2135 2375 intui-

142 2388 298 2420 ostendit:
322 2388 394 2420 ideo
417 2394 575 2430 quantum
591 2389 631 2420 ad
655 2390 701 2420 rei
723 2398 884 2420 summam
900 2399 1040 2429 parvum
1063 2394 1112 2422 est
1164 2394 1232 2421 tum
1256 2389 1412 2420 invitaret
1434 2388 1579 2420 lectores.

143 2429 323 2463 discrimen.
368 2431 469 2464 Venit
492 2433 623 2473 inquam
644 2431 804 2464 Dominus
830 2433 954 2472 quoties
977 2442 1110 2464 manum
1249 2431 1299 2463 39.
1325 2431 1396 2463 Non
1425 2441 1535 2463 sumus
1563 2430 1784 2462 subductionis.
1830 2429 1989 2461 Libenter
2011 2434 2137 2470 aposto-

143 2482 233 2504 suam
256 2474 376 2506 exserit
399 2475 439 2507 ad
462 2485 521 2507 nos
544 2475 715 2507 iuvandos.
758 2474 861 2506 Brevi
884 2474 944 2507 1100
967 2476 1110 2507 futurum
1163 2475 1213 2507 lus
1228 2484 1345 2516 graeca
1360 2473 1572 2506 translatione
1589 2483 1667 2505 usus
1683 2477 1732 2505 est
1750 2483 1835 2514 quae
1851 2473 2020 2513 superiori,
2039 2481 2135 2513 quam

144 2513 219 2547 dicit
241 2517 404 2557 apostolus
420 2523 491 2559 post
513 2518 722 2559 prophetam:
746 2518 823 2558 quia
838 2518 929 2550 Deus
953 2518 1110 2550 auxilium
1162 2518 1325 2556 tractavit,
1355 2516 1519 2549 doctrinae
1546 2517 1711 2557 aptissime
1734 2515 1925 2556 quadrabat,
1957 2516 2040 2548 sicut
2062 2524 2133 2546 eam

142 2567 236 2590 suum
270 2569 335 2590 non
369 2560 495 2602 longius
527 2561 635 2593 differt
668 2571 763 2601 quam
801 2561 942 2601 expedit.
997 2560 1111 2601 Neque
1163 2571 1250 2593 nunc
1283 2560 1449 2601 eleganter
1481 2558 1709 2592 accommodat.
1765 2558 1859 2590 Prius
1892 2557 2062 2590 admonuit
2096 2568 2136 2589 ne

142 2601 228 2632 enim
259 2606 385 2642 tempus
413 2603 621 2642 extrahendo,
652 2604 773 2635 frustra
795 2614 854 2635 nos
877 2603 985 2642 lactat,
1016 2604 1111 2636 sicuti
1162 2604 1328 2635 ecclesiam
1374 2602 1550 2634 deserendo
1584 2612 1618 2633 se
1652 2601 1781 2633 tandem
1814 2611 1833 2632 a
1866 2600 1931 2632 fide
1964 2605 1996 2633 et
2030 2601 2135 2642 gratia

142 2643 290 2676 homines
327 2646 445 2677 solent:
484 2646 540 2678 sed
576 2647 849 2688 opportunitatem
884 2656 975 2678 suam
1010 2647 1111 2686 novit,
1164 2646 1288 2679 Christi
1312 2646 1502 2677 alienarent.
1544 2644 1639 2676 Nunc
1663 2645 1706 2675 ita
1730 2649 1858 2677 vocatos
1881 2654 1952 2676 esse
1974 2644 2076 2683 docet,
2099 2647 2134 2674 ut

143 2130 204 2160 nisi
228 2130 384 2162 caducum
415 2132 589 2173 reperient,
619 2137 657 2164 ut
678 2142 807 2164 necesse
830 2132 973 2164 habeant
996 2132 1112 2164 identi-

143 2171 216 2203 dem
240 2172 410 2214 trepidare.
444 2176 490 2206 At
513 2175 584 2216 pios
606 2175 686 2207 fides
708 2185 768 2206 sua
785 2185 953 2216 nunquam
976 2176 1112 2207 frustra-

142 2214 239 2254 bitur,
262 2217 337 2257 quia
360 2218 392 2248 in
416 2216 524 2249 Deum
547 2218 714 2250 recumbit.
753 2217 817 2250 Hic
839 2218 1016 2259 prophetae
1039 2228 1112 2250 sen-

141 2268 196 2290 sus
219 2263 276 2291 est.
320 2259 417 2292 Nune
440 2261 604 2301 apostolus
627 2260 711 2301 quod
735 2260 774 2292 de
798 2261 1011 2301 promissione
1035 2261 1113 2293 dicit

141 2300 307 2341 Habacuc,
340 2302 381 2334 ad
410 2302 519 2334 Deum
553 2303 716 2335 transfert.
760 2303 886 2335 Verum
914 2305 989 2344 quia
1020 2303 1112 2336 Deus
