2513 3126
292 212 332 242 m
1043 208 1184 240 Emer.
1210 209 1272 240 Au
1297 208 1547 240 uuuimsos
1820 185 1822 187 ¹
2251 213 2293 244 68

295 315 346 341 tus
374 314 512 340 montom
538 318 600 338 uno
623 305 722 337 verbo
747 304 862 341 dicere,
893 314 1007 336 sensus
1030 315 1142 336 omncs
1166 306 1266 346 ponit,

294 357 330 384 ut
348 352 495 383 ostendat
515 359 679 388 nunquam
697 348 888 379 cessandum
907 358 985 385 esse,
1010 347 1110 378 donec
1127 348 1266 388 undique

294 395 391 427 verbo
410 396 469 426 Dei
495 392 642 423 instructi
665 391 845 430 armatique
864 390 903 421 ad
924 390 1135 430 pugnandum
1155 391 1266 429 simus,
1292 387 1293 403 ³

295 449 335 469 uo
365 448 427 477 qua
457 436 524 467 suis
556 435 693 466 fallaciis
723 435 825 465 Saum
855 433 998 473 obrepat.
1052 433 1159 473 Atque
1191 433 1267 464 hine
1292 434 1293 454 ἶ

295 487 426 520 apparet
450 478 553 518 qualis
576 478 618 508 sit
634 477 906 509 Christianismus
922 476 955 506 in
974 480 1106 516 papatu,
1130 475 1183 507 ubi
1202 488 1265 507 non

295 528 418 554 tantum
436 520 652 561 simplicitatis
670 520 797 550 nomine
810 519 1055 550 commendatur
1067 519 1266 551 crassissima

295 565 494 605 ignorantia:
529 563 584 595 sed
616 574 633 594 a
662 562 782 594 solidae
813 562 1046 602 intelligentiae
1076 562 1183 593 studio
1214 572 1267 602 po·

293 608 388 647 pulus
412 607 615 638 severissime
639 611 775 637 arcetur.
812 604 961 635 Iudicat-e
984 606 1114 644 inquam
1139 615 1266 645 promp-

292 657 362 681 tum
390 656 438 682 est
462 660 524 690 quo
548 650 664 690 spiritu
689 652 828 688 agantur
851 648 905 687 qui
930 648 985 678 vix
1010 647 1171 687 attingere
1195 658 1265 688 per-

292 694 428 724 mittunt
462 693 547 732 quod
579 692 706 723 assidue
738 691 870 721 tractari
899 690 1054 730 praecipit
1084 690 1265 730 apostolus:

292 736 345 776 qui
384 735 576 766 laudabilem
618 733 775 765 incuriam
817 743 887 764 esse
922 734 1050 773 fingunt
1083 743 1180 773 quam
1215 733 1266 765 hie

293 784 461 819 tantopere
503 777 729 817 reprehendit:
772 776 826 816 qui
865 776 999 807 verbum
1036 777 1096 807 Dei
1136 776 1264 807 unicam

292 828 378 853 recte
402 820 605 852 discernendi
631 819 776 859 regulam
800 818 931 860 tollunt,
954 829 1053 859 quum
1079 818 1130 849 hio
1150 818 1265 850 discre-

291 865 411 896 tionem
444 864 633 904 pronuntiet
657 862 854 894 Christianis
882 862 1031 893 omnibus
1061 871 1130 893 esse
1157 872 1263 893 neces-

291 908 419 939 sariam.
465 906 561 946 Apud
589 916 667 945 quos
692 915 767 936 vero
791 904 948 936 diabolica
972 905 1027 936 illa
1051 904 1265 944 prohibitione

291 950 444 990 abrogata
468 948 610 980 discendi
631 949 720 988 viget
740 947 880 983 libertas,
905 954 969 979 tam
991 947 1150 979 audiendo
1169 958 1264 987 quam

290 992 425 1033 legendo
449 992 661 1023 nihilominus
684 996 733 1022 est
757 991 905 1031 torporis.
947 991 998 1021 lta
1022 991 1264 1023 exercitationis

291 1040 450 1075 expertes,
473 1034 596 1074 stupidi
619 1045 741 1072 sumus,
764 1034 916 1074 omnique
939 1034 1057 1065 iudicio
1081 1034 1184 1065 vacui.

640 1163 819 1202 CAPUT
842 1163 914 1202 VI.

377 1249 404 1280 1.
440 1248 545 1287 Quare
574 1249 687 1279 omisso
717 1257 856 1279 sermone
881 1248 1040 1288 principi:
1064 1247 1190 1286 Christi,
1224 1248 1265 1279 ad

285 1291 500 1331 perfectionem
521 1291 673 1331 feramur,
697 1301 757 1321 nori
777 1291 920 1322 iacientes
937 1301 1066 1322 rursum
1080 1290 1263 1331 fundamen-

289 1336 353 1365 tum
372 1334 577 1373 poenitentiae
600 1334 638 1365 ab
660 1333 805 1373 operibus
826 1334 957 1365 mortuis
972 1337 998 1364 et
1011 1334 1087 1373 fidei
1102 1334 1135 1365 iri
1151 1333 1265 1374 Deum,

290 1377 319 1408 2.
343 1376 576 1417 (baptismatum
598 1377 764 1413 doctrinae,
796 1379 823 1408 ei
845 1377 1056 1416 impositionis
1077 1376 1217 1419 manum)
1238 1380 1266 1408 et

289 1420 526 1451 resurrectionis
548 1422 751 1458 mortuorum,
774 1422 800 1451 et
823 1420 934 1451 iudicii
957 1420 1082 1452 aeterni.

377 1505 404 1536 1.
432 1505 535 1545 Quare
558 1505 681 1544 omisso,
704 1508 753 1537 etc.
795 1504 1021 1546 Obiurgationi
1045 1505 1173 1537 subiicit
1191 1505 1264 1537 hor-

290 1548 462 1586 tationem,
504 1555 540 1579 ut
582 1549 766 1588 praeteritis
806 1549 906 1580 initiis
942 1549 1192 1589 progrediantur
1225 1548 1264 1580 ad

289 1597 420 1622 metam.
457 1591 539 1622 Nam
557 1601 790 1623 sermonem
810 1592 1033 1632 principii,
1058 1592 1163 1632 prima
1179 1597 1264 1632 tyro-

290 1635 375 1666 cinia
399 1639 504 1673 vocat,
533 1634 649 1673 quibus
672 1634 838 1666 imbuendi
861 1640 940 1666 sunt
964 1635 1061 1666 rudes
1085 1635 1160 1666 dum
1185 1634 1263 1666 reci-

290 1677 423 1716 piuntur
446 1677 478 1708 in
503 1677 681 1709 ecclesiam.
727 1677 823 1709 Iubet
849 1684 957 1709 autem
981 1678 1086 1709 omitti
1110 1677 1265 1709 eiusmodi

289 1719 492 1751 rudimenta:
523 1730 588 1751 non
618 1720 703 1760 quod
735 1731 846 1752 eorum
877 1721 1023 1752 oblivisci
1047 1730 1190 1760 unquam
1214 1720 1265 1751 de-

290 1762 388 1794 beant
417 1763 537 1800 fideles,
570 1763 624 1794 sed
657 1764 731 1803 quia
758 1764 792 1795 in
814 1764 880 1795 illis
902 1765 1037 1795 minime
1060 1769 1109 1795 est
1132 1762 1264 1794 haeren—

290 1805 378 1837 dum.
424 1805 521 1844 Quod
552 1805 666 1837 melius
689 1812 778 1846 patet
801 1817 842 1838 ex
870 1806 1130 1838 fundamenti
1154 1806 1264 1837 simili-

289 1848 403 1879 tudine
420 1858 502 1888 quae
518 1859 592 1880 mox
609 1850 766 1889 sequitur.
803 1849 887 1881 Nam
904 1851 938 1880 in
955 1850 1151 1881 exstruenda
1171 1850 1264 1880 domo

289 1901 454 1931 nunquam
486 1902 504 1922 a
534 1891 748 1923 fundamento
776 1892 940 1925 discedere
969 1898 1104 1933 oportet.
1156 1892 1195 1923 In
1226 1902 1263 1923 eo

288 1936 398 1964 tamen
427 1934 574 1966 iaciendo
604 1945 732 1975 semper
762 1935 919 1972 laborare,
952 1935 1134 1967 ridiculum.
1178 1935 1263 1966 Nam

289 1986 388 2015 quum
411 1977 658 2008 fundamentum
684 1977 820 2010 aedificii
844 1988 940 2010 causa
969 1984 1118 2019 ponatur,
1148 1978 1203 2019 qui
1230 1978 1263 2009 in

290 2019 377 2050 illius
400 2025 564 2051 structura
586 2028 761 2061 occupatus
784 2021 823 2052 ad
847 2022 1051 2062 superficiem
1075 2031 1139 2052 non
1159 2027 1265 2052 trans-

290 2061 425 2100 seendit,
448 2063 549 2094 stulto
573 2069 604 2094 et
626 2063 734 2095 inutili
758 2074 792 2095 se
816 2064 927 2096 labore
950 2065 1074 2104 fatigat.
1114 2063 1264 2104 Denique

290 2104 386 2136 sicuti
417 2115 436 2136 a
459 2106 671 2138 fundamento
694 2106 911 2138 inchoandum
935 2113 994 2148 est,
1025 2108 1070 2139 sic
1094 2117 1265 2147 properare

290 2147 385 2179 debet
415 2147 507 2179 labor
536 2149 704 2180 architecti
735 2150 774 2181 ad
806 2150 937 2181 domum
968 2150 1167 2191 erigendam.
1214 2148 1264 2180 Si-

290 2190 375 2221 milis
408 2197 457 2222 est
487 2191 729 2224 Christianismi
760 2193 858 2224 ratio:
898 2204 973 2225 nam
1007 2194 1040 2224 in
1070 2192 1265 2224 rudimentis

291 2233 383 2273 quasi
423 2234 614 2266 fundamur:
655 2235 711 2267 sed
752 2236 907 2267 continuo
941 2240 1012 2276 post
1046 2235 1137 2276 sequi
1171 2235 1266 2266 debet

291 2276 387 2307 altior
420 2276 565 2308 doctrina
600 2287 683 2317 quae
717 2278 900 2310 aedificium
938 2280 1094 2320 perficiat.
1151 2278 1266 2318 Itaque

291 2326 497 2359 praepostere
521 2321 642 2351 faciunt
666 2322 718 2361 qui
742 2322 915 2353 subsidunt
937 2323 970 2353 in
995 2322 1108 2362 primis
1131 2321 1266 2352 elemen-

292 2363 341 2400 tis,
376 2362 450 2402 quia
479 2362 606 2394 nullum
637 2362 758 2395 habent
787 2365 884 2396 finem
912 2365 1123 2405 propositum.
1167 2363 1216 2395 Ac
1238 2363 1266 2395 si

292 2404 487 2436 architectus
526 2412 625 2437 totam
665 2417 797 2447 operam
835 2408 869 2438 in
903 2409 1117 2439 fundamento
1149 2416 1264 2437 consu-

292 2454 410 2485 meret,
451 2448 562 2480 relicta
596 2449 787 2481 aedificandi
822 2461 910 2482 cura.
966 2451 1056 2491 Ergo
1090 2450 1136 2481 sic
1168 2449 1265 2480 fidem

293 2495 436 2520 nostram
468 2491 541 2522 vult
569 2491 662 2523 initio
688 2493 828 2532 fundari,
859 2499 895 2524 ut
918 2503 1048 2525 sursum
1072 2503 1106 2524 se
1129 2492 1265 2530 attollat,

293 2531 393 2563 denec
415 2534 612 2571 quotidianis
636 2536 843 2567 incrementis
867 2536 998 2567 tandem
1022 2535 1223 2567 absolvatur.

380 2573 589 2608 Poenieemz'ae
616 2577 655 2608 ab
684 2578 829 2617 operibus
851 2579 992 2610 mortuis.
1038 2579 1101 2609 Hic
1123 2577 1266 2618 respexit

293 2616 334 2647 ad
367 2617 519 2648 usitatam
558 2621 746 2652 catechismi
781 2621 963 2652 formulam.
1027 2621 1121 2653 Unde
1155 2620 1266 2660 proba-

294 2658 367 2690 bilis
400 2661 583 2692 coniectura
617 2664 700 2693 sumi
732 2669 851 2702 potest,
885 2663 1056 2703 epistolam
1088 2664 1172 2695 hanc
1201 2673 1266 2694 non

1320 305 1428 337 statim
1469 305 1509 335 ab
1547 305 1678 337 exordio
1712 307 1908 347 promulgati
1942 307 2103 348 evangelii
2137 308 2292 349 scriptam

1320 359 1398 383 osse,
1431 349 1486 379 sed
1518 358 1616 387 quum
1648 349 1709 380 iam
1741 350 1881 390 aliquam
1914 349 2046 390 politiae
2077 351 2231 382 rationem
2261 354 2292 384 iu

1320 391 1462 422 ecclesiis
1494 391 1702 423 constitutam
1728 392 1901 424 haberent:
1935 403 1972 423 ea
1995 398 2064 423 erat
2088 400 2123 424 ut
2145 395 2294 426 catechu-

1322 445 1432 464 menus
1461 434 1645 473 priusquam
1669 435 1895 466 admitteretur
1918 436 1955 466 ad
1983 436 2187 475 baptismum,
2220 438 2293 469 fidei

1321 488 1397 508 suae
1421 477 1651 508 confessionem
1670 478 1787 509 ederet.
1820 479 1923 509 Erant
1945 485 2053 509 autem
2077 486 2166 510 certa
2188 482 2294 520 cupita

1321 520 1359 550 de
1375 519 1489 559 quibus
1507 526 1615 560 pastor
1637 520 1903 552 catechumenum
1925 522 2159 562 interrogabat:
2185 533 2294 562 quem·

1320 562 1492 593 admodum
1531 573 1573 593 ex
1608 564 1704 594 variis
1745 571 1873 603 patrum
1917 565 2114 596 testimoniis
2157 572 2292 598 constat.

1321 606 1517 636 Praesertim
1553 606 1591 636 de
1620 606 1776 646 symbolo,
1811 608 1895 647 quod
1926 608 2135 647 apostolicum
2169 615 2293 648 vocant,

1320 659 1455 679 examen
1481 647 1676 679 habebatur:
1699 649 1752 680 ille
1778 652 1900 690 primus
1924 651 2014 690 quasi
2039 651 2204 690 ingressus
2223 657 2294 682 erat

1320 692 1352 722 in
1377 691 1542 722 eeclesiam
1568 691 1616 729 iis,
1640 691 1694 732 qui
1718 693 1780 723 iam
1805 693 1908 724 adulti
1939 693 2071 724 Christo
2101 704 2216 724 nomen
2241 694 2294 724 da-

1320 734 1407 770 bant,
1432 744 1529 773 quum
1548 735 1637 774 prius
1654 735 1749 766 alieni
1768 736 1902 767 fuissent
1918 736 1957 766 ab
1981 737 2049 767 eius
2072 736 2147 767 fide.
2185 736 2294 768 Huius

1320 778 1418 808 moris
1449 777 1521 808 ideo
1551 777 1697 808 meminit
1727 779 1900 818 apostolus,
1935 780 2009 819 quia
2041 779 2136 809 breve
2165 786 2294 819 tempus

1319 819 1559 851 catechumenis
1588 821 1766 860 praefixum
1797 828 1882 861 erat,
1916 832 1978 862 quo
2007 822 2052 852 ita
2082 822 2294 853 initiarentur

1320 863 1352 893 in
1377 863 1504 902 pietatis
1529 863 1683 901 doctrina,
1708 864 1977 904 quemadmodum
2003 875 2118 904 pueros
2139 866 2294 905 magister

1319 906 1349 936 in
1381 905 1553 945 alphabeto
1583 906 1732 945 instituit,
1767 913 1803 938 ut
1832 907 1942 938 statim
1973 908 2070 938 altius
2101 918 2154 939 eos
2186 914 2293 939 trans-

1319 949 1438 980 mittat.
1484 948 1549 980 Sed
1577 949 1800 989 expendamus
1830 960 1912 989 quae
1943 949 2030 981 dicit.
2075 950 2293 982 Poeniten-

1320 992 1420 1022 tiam
1445 996 1485 1022 et
1507 992 1629 1023 fidem
1656 993 1808 1028 nominat,
1832 993 1950 1031 quibus
1965 1000 2091 1024 constat
2109 1000 2177 1024 tota
2192 1004 2291 1025 evan·

1319 1035 1390 1074 gelii
1410 1034 1572 1073 perfectio.
1609 1034 1696 1073 Quid
1721 1036 1806 1065 enim
1830 1034 1918 1066 aliud
1942 1035 2095 1074 apostolis
2117 1037 2185 1067 suis
2203 1047 2292 1067 inan—

1318 1078 1372 1107 dat
1396 1076 1559 1114 Christus,
1589 1087 1687 1117 quam
1712 1083 1747 1108 ut
1770 1077 1866 1108 fidem
1890 1084 1922 1108 et
1946 1078 2176 1116 poenitentiam
2201 1089 2292 1118 prae-

1319 1119 1445 1151 dicent?
1490 1120 1604 1160 ltaque
1631 1130 1728 1160 quum
1754 1121 1866 1151 testari
1891 1121 1960 1152 vult
1983 1120 2106 1152 Paulus
2129 1132 2163 1152 se
2186 1122 2294 1154 officio

1318 1173 1374 1194 suo
1403 1162 1542 1194 fideliter
1572 1173 1642 1194 esse
1672 1163 1889 1203 perfunctum,
1921 1174 2011 1194 suam
2037 1165 2067 1194 in
2095 1163 2145 1194 his
2168 1164 2293 1196 duobus

1318 1205 1516 1237 inculcandis
1533 1206 1733 1246 diligentiam
1757 1212 1791 1237 et
1813 1206 2036 1237 assiduitatem
2061 1206 2190 1247 allegat.
2227 1206 2293 1238 Ab·

1318 1249 1452 1279 surdum
1483 1259 1560 1289 ergo
1591 1250 1721 1280 videtur
1750 1249 1835 1289 quod
1866 1250 2029 1290 apostolus
2058 1251 2294 1289 poenitentiam

1318 1298 1348 1322 et
1381 1292 1478 1322 fidem
1513 1292 1618 1322 omitti
1653 1292 1750 1330 iubet,
1784 1293 1817 1323 in
1848 1293 1964 1332 quibus
1995 1293 2192 1333 pergendum
2223 1297 2296 1324 erat

1319 1338 1384 1365 toto
1409 1334 1494 1365 vitae
1517 1345 1625 1366 cursu.
1673 1335 1796 1366 Verum
1819 1345 1919 1375 quum
1944 1335 2044 1375 addit,
2076 1336 2116 1366 ab
2142 1335 2295 1375 operibus

1318 1378 1464 1415 mortuis,
1497 1378 1660 1418 significat
1690 1388 1725 1409 se
1756 1378 1795 1409 de
1825 1378 1941 1409 initiali
1972 1379 2169 1418 poenitentia
2193 1378 2294 1419 loqui.

1318 1420 1462 1451 Tametsi
1491 1422 1576 1451 enim
1605 1431 1701 1452 omne
1731 1426 1897 1461 peccatum
1932 1427 1981 1452 est
2011 1431 2102 1461 opus.
2138 1421 2188 1452 vel
2219 1423 2294 1461 quia

1318 1470 1453 1494 mortem
1471 1468 1617 1504 generat,
1640 1463 1692 1495 vel
1708 1464 1781 1503 quia
1802 1475 1844 1495 ex
1860 1464 2021 1504 spirituali
2043 1464 2170 1495 animae
2193 1471 2294 1496 morte

1319 1506 1477 1546 procedit:
1512 1512 1621 1537 tamen
1651 1506 1762 1538 fideles
1791 1507 1846 1547 qui
1875 1508 1939 1538 iam
1963 1507 2078 1547 spiritu
2101 1506 2163 1537 Dei
2188 1507 2294 1538 renati

1319 1555 1406 1589 sunt,
1441 1559 1504 1580 non
1536 1550 1689 1580 dicuntur
1719 1550 1846 1590 proprie
1869 1550 2058 1590 resipiscere
2081 1550 2120 1580 ab
2143 1550 2294 1590 operibus

1319 1593 1463 1624 mortuis.
1509 1592 1726 1633 Regeneratio
1756 1593 1884 1633 quidem
1909 1593 1942 1623 in
1967 1593 2030 1624 illis
2054 1599 2103 1624 est
2126 1592 2293 1624 inchoata:

1318 1635 1373 1666 sed
1397 1635 1576 1675 quamlibet
1593 1637 1746 1677 exiguum
1772 1645 1875 1667 novae
1899 1636 1986 1667 vitae
2009 1645 2118 1667 semen
2144 1635 2205 1668 hoc
2228 1634 2293 1666 sal-

1318 1684 1381 1709 tem
1413 1679 1487 1709 facit
1514 1684 1551 1709 ut
1574 1689 1637 1710 non
1661 1678 1800 1719 amplius
1824 1679 1942 1710 mortui
1966 1685 2161 1710 censeantur
2182 1688 2291 1710 coram

1318 1721 1397 1753 Deo.
1452 1721 1543 1762 Ergo
1583 1732 1646 1753 non
1689 1721 1888 1762 generaliter
1929 1727 2027 1752 totam
2061 1721 2292 1761 poenitentiam

1316 1763 1562 1805 comprehendit
1585 1764 1759 1805 apostolus,
1794 1767 1885 1796 cuius
1913 1765 2080 1796 meditatio
2115 1774 2218 1804 usque
2251 1763 2291 1796 ad

1317 1808 1413 1838 finem
1447 1808 1558 1848 vigere
1588 1807 1697 1838 debet:
1731 1807 1787 1839 sed
1817 1807 1947 1838 initium
1971 1813 2100 1838 tantum
2124 1807 2292 1847 poeniten-

1317 1851 1379 1881 tiae
1413 1857 1523 1891 notat,
1561 1860 1626 1890 quo
1660 1851 1871 1891 auspicantur
1905 1851 1990 1882 vitae
2024 1850 2202 1881 novitatem
2237 1848 2292 1890 qui

1316 1904 1428 1934 nuper,
1462 1893 1528 1924 imo
1561 1894 1626 1924 iam
1661 1894 1802 1934 primum
1834 1893 1873 1924 ad
1901 1893 1997 1924 fidem
2028 1893 2176 1925 conversi
2207 1897 2293 1924 sunt.

1317 1936 1367 1967 Ita
1397 1942 1427 1967 et
1460 1936 1534 1967 fidei
1565 1947 1683 1967 nomen
1715 1937 1812 1968 breve
1842 1936 1921 1967 illud
1945 1936 2171 1976 compendium
2195 1935 2294 1974 signi-

1316 1980 1390 2010 fieat
1424 1979 1552 2019 pietatis
1586 1978 1749 2011 doctrinae
1783 1979 1866 2019 quod
1902 1979 2000 2020 vulgo
2033 1978 2187 2010 articulos
2219 1978 2291 2009 fidei

1317 2022 1495 2053 nominant.
1541 2022 1616 2054 Huc
1639 2023 1779 2062 pertinet
1801 2028 2050 2053 mortuorum
2075 2031 2292 2053 resurrec-

1318 2065 1390 2101 tio¹
1423 2070 1464 2096 et
1495 2065 1693 2097 iudicium
1723 2071 1945 2096 aeternum.
1993 2063 2078 2096 Sunt
2101 2065 2186 2095 enim
2211 2063 2291 2094 haec

1317 2118 1356 2139 ex
1385 2109 1523 2139 summis
1553 2108 1700 2140 coelestis
1730 2109 1905 2148 sapientiae
1936 2108 2113 2149 mysteriis:
2143 2107 2209 2137 imo
2239 2105 2291 2137 hic

1317 2151 1415 2182 totius
1446 2151 1612 2192 religionis
1642 2156 1774 2182 nostrae
1802 2161 1917 2191 scopus
1946 2157 2003 2189 est,
2037 2150 2076 2181 ad
2104 2159 2198 2189 quem
2223 2155 2292 2179 tota

1318 2195 1382 2224 vita
1412 2194 1531 2225 intenti
1555 2204 1625 2225 esse
1646 2193 1811 2225 debemus.
1857 2194 1980 2225 Verum
2004 2193 2081 2233 quia
2103 2202 2155 2222 res
2178 2191 2291 2222 eadem

1318 2236 1411 2267 aliter
1440 2237 1574 2268 rudibus
1605 2237 1755 2274 traditur,
1787 2236 1881 2268 aliter
1909 2237 1949 2267 iis
1979 2236 2033 2275 qui
2057 2235 2120 2265 iam
2145 2234 2291 2274 aliquan-

1317 2285 1385 2310 tum
1409 2280 1618 2320 profecerint:
1642 2279 1807 2319 apostolus
1825 2279 1991 2319 vulgarem
2008 2277 2231 2317 interrogandi
2248 2276 2291 2307 ri-

1318 2327 1384 2352 tum
1421 2327 1527 2353 notat:
1569 2323 1728 2354 Credisne
1761 2327 1962 2353 mortuorum
1997 2318 2290 2351 resurrectionem?

1317 2365 1419 2396 credis
1447 2367 1550 2397 vitam
1583 2364 1773 2396 aeternam?
1818 2364 1909 2395 Haec
1937 2364 2044 2403 pueris
2074 2363 2291 2394 conveniunt:

1318 2414 1349 2438 et
1371 2408 1501 2447 quidem
1524 2408 1633 2439 semel.
1671 2408 1760 2447 Ergo
1782 2407 1822 2438 ad
1845 2417 1883 2438 ea
1904 2406 2026 2437 iterum
2048 2405 2183 2444 revolvi,
2208 2403 2290 2436 nihil

1318 2450 1404 2481 aliud
1428 2462 1525 2491 quam
1551 2451 1751 2482 retrocedere
1773 2456 1832 2481 est.

1401 2494 1432 2525 2.
1467 2493 1703 2533 Baptismaium
1734 2492 1902 2524 doctrinae.
1957 2491 2071 2531 Aliqui
2105 2490 2291 2522 disiunctim

1318 2535 1431 2576 legunt
1455 2537 1694 2576 baptismatum,
1723 2541 1756 2566 et
1782 2536 1957 2566 doctrinae.
2003 2534 2075 2575 Ego
2096 2534 2291 2566 coniunctim

1319 2580 1417 2610 malo:
1441 2589 1638 2619 quamquam
1654 2589 1745 2609 secus
1761 2578 1957 2617 interpretor
1973 2588 2069 2618 quam
2089 2577 2153 2616 alii,
2174 2585 2292 2615 nempe

1319 2627 1355 2652 ut
1370 2623 1412 2652 sit
1428 2623 1586 2662 appositio
1602 2632 1698 2661 quam
1722 2621 1924 2662 grammatici
1949 2627 2076 2657 vocant,
2101 2620 2162 2650 hoc
2183 2628 2290 2656 sensu,

1320 2664 1406 2695 Non
1441 2665 1649 2697 iacientes
1679 2674 1824 2695 rursus
1855 2663 2167 2694 fundamentum
2197 2671 2291 2702 poe-
