2513 3126
275 192 334 224 175

273 288 386 319 salsam
412 291 443 318 ot
473 287 662 318 ementitam
694 286 759 314 fore
782 282 908 314 Christi
939 281 1182 322 professionem,
1216 281 1242 311 si

273 342 306 362 se
330 342 347 362 a
373 331 470 370 patris
495 328 662 367 disciplina
685 327 841 362 eximant,
867 333 902 356 ut
925 325 1026 365 spurii
1052 324 1154 364 magis
1178 323 1245 354 sint

273 385 367 414 quain
394 373 537 412 legitimi.

362 459 389 489 9.
419 457 519 494 Quum
541 455 648 486 carnis
665 457 788 486 nostrae
809 455 915 492 patres
930 452 1131 484 habuerimus
1153 452 1245 483 casti-

274 506 401 542 qatores,
429 502 455 529 ct
484 498 609 529 reveriti
637 499 737 529 simus
766 496 853 527 illos.-
881 506 988 527 annon
1018 495 1113 526 multo
1146 495 1246 534 mayis

271 544 474 585 fflcbiicicmur
488 541 576 581 patri
592 541 771 579 spirituum,
795 541 822 569 et
843 539 1004 570 vivemus?
1051 538 1099 569 10.
1125 537 1167 568 Et
1197 537 1245 568 illi

271 586 393 627 quidem
423 584 465 615 ad
483 594 602 622 paucos
633 584 699 613 dms
718 592 778 621 pro
809 591 865 612 suo
894 581 1048 612 arbitratu
1077 590 1132 612 nos
1153 581 1244 611 casti-

271 631 402 660 sarunt:
435 626 484 657 hic
515 636 585 657 vero
616 626 658 657 ad
691 625 869 662 utilitatem,
903 627 936 655 ut
971 623 1056 655 nobis
1090 623 1246 662 impertiat

271 670 507 702 sanctimoniam
530 680 630 700 suam.
678 669 726 699 11.
755 667 862 706 Ροννο,
893 667 993 698 onmis
1022 667 1182 706 casliyatio
1214 666 1245 696 in

270 723 421 754 praesens
455 722 513 743 non
543 712 663 743 vitietur
690 711 802 751 qaudii
831 720 906 748 esse,
939 710 993 741 sed
1022 709 1183 740 tristitiae:
1212 709 1246 738 in

268 760 427 796 posterum
450 758 559 791 tamen,
581 755 717 793 fructum
729 755 879 792 pacatum
897 753 1036 784 iustitiae
1050 752 1138 791 affert
1161 761 1246 782 exer-

272 800 385 831 citatis.

360 884 388 915 9.
417 884 518 922 Quum
541 881 646 913 carnis
669 883 800 912 nostrae.
836 880 927 911 Haec
950 879 1146 919 comparatio
1165 878 1245 908 mul-

277 933 326 959 tas
350 926 444 957 habet
471 932 586 965 partes.
633 924 744 954 Prima
766 930 823 962 est,
847 924 873 954 si
898 922 1043 962 patribus
1070 933 1108 952 ex
1134 922 1247 960 quibus

277 970 438 1011 progeniti
466 977 578 999 sumus
607 966 784 998 secundum
810 976 950 1003 carnem,
981 972 1105 995 tantuin
1130 963 1247 993 detuli-

276 1024 348 1044 mus
372 1011 571 1042 reverentiae
602 1016 638 1040 ut.
662 1009 747 1049 passi
777 1009 932 1040 fuerimus
964 1018 1073 1038 eorum
1107 1005 1245 1044 discipli—

275 1065 369 1086 nam:
395 1054 497 1085 multo
514 1053 586 1093 plus
610 1052 742 1083 honoris
765 1051 874 1082 deberi
892 1051 969 1086 Deo,
994 1050 1047 1089 qui
1071 1047 1247 1088 spiritualis

276 1104 326 1129 est
355 1104 456 1137 pater.
503 1096 627 1135 Altera,
662 1094 875 1134 disciplinam,
907 1103 968 1133 qua
998 1098 1105 1132 patres
1130 1091 1248 1122 liberos

275 1151 350 1172 suos
373 1139 537 1174 erudiunt,
561 1139 600 1169 ad
621 1148 714 1168 usum
739 1137 916 1177 praesentis
940 1136 1025 1165 vitae
1042 1134 1153 1165 utilem
1177 1143 1247 1164 esse

276 1183 454 1215 duntaxat:
487 1182 593 1212 Deum
617 1190 695 1211 vero
719 1180 848 1219 longius
872 1187 1037 1218 respicere,
1067 1184 1103 1207 ut
1126 1176 1248 1208 scilicet

276 1227 309 1257 in
333 1228 434 1256 vitam
458 1230 625 1255 aeternam
649 1233 708 1253 nos
730 1222 918 1253 sanctificet.
953 1220 1074 1259 Tertia,
1098 1219 1248 1250 mortales

276 1269 424 1300 homines
454 1267 571 1298 liberos
600 1275 673 1296 suos
706 1270 741 1296 ut
771 1265 834 1295 illis
859 1264 961 1294 visum
993 1268 1042 1293 est
1071 1262 1248 1302 castigare:

277 1312 385 1342 Deum
410 1320 487 1341 vero
511 1314 693 1349 temperare
715 1318 805 1338 suam
828 1306 1031 1345 disciplinam
1057 1305 1181 1345 optima
1200 1315 1249 1335 ra-

278 1355 365 1386 tione
393 1362 584 1392 summaque
614 1351 780 1391 sapientia,
812 1355 848 1380 ut
879 1348 959 1379 nihil
990 1348 1023 1379 in
1047 1358 1085 1379 ea
1113 1348 1155 1379 sit
1187 1347 1250 1378 nisi

277 1397 490 1428 moderatum.
535 1395 606 1426 Hoc
636 1403 712 1433 ergo
743 1392 846 1432 primo
875 1391 942 1422 loco
969 1391 1056 1422 inter
1081 1391 1186 1422 Deum
1218 1396 1250 1421 et

278 1440 427 1471 homines
456 1438 621 1468 diversum
651 1436 751 1476 ponit,
785 1434 870 1474 quod
903 1434 935 1464 hi
968 1433 1109 1473 quidem,
1144 1438 1250 1473 patres

278 1482 344 1514 sint
367 1481 483 1518 caruis,
505 1480 559 1511 ille
583 1485 699 1515 autem,
727 1478 918 1517 spirituum:
948 1477 1044 1516 idque
1067 1476 1251 1515 amplificat,

279 1535 409 1557 carnem
427 1534 500 1555 cum
519 1523 634 1563 spiritu
650 1519 856 1552 conferendo.
880 1519 946 1551 Sed
962 1519 1127 1559 quaeritur
1143 1529 1251 1549 annon

278 1567 387 1599 carnis
409 1566 507 1598 etiam
534 1572 624 1605 pater
647 1566 689 1595 sit
705 1563 814 1594 Deus:
836 1572 941 1602 neque
957 1563 1043 1593 enim
1062 1562 1182 1593 frustra
1198 1561 1253 1592 ho-

279 1610 377 1642 minis
400 1610 593 1641 creationem
613 1607 698 1638 inter
722 1606 895 1646 praecipua
911 1605 974 1636 Dei
999 1605 1151 1636 miracula
1169 1615 1252 1636 com-

279 1657 438 1684 memorat
462 1651 594 1682 historia
617 1650 685 1682 Iob.
720 1649 831 1688 Quare
848 1648 907 1680 hac
929 1658 1055 1688 quoqne
1071 1651 1164 1688 parte
1187 1658 1252 1679 me-

282 1695 344 1726 rito
368 1695 468 1735 patris
498 1704 614 1724 nomen
637 1692 698 1724 sibi
723 1692 875 1723 vindicat.
911 1689 947 1723 Si
964 1691 1109 1722 dicamus
1127 1694 1253 1731 patrem

282 1738 391 1770 vocari
413 1737 598 1778 spirituum,
628 1735 704 1776 quia
726 1734 812 1766 solus
841 1734 966 1765 animas
996 1740 1083 1765 creat
1111 1740 1142 1765 et
1165 1743 1254 1774 rege-

283 1787 386 1816 nerat,
416 1781 486 1811 sine
509 1779 648 1810 hominis
671 1787 786 1818 opera:
818 1788 931 1808 rursus
958 1777 1107 1816 excipere
1137 1775 1253 1813 licebit,

282 1823 422 1855 Paulum
458 1832 522 1853 non
553 1822 676 1853 frustra
706 1820 848 1862 gloriari,
882 1830 916 1851 se
950 1819 1152 1860 spiritualem
1185 1829 1254 1850 esse

283 1876 391 1897 eorum
415 1872 552 1906 patrem,
572 1874 652 1904 quos
674 1864 706 1894 in
731 1863 863 1895 Christo
886 1873 943 1903 per
973 1862 1179 1902 evangelium
1204 1872 1255 1902 ge-

283 1909 362 1940 nuit.
397 1907 601 1948 Respondeo,
625 1912 693 1938 tam
716 1907 841 1937 animae
864 1915 959 1946 quam
979 1906 1105 1945 coporis
1128 1910 1253 1945 patrem

284 1961 353 1982 esse
377 1951 491 1986 Deum.
523 1956 556 1981 et
584 1949 713 1990 quidem
743 1950 886 1988 unicum,
918 1949 1045 1988 proprie
1076 1947 1254 1987 loquendo:

284 2003 321 2024 ac
344 2003 461 2024 nomen
486 1993 546 2024 hoc
568 1992 707 2033 quadam
732 1991 831 2023 veluti
854 1991 1059 2023 concessione
1083 1989 1255 2022 transferri

286 2036 325 2066 ad
349 2035 505 2073 homines,
533 2036 601 2066 sive
625 2035 664 2066 de
687 2045 820 2074 corpore
843 2034 913 2065 sive
937 2033 975 2064 de
999 2034 1107 2064 anima
1130 2039 1254 2074 agatur.

286 2078 448 2117 Quoniam
473 2084 580 2109 tamen
608 2079 642 2108 in
666 2077 812 2109 creandis
842 2076 1010 2107 animabus
1034 2086 1100 2107 non
1123 2076 1255 2107 adhibet

285 2121 454 2152 hominum
477 2130 617 2160 operam,
648 2126 680 2151 et
703 2130 758 2151 eas
781 2120 878 2150 etiam
901 2119 1034 2158 spiritus
1062 2119 1111 2149 sui
1136 2120 1255 2150 virtute

286 2163 479 2194 mirabiliter
502 2163 672 2194 reformat:
702 2162 910 2202 peculiariter
932 2160 1004 2192 κατ’
1023 2161 1139 2203 ἐξοχὴν
1163 2165 1256 2202 pater

287 2206 460 2246 spirituum
485 2211 626 2237 vocatur.
672 2205 783 2244 Quum
806 2203 893 2241 dicit,
924 2204 967 2235 Et
994 2207 1127 2236 reveriti
1155 2205 1255 2235 simus

286 2248 374 2280 illos:
399 2249 549 2280 affectum
574 2252 665 2279 notat
687 2248 741 2288 qui
765 2247 857 2278 nobis
880 2257 898 2278 a
921 2252 1037 2278 natura
1056 2248 1173 2278 insitus
1196 2251 1255 2286 est,

288 2297 324 2322 nt
347 2297 463 2331 patres,
493 2291 591 2322 etiam
618 2300 718 2330 quum
742 2299 854 2329 aspere
878 2300 937 2320 nos
960 2294 1110 2327 tractant,
1133 2289 1256 2321 honore

288 2344 530 2374 prosequamur.
575 2332 684 2372 Quum
707 2332 794 2370 dicit,
824 2332 1031 2364 subiiciemur
1054 2332 1138 2372 patri
1161 2332 1255 2372 spiri-

289 2384 397 2408 tuum:
422 2376 596 2417 significat‚
628 2376 690 2407 hoc
719 2385 858 2415 aequum
888 2385 967 2415 esse,
998 2381 1034 2406 ut.
1057 2376 1125 2407 Deo
1156 2376 1257 2415 impe-

288 2420 373 2451 rium
397 2419 623 2459 permittamus
649 2418 733 2458 quod
757 2418 857 2457 patris
887 2418 956 2449 iure
978 2418 1011 2448 in
1042 2429 1100 2449 nos
1124 2417 1257 2449 obtinet.

289 2461 400 2500 Quum
432 2462 517 2502 dicit,
549 2462 602 2493 Et
633 2462 838 2497 vivemus,
869 2470 997 2491 causam
1025 2460 1173 2502 designat
1207 2459 1258 2491 vel

289 2505 398 2541 finem,
429 2505 537 2544 itaque
567 2504 683 2544 copula
712 2502 902 2535 resolvenda
931 2508 979 2534 est
1007 2504 1041 2534 in
1067 2503 1257 2543 particulam

290 2551 335 2578 ut.
387 2547 560 2578 Monemur
589 2554 697 2578 autem
729 2547 789 2577 hoc
818 2545 927 2583 verbo,
957 2545 1039 2577 nihil
1067 2556 1137 2578 esse
1167 2545 1258 2577 nobis

289 2590 394 2630 magis
416 2590 546 2621 exitiale
568 2600 664 2630 quam
687 2590 714 2622 si
744 2599 802 2620 nos
832 2589 867 2619 in
888 2587 950 2620 Dei
980 2589 1169 2630 obsequium
1192 2591 1257 2619 tra·

290 2631 366 2664 dere
388 2642 581 2665 recusemus.

1150 184 1298 216 CAPUT
1323 185 1400 216 xil.

2215 186 2273 217 176

1385 281 1433 312 10.
1470 280 1511 311 Et
1540 281 1589 312 illi
1616 281 1739 321 quidem
1770 281 1811 312 ad
1834 291 1954 320 paucos
1981 281 2056 312 dies.
2103 281 2194 312 Haeo
2224 292 2272 314 se-

1297 323 1401 355 cunda
1425 329 1474 354 est
1498 324 1715 363 amplificatio,
1740 330 1773 354 ut
1797 324 1875 362 dixi,
1900 324 1985 363 quod
2004 324 2064 354 Dei
2090 324 2271 362 castigatio-

1298 377 1354 397 nes
1384 366 1472 397 carui
1509 366 1688 397 domandae
1718 374 1749 397 ot
1781 366 2025 398 mortificandae
2057 366 2272 405 destinentur,

1298 415 1333 440 ut
1357 419 1549 439 renovemur
1581 409 1613 439 in
1647 409 1819 440 coelestem
1854 410 1962 440 vitam.
2012 409 2105 440 Unde
2136 414 2271 449 apparet

1298 453 1436 483 fructum
1471 462 1540 481 csse
1571 458 1779 491 perpetuum:
1812 452 1894 482 idem
1923 451 1962 482 ab
1994 451 2178 483 hominibus
2206 461 2270 484 non

1297 505 1367 525 osse
1391 494 1597 533 sperandum,
1621 504 1719 533 quum
1747 495 1912 525 hominum
1937 494 2107 534 disciplina
2132 504 2205 534 pars
2227 496 2270 526 sit.

1297 537 1419 567 ordinis
1437 536 1566 575 politici,
1592 536 1726 576 ideoque
1745 538 1871 577 proprie
1891 536 1929 567 ad
1949 544 2149 576 praesentem
2170 538 2269 568 vitam

1297 586 1429 618 spectet.
1478 577 1570 609 Unde
1600 580 1757 620 sequitur,
1786 580 1856 610 illas
1889 580 1983 619 longe
2015 580 2086 619 plus
2119 580 2268 611 utilitatis

1299 622 1434 661 adferre,
1465 627 1585 660 quanto
1619 622 1741 653 scilicet
1763 623 1939 662 spiritualis
1966 623 2025 653 Dei
2058 623 2272 654 sanctimonia

1298 665 1440 703 eorporis
1456 662 1631 694 commodis
1650 672 1797 703 praestat.
1834 665 1868 697 Si
1889 666 1959 705 quis
1976 666 2114 703 obiiciat,
2139 672 2269 706 patrum

1300 718 1418 737 munus
1442 716 1511 736 csse
1536 705 1618 737 filios
1642 707 1812 739 instituere
1835 709 1867 738 in
1894 709 2007 739 timore
2030 714 2062 739 ot
2085 709 2174 739 cultu
2203 708 2272 744 Dei,

1300 760 1336 780 ac
1367 754 1536 788 propterea
1565 759 1673 779 eorum
1699 750 1899 789 disciplinam
1922 751 1961 782 ad
1988 759 2052 782 tam
2071 751 2168 782 breve
2193 756 2272 782 tem—

1301 803 1358 832 pus
1383 791 1639 830 restringendam
1662 802 1724 822 non
1742 793 1861 823 videri:
1886 795 2073 833 respondeo,
2096 794 2125 824 id
2144 794 2272 834 quidem

1300 845 1369 865 esse
1394 844 1523 864 verum;
1555 835 1610 864 sed
1636 833 1687 865 hic
1711 834 1749 865 de
1773 837 1956 867 oeconomia
1980 836 2145 876 apostolus
2171 836 2273 876 loqui—

1301 883 1354 907 tur
1378 875 1646 916 quemadmodum
1680 876 1718 907 de
1743 877 1854 916 politia
1883 879 2024 910 solemus
2055 879 2152 919 vulgo
2177 879 2273 918 loqui.

1302 919 1384 950 Nam
1409 919 1467 949 etsi
1493 919 1743 958 magistratuum
1767 926 1815 951 est
1832 920 2020 960 religionem
2046 923 2137 959 tueri,
2161 932 2273 953 eorum

1302 968 1409 993 tamen
1433 962 1575 992 officium
1607 961 1703 993 huius
1732 963 1816 993 vitae
1846 964 1965 994 finibus
1994 965 2137 996 dicemus
2170 965 2273 996 conti-

1303 1006 1386 1035 neri:
1410 1005 1486 1044 qnia
1510 1004 1606 1035 aliter
1629 1005 1734 1036 civilis
1758 1015 1794 1036 ac
1818 1010 1946 1036 terrena
1962 1007 2153 1046 gubernatio
2176 1018 2193 1037 a
2210 1007 2274 1047 spi-

1302 1047 1411 1078 rituali
1442 1046 1565 1078 Christi
1598 1058 1698 1088 regno
1728 1047 1883 1088 distingui
1916 1059 1977 1079 non
2009 1056 2126 1089 posset.
2172 1050 2276 1081 Porro

1301 1090 1383 1130 quod
1407 1091 1621 1121 correctiones
1648 1091 1706 1121 Dei
1741 1091 1892 1122 dicuntur
1916 1091 2012 1122 utiles
2035 1102 2104 1123 esse
2128 1092 2168 1123 ad
2191 1093 2275 1123 obti-

1302 1133 1441 1164 nendam
1473 1133 1541 1164 eius
1573 1133 1832 1171 sanctimoniam,
1863 1133 1923 1165 hoc
1947 1145 2011 1165 non
2041 1135 2087 1165 ita
2116 1135 2276 1174 accipien-

1302 1176 1376 1206 dum
1402 1183 1452 1206 est
1481 1176 1572 1215 quasi
1603 1186 1662 1206 nos
1693 1177 1822 1216 proprie
1852 1177 2073 1208 sanctificent:
2104 1179 2160 1208 sed
2192 1176 2277 1217 quod

1302 1217 1499 1249 adminicula
1529 1220 1594 1249 sint
1628 1218 1667 1249 ad
1699 1229 1756 1250 nos
1779 1219 2028 1259 praeparandos,
2060 1221 2135 1260 quia
2159 1231 2215 1260 per
2238 1230 2276 1251 ea

1302 1261 1465 1292 Dominus
1490 1271 1548 1292 nos
1570 1266 1699 1292 exercet
1723 1261 1763 1292 ad
1787 1263 2067 1294 mortificationem
2089 1264 2207 1294 caruis.

1390 1321 1441 1352 11.
1469 1320 1577 1353 Omnis
1599 1321 1768 1362 castiyatio.
1814 1321 1885 1352 Hoc
1908 1322 2005 1361 addit,
2032 1333 2073 1354 ne
2098 1323 2159 1353 Dei
2182 1322 2276 1354 casti-

1304 1365 1448 1405 gationes
1472 1365 1636 1404 praesenti
1661 1374 1756 1395 sensu
1780 1366 1962 1395 metiamur.
1998 1365 2063 1396 Nos
2087 1366 2174 1396 enim
2199 1375 2274 1405 pue-

1304 1409 1348 1438 ris
1372 1407 1494 1438 similes
1518 1417 1588 1438 esse
1611 1407 1713 1447 docet,
1738 1407 1792 1447 qui
1816 1407 1951 1438 ferulam
1974 1407 2110 1438 horrent
2132 1417 2168 1439 ae
2192 1406 2276 1439 refu-

1305 1451 1399 1490 giunt
1422 1455 1577 1490 quantum
1602 1449 1637 1480 in
1661 1460 1695 1480 se
1718 1455 1786 1481 est:
1810 1451 1886 1490 quia
1902 1451 2046 1481 nondum
2065 1461 2121 1490 per
2137 1456 2276 1482 aetatem

1305 1492 1450 1524 iudicant
1479 1498 1636 1532 quantum
1660 1491 1721 1523 sibi
1750 1493 1792 1523 sit
1816 1493 1913 1524 utilis.
1960 1493 2035 1525 Huc
2065 1503 2141 1534 ergo
2175 1493 2277 1524 tendit

1306 1535 1493 1573 admonitio,
1529 1546 1594 1566 non
1624 1542 1710 1566 reete
1740 1536 1947 1567 aestimatum
1979 1536 2020 1567 iri
2047 1535 2278 1575 castigationes

1305 1589 1345 1609 ex
1371 1578 1530 1618 praesenti
1553 1578 1660 1609 carnis
1683 1584 1813 1609 nostrae
1835 1588 1950 1609 sensu:
1974 1579 2046 1609 ideo
2062 1578 2278 1610 conficiendos

1306 1631 1376 1652 esse
1392 1621 1502 1652 oculos
1517 1621 1550 1651 in
1567 1621 1684 1652 finem:
1707 1621 1751 1651 ita
1767 1621 2049 1661 apprehendemus
2066 1621 2278 1661 tranquillum

1307 1664 1394 1695 hune
1417 1664 1559 1695 iustitiae
1577 1665 1726 1695 fructum.
1762 1663 1940 1695 Fructus
1956 1670 2065 1695 autem
2082 1664 2279 1695 iustitiae

1307 1707 1424 1738 dicitur
1453 1706 1548 1737 timor
1572 1706 1714 1746 Domini,
1746 1709 1779 1737 et
1801 1707 1854 1747 pia
1876 1713 2053 1747 sanctaque
2076 1707 2158 1738 vita:
2187 1708 2278 1738 cuius

1306 1760 1387 1781 crux
1410 1750 1566 1790 magistra
1589 1755 1647 1780 est.
1683 1749 1918 1791 Pacatum1)
1942 1756 2046 1790 vocat,
2069 1749 2223 1789 quoniam
2245 1749 2280 1780 in

1306 1793 1402 1824 rebus
1425 1792 1571 1823 adversis
1595 1791 1794 1832 trepidamus
1818 1797 1851 1823 et
1873 1802 1986 1824 sumus
2009 1793 2155 1833 inquieti.
2193 1792 2279 1823 Ten·

1307 1840 1414 1866 tamur
1447 1835 1535 1866 enim
1566 1835 1776 1874 impatientia,
1811 1844 1894 1875 quae
1923 1846 2051 1876 semper
2082 1834 2280 1867 tumultuosa

1307 1884 1371 1909 est:
1402 1878 1552 1919 castigati
1583 1884 1701 1914 autem,
1731 1878 1908 1918 composita
1937 1885 2045 1910 mente
2075 1878 2280 1918 agnoscimus

1308 1931 1402 1961 quam
1427 1921 1506 1951 utile
1530 1921 1622 1952 nobis
1652 1920 1749 1951 fuerit
1772 1920 1856 1961 quod
1879 1925 1953 1953 ante
1976 1921 2128 1953 acerbum
2159 1923 2191 1951 et
2214 1930 2281 1952 mo-

1308 1963 1425 1995 lestum
1451 1963 1631 1995 videbatur.

1393 2057 1441 2089 12.
1468 2058 1570 2097 Quare
1598 2067 1712 2089 manus
1734 2057 1884 2089 remissas
1911 2059 1938 2088 et
1957 2067 2060 2097 yenua
2085 2057 2186 2089 soluta
2207 2066 2279 2088 sur-

1307 2100 1416 2141 riyite:
1461 2100 1511 2132 13.
1542 2102 1569 2131 et
1590 2102 1689 2132 rectas
1714 2101 1809 2140 facite
1837 2101 1908 2132 vias
1931 2100 2065 2139 pedibus
2093 2099 2217 2131 vestris:
2246 2109 2284 2130 ne

1309 2143 1495 2175 claudicatio
1526 2143 1654 2180 aberret,
1688 2143 1742 2174 sed
1771 2143 1873 2183 mayis
1900 2145 2037 2174 sanetur.
2084 2142 2133 2173 14.
2169 2141 2283 2172 Pacem

1308 2187 1467 2218 sectamini
1494 2196 1564 2218 cum
1593 2185 1744 2223 omnibus,
1779 2187 1806 2217 et
1836 2186 2089 2217 sanctimoniam:
2121 2184 2188 2215 sine
2220 2194 2284 2224 qua

1308 2239 1394 2259 nemo
1417 2229 1530 2260 videbit
1551 2228 1734 2260 Dominum.
1781 2228 1831 2259 15.
1865 2228 1983 2259 Curam
2005 2230 2129 2267 ayentes
2150 2237 2189 2258 ne
2211 2227 2284 2266 quis

1308 2272 1429 2311 deficiat
1451 2282 1471 2302 a
1491 2272 1598 2311 yratia
1613 2270 1685 2310 Dei,
1708 2280 1746 2302 ne
1768 2281 1830 2310 qua
1853 2271 1950 2302 radix
1966 2270 2190 2302 amaritudinis
2211 2279 2282 2300 sur-

1309 2324 1380 2346 sum
1397 2315 1563 2354 pullulans
1585 2313 1726 2350 obturbet,
1751 2316 1777 2344 et
1793 2323 1853 2353 per
1875 2322 1944 2344 eam
1965 2313 2168 2352 inquinentur
2183 2312 2281 2343 multi.

1312 2357 1362 2388 16.
1388 2357 1438 2388 Ne
1460 2357 1531 2396 quis
1553 2358 1701 2388 scortator
1722 2356 1768 2387 vel
1784 2355 1955 2396 profanus,
1977 2358 2011 2387 ut
2026 2355 2128 2395 Esau,
2151 2355 2205 2395 qui
2222 2365 2283 2394 pro

1310 2410 1370 2431 uno
1388 2399 1489 2431 edulio
1508 2399 1645 2431 vendidit
1657 2399 1942 2439 primogenituram
1957 2408 2059 2429 suam.
2099 2399 2147 2429 17.
2173 2397 2283 2429 Nostis

1310 2442 1391 2474 enim
1413 2443 1505 2482 quod,
1529 2451 1623 2481 quum
1640 2444 1749 2480 postea
1773 2441 1859 2472 vellet
1880 2440 2124 2472 haereditariam
2150 2440 2282 2472 obtinere

1310 2484 1554 2524 benedictionem,
1577 2483 1758 2523 reprobatus
1780 2484 1830 2515 sit.
1866 2482 2074 2515 Paenitentiae
2089 2484 2170 2515 enirn
2185 2483 2283 2515 locum

1310 2538 1372 2559 non
1395 2528 1520 2568 invenit,
1543 2527 1665 2558 etiamsi
1685 2536 1754 2558 cum
1776 2526 1923 2566 lacrymis
1945 2527 2128 2566 quaesiisset
2150 2536 2227 2559 eam.

1398 2639 1419 2671 ¹)
1442 2638 1634 2671 Tranquillum
