2513 3126
115 197 179 228 357

114 293 239 324 daciam
266 292 431 324 habeamus
461 292 495 323 in
524 291 574 323 die
597 289 726 321 iudicii:
749 288 828 327 quod
849 288 930 320 sicut
952 287 1004 320 ille
1026 290 1080 328 est,

115 345 172 367 nos
193 345 311 375 quoque
332 345 441 366 sumus
462 335 495 365 in
517 333 570 365 hoc
590 331 712 363 mundo.
750 331 797 362 18.
827 331 934 362 Timor
956 341 1017 362 non
1039 333 1082 362 est

115 379 149 409 in
171 378 320 409 caritate:
342 378 395 409 sed
412 376 548 416 perfecta
576 374 694 406 caritas
715 373 803 413 foras
818 373 911 412 pellit
932 373 1080 414 timorem,

116 421 192 460 quia
212 421 303 452 timor
324 422 502 452 tormentum
525 417 628 448 habet.-
649 416 703 455 (χαί
727 418 828 447 autem
845 416 938 456 timet,
962 426 1022 448 non
1039 418 1083 447 est

111 463 269 504 perfectus
292 463 325 494 in
347 462 481 494 caritate.

205 548 254 580 18.
287 548 328 578 In
349 546 402 578 hoc
418 544 564 585 perfecta.
611 543 684 575 Duo
707 543 804 576 huius
827 544 982 575 orationis
1006 547 1083 575 sunt

117 590 279 621 membra:
306 599 362 620 nos
385 587 512 618 divinae
536 586 716 628 adoptionis
734 592 810 618 tunc
831 597 900 618 0550
912 591 1084 626 compotes,

117 643 214 673 quum
261 632 367 663 Deum
408 630 586 667 referimus,
628 634 664 660 ut
698 629 755 660 filii
790 634 932 669 patrem:
968 628 1084 660 deinde

118 676 201 707 hanc
224 674 372 706 fiduciam
397 672 645 713 incomparabile
669 683 738 703 esse
767 672 895 709 bonum,
925 672 999 712 quia
1015 672 1085 703 sine

117 729 154 750 ea
189 718 289 748 simus
325 716 508 746 miserrimi.
553 715 666 746 Priore
700 715 809 755 itaque
844 715 910 747 loco
944 714 1085 746 ostendit.

117 771 179 801 qua
212 759 282 798 lege
316 767 376 789 nos
411 758 502 789 Deus
534 758 723 798 complexus
757 758 798 788 sit
832 757 865 788 in
888 768 1030 789 amorem
1054 761 1084 788 et

118 801 275 843 quomodo
309 801 369 831 hac
401 800 531 832 demum
564 801 670 842 gratia
701 801 848 832 fruamur
874 811 969 841 quam
994 799 1085 831 nobis

117 846 150 877 in
184 844 316 875 Christo
351 842 514 875 exhibuit:
549 853 626 883 ergo
660 843 713 875 hic
736 844 898 875 caritas
923 843 984 874 Dei
1008 853 1086 883 erga

116 897 174 919 nos
203 886 416 926 intelligenda
440 890 498 917 est.

116 930 214 971 plena
244 931 334 969 copia
364 929 467 960 effusa
497 933 553 967 est,
587 940 623 961 ac
649 929 681 959 in
702 928 839 960 solidum
865 929 1027 968 praestita,
1051 932 1088 959 ut

118 972 218 1003 veluti
255 972 399 1003 numeris
438 971 587 1002 omnibus
616 977 748 1003 constet.
804 971 978 1004 Caeterum
1021 981 1087 1002 non

120 1014 199 1046 alios
228 1025 297 1046 esse
322 1014 419 1046 huius
442 1014 515 1046 boni
541 1015 713 1055 participes
737 1015 888 1051 affirmat,
913 1024 1006 1054 quam
1030 1014 1086 1054 qui

120 1056 190 1088 Deo
223 1057 405 1089 conformes
438 1058 506 1088 eius
536 1068 569 1088 se
604 1057 686 1088 filios
727 1068 795 1088 esse
830 1057 976 1097 probant.
1029 1057 1089 1088 Est

122 1101 223 1141 igitur
246 1105 474 1139 argumentum
493 1110 511 1130 a
534 1100 725 1132 coniunctis.

213 1142 251 1175 Ut
267 1143 418 1182 fiduciam
440 1142 615 1174 habeamus.
649 1143 717 1174 Iam
732 1143 869 1174 fructum
889 1142 989 1174 divini
1013 1152 1090 1182 erga

121 1196 179 1217 nos
203 1186 318 1216 amoris
342 1185 511 1216 ostendere
534 1186 663 1226 incipit:
686 1196 879 1226 quamquam
902 1191 1011 1225 postea
1027 1185 1090 1217 cla-

121 1229 188 1259 rius
211 1239 228 1259 a
250 1228 413 1260 contrario
436 1229 592 1260 ostendet.
639 1228 703 1260 Sed
729 1234 835 1260 tamen
859 1229 938 1260 haec
960 1228 1090 1259 inaesti-

121 1271 249 1303 mabilis
285 1275 334 1302 est
368 1271 512 1309 felicitas,
543 1271 627 1311 quod
659 1282 715 1303 005
746 1271 902 1302 audemus
931 1271 1091 1311 intrepide

121 1324 228 1345 coram
263 1314 333 1345 Deo
366 1313 491 1345 sistere.
549 1314 674 1345 Natura
709 1314 794 1345 enim
829 1314 999 1345 horremus
1031 1314 1091 1345 Dei

120 1361 338 1396 conspectum,
373 1361 404 1387 et
438 1357 568 1388 merito:
606 1367 680 1388 nam
715 1367 813 1397 quum
836 1357 905 1396 ipse
927 1356 1026 1387 iudex
1049 1357 1090 1387 sit

120 1399 243 1438 mundi,
274 1409 333 1430 005
365 1404 472 1431 autem
498 1405 628 1441 peccata
651 1405 761 1431 nostra
784 1405 876 1430 reatu
899 1400 1090 1431 constrictos

120 1444 262 1481 teneant,
292 1447 428 1473 mortem
458 1447 490 1473 et
517 1443 636 1474 inferos
660 1454 725 1474 una
752 1453 824 1474 eum
850 1442 919 1473 Deo
942 1441 1034 1473 nobis
1058 1443 1090 1473 iu
1116 1443 1118 1460 ³

121 1490 262 1516 mentem
292 1485 404 1516 venire
435 1495 565 1517 necesse
589 1490 647 1517 est.
693 1486 780 1517 Hinc
803 1484 868 1525 illa,
892 1495 988 1525 quam
1013 1485 1091 1524 dixi,

122 1527 266 1565 formido,
302 1533 338 1558 ut
372 1527 477 1558 Deum
515 1529 671 1567 homines,
706 1532 862 1568 quantum
897 1529 931 1558 in
965 1538 999 1559 se
1033 1533 1091 1567 est,

122 1570 261 1610 fugiant.
306 1570 470 1601 Iohannes
494 1575 602 1602 autem
627 1571 738 1602 fideles
755 1576 851 1611 negat
867 1581 1090 1611 expavescere,

122 1622 223 1652 quum
246 1612 309 1644 illis
328 1613 437 1645 iudicii
461 1614 600 1645 extremi
624 1615 660 1645 fit
683 1614 820 1645 mentio:
844 1614 899 1645 sed
917 1614 1022 1654 potius
1041 1624 1091 1646 se-

123 1666 217 1687 curos
247 1661 278 1686 et
302 1655 423 1687 alacres
450 1656 489 1687 ad
516 1657 575 1688 Dei
599 1657 741 1688 tribunal
766 1657 931 1688 accedere:
956 1657 1030 1696 quia
1054 1656 1092 1688 de

124 1703 260 1739 paterno
289 1699 356 1730 cius
386 1709 494 1730 amore
523 1704 611 1731 certo
637 1700 781 1739 persuasi
813 1705 898 1730 sunt.
950 1700 1091 1731 Tantum

123 1751 199 1781 ergo
233 1742 369 1781 quisque
402 1742 435 1772 in
470 1741 533 1773 fide
567 1743 710 1783 profecit,
743 1753 839 1782 quam
874 1743 955 1774 bene
986 1743 1092 1774 animo

123 1784 318 1824 compositus
342 1788 389 1814 est
413 1784 451 1815 ad
475 1785 728 1825 exspectandum
754 1785 862 1816 iudicii
888 1785 982 1817 diem.

211 1826 296 1858 Sicut
326 1827 377 1858 ille
407 1829 458 1858 ese.
504 1828 567 1859 His
590 1828 699 1859 verbis
724 1829 774 1869 (ut
798 1829 862 1859 iam
887 1828 1007 1860 dictum
1031 1828 1093 1870 est)

124 1869 265 1900 vicissim
290 1869 350 1901 hoc
373 1879 391 1899 a
415 1870 506 1901 nobis
530 1871 649 1911 requiri
678 1871 849 1912 significat,
866 1876 901 1902 ut
918 1872 1093 1912 imaginem

123 1911 186 1942 Dei
219 1912 408 1944 referamus.
465 1913 577 1952 Qualis
612 1924 688 1954 ergo
722 1913 812 1945 Deus
847 1915 879 1945 in
914 1915 1001 1946 coelo
1035 1917 1093 1953 est,

123 1955 204 1986 tales
235 1965 293 1986 nos
326 1955 359 1985 in
395 1955 455 1986 1100
489 1956 609 1987 mundo
632 1967 701 1987 0550
724 1955 822 1995 iubet,
846 1961 883 1988 ut
906 1967 1094 1988 censeamur

123 1998 191 2029 eius
215 1998 281 2029 filii.
326 1998 410 2028 Nam
434 1998 540 2039 imago
564 1999 634 2037 Dei,
659 2010 757 2039 quum
781 2000 815 2030 in
843 2000 934 2031 nobis
950 2005 1092 2040 apparet¹

124 2040 223 2071 veluti
259 2040 438 2080 adoptionis
473 2043 541 2072 eius
564 2047 613 2072 est
635 2042 793 2082 sigillum:
817 2042 873 2074 sed
898 2043 943 2074 ita
966 2043 1094 2074 videtur

124 2089 250 2122 partem
274 2084 409 2114 fiduciae
435 2087 578 2115 statuere
602 2084 633 2115 in
655 2085 815 2124 operibus.
851 2085 964 2126 Itaque
980 2086 1093 2117 cristas

125 2126 178 2157 1110
201 2126 330 2166 erigunt
354 2127 507 2165 papistae,
531 2127 621 2166 quasi
646 2133 742 2167 neget
763 2127 928 2159 Iohannes
951 2139 1009 2160 nos
1026 2129 1093 2160 sola

125 2167 188 2199 Dei
223 2170 328 2209 gratia
363 2170 471 2207 fretos,
505 2169 623 2200 habere
647 2176 767 2201 certam
795 2171 909 2202 salutis
933 2172 1093 2210 fiduciam,

123 2212 185 2243 nisi
209 2211 306 2242 Simul
331 2212 487 2243 adiuvent
508 2222 620 2252 opera:
649 2212 704 2244 5011
722 2214 753 2244 10
770 2223 807 2244 eo
822 2212 992 2255 falluntur,
1009 2214 1092 2255 quod

123 2264 189 2285 non
219 2254 407 2294 expendunt
442 2255 621 2294 apostolum
649 2256 701 2286 hie
726 2265 744 2286 a
767 2266 863 2287 causa
886 2257 1019 2288 minime
1042 2268 1091 2288 ar-

124 2303 313 2336 gumentum
361 2297 486 2335 ducere,
528 2297 582 2328 sed
624 2298 729 2329 locum
752 2299 825 2338 {esse
861 2309 878 2330 a
912 2300 1093 2332 coniunctis

125 2339 190 2370 Nos
221 2345 329 2370 autem
363 2340 501 2371 libenter
532 2341 670 2372 fatemur
701 2342 861 2372 neminem
893 2343 1092 2374 reconciliari

125 2381 195 2412 Deo
227 2392 285 2422 per
314 2382 493 2414 Christum.
527 2384 602 2423 quin
627 2384 723 2415 simul
750 2384 944 2416 reformetur
967 2386 1006 2416 ad
1030 2385 1092 2417 Dei

124 2424 314 2464 imaginem:
340 2436 399 2457 nec
429 2436 522 2466 posse
557 2426 696 2457 alterum
732 2426 772 2458 ab
806 2426 906 2457 altero
941 2428 1091 2469 disiungi.

124 2466 225 2498 Recte
254 2477 331 2508 ergo
362 2468 536 2509 apostolus,
566 2470 619 2509 qui
650 2480 760 2501 omnes
792 2479 810 2500 a
830 2469 946 2501 fiducia
969 2472 1092 2511 gratiae

126 2509 252 2549 repellit
282 2510 315 2541 in
346 2511 463 2550 quibus
487 2511 576 2543 nulla
598 2513 798 2552 conspicitur
821 2512 882 2543 Dei
907 2513 1091 2545 similitudo.

125 2551 220 2583 'Pales
243 2553 327 2583 enim
345 2559 467 2584 eertum
492 2560 541 2585 est
563 2565 581 2585 a
597 2555 659 2586 Dei
683 2555 797 2595 spiritu
821 2561 852 2586 et
869 2555 1000 2587 Christo
1023 2567 1092 2588 esse

124 2604 256 2634 prorsus
279 2594 409 2627 alienos.
455 2596 568 2637 Neque
590 2598 686 2629 etiam
713 2609 875 2639 negamus,
899 2599 986 2630 vitae
1002 2600 1091 2630 novi-

124 2641 234 2677 tatem,
269 2638 343 2677 quia
377 2638 506 2670 divinae
535 2640 715 2681 adoptionis
749 2646 796 2673 est
819 2641 961 2680 effectus,
986 2642 1093 2673 valere

1004 191 1153 225 CAPUT
1177 194 1235 224 IV.

544 886 782 918 Perfectam
808 896 876 918 esse
899 886 985 923 dicit,
1010 886 1086 925 quia
1113 891 1114 899 ¹

2057 194 2120 225 358

1136 288 1175 319 ad
1207 289 1461 321 confirmandam
1497 289 1663 323 fiduciam:
1710 289 1765 321 sed
1801 291 1955 330 tanquam
1989 299 2114 321 secun-

1136 331 1264 362 darium
1302 331 1352 372 (ut
1382 332 1425 362 ita
1455 332 1581 373 loquar)
1611 331 1863 364 adminiculum:
1894 331 1949 364 sed
1988 333 2115 364 interea

1137 384 1194 405 nos
1218 374 1250 404 in
1275 373 1343 405 sola
1365 375 1469 414 gratia
1500 375 1651 407 fundatos
1675 384 1744 406 esse
1767 376 1903 414 oportet.
1950 374 2018 406 Nec
2034 385 2114 406 saue

1137 416 1230 447 aliter
1269 416 1329 447 sibi
1360 421 1522 449 constaret
1552 418 1710 450 Iohannis
1741 417 1902 449 doctrina:
1943 427 2018 448 nam
2058 428 2114 448 ex-

1138 459 1295 498 perientia
1328 458 1535 498 demonstrat,
1570 466 1602 492 et
1637 460 1729 491 fateri
1765 460 1862 491 etiam
1890 460 2036 500 papistae
2061 470 2113 491 co-

1137 506 1270 541 guntur,
1302 511 1430 539 semper
1452 502 1483 533 in
1506 513 1639 543 operum
1664 507 1811 542 respectu
1833 513 1903 534 esse
1927 502 2114 543 trepidandi

1139 543 1318 574 materiam.
1364 543 1473 582 Quare
1497 546 1604 577 nullus
1629 545 1668 577 ad
1688 544 1747 575 Dei
1773 544 1914 576 tribunal
1933 545 2113 586 tranquillo

1138 586 1246 617 animo
1276 596 1418 626 unquam
1443 587 1580 627 accedet,
1605 588 1665 620 nisi
1690 588 1743 628 qui
1767 591 1887 619 statuet
1912 589 2054 627 gratuito
2080 597 2113 619 50

1139 629 1250 660 amari.
1304 628 1369 660 Sed
1403 629 1517 660 horum
1541 631 1621 662 nihil
1642 635 1772 672 gustare
1797 629 1949 670 papistas,
1975 640 2038 661 non
2064 634 2114 662 est

1139 671 1223 712 quod
1247 671 1407 712 quispiam
1432 672 1575 710 miretur,
1601 673 1729 714 quando
1747 673 1869 703 nullam
1888 672 1997 703 miseri
2015 672 2113 704 fidem

1140 718 1312 754 noverunt,
1345 715 1404 745 nisi
1437 714 1635 748 dubitatione
1663 715 1862 755 implicitam.
1911 714 2003 746 Adde
2030 715 2115 755 quod

1139 756 1322 798 hypocrisis
1354 757 1502 788 tenebras
1532 758 1595 789 illis
1625 759 1757 790 obducit
1793 768 1834 789 ne
1857 757 1941 788 serio
1965 762 2119 797 reputent

1140 809 1237 839 quam
1268 799 1468 831 formidabile
1495 800 1537 831 sit
1569 801 1629 832 Dei
1660 801 1825 839 iudicium,
1857 800 1911 831 ubi
1936 811 2002 831 non
2026 800 2118 831 adest

1140 842 1291 874 Christus
1316 842 1482 874 mediator.
1528 843 1815 875 Resurrectionem
1838 842 1892 874 alii
1916 843 2006 883 quasi
2025 843 2116 874 fabu-

1141 885 1242 916 losam
1276 885 1463 925 negligunt:
1501 896 1560 917 nos
1595 892 1702 918 autem
1739 891 1773 917 ut
1807 885 1883 917 laeti
1918 890 1950 917 et
1993 885 2116 917 alacres

1141 928 1269 959 obviam
1312 928 1443 960 Christo
1481 928 1682 968 prodeamus,
1721 930 1754 959 10
1792 929 1861 960 sola
1901 928 1970 960 01115
2012 929 2118 969 gratia

1142 970 1236 1002 fidem
1260 976 1403 1002 nostram
1428 981 1498 1002 esse
1522 971 1662 1002 defixam
1686 975 1820 1011 oportet.

1229 1013 1278 1044 18.
1304 1014 1411 1045 Timor
1442 1023 1504 1045 non
1526 1017 1578 1045 est.
1624 1014 1694 1045 Iam
1718 1024 1736 1043 a
1759 1014 1930 1045 contrariis
1954 1024 2117 1045 commen-

1143 1056 1200 1087 dat
1223 1057 1291 1087 eius
1315 1056 1390 1088 boni
1414 1057 1656 1096 praestantiam.
1703 1056 1769 1088 Nos
1792 1057 1878 1087 enim
1903 1056 2030 1088 assidue
2055 1062 2117 1088 tor-

1143 1100 1233 1139 queri
1259 1099 1343 1136 dicit,
1368 1099 1468 1130 donee
1492 1100 1610 1130 amoris
1633 1100 1666 1130 in
1691 1110 1750 1131 005
1773 1100 1823 1130 501
1847 1099 1997 1137 1011101110,
2026 1109 2044 1130 0
2061 1099 2119 1130 1111-

1143 1152 1214 1173 5010
1238 1142 1293 1173 1110
1317 1142 1463 1174 cruciatu
1485 1141 1576 1174 Deus
1600 1142 1723 1174 liberet.
1769 1141 1906 1174 Summa
1930 1146 1988 1180 est,
2018 1152 2118 1182 quum

1144 1184 1225 1215 nihil
1273 1185 1315 1216 sit
1362 1185 1511 1216 miserius
1555 1195 1651 1225 quam
1697 1185 1851 1217 continua
1891 1185 2117 1225 inquietudine

1145 1228 1266 1268 vexari,
1290 1227 1351 1259 hoc
1374 1238 1432 1259 nos
1456 1229 1606 1268 consequi
1631 1228 1742 1268 agnita
1766 1227 1828 1259 Dei
1853 1238 1930 1268 erga
1954 1238 2013 1259 nos
2037 1227 2117 1258 cari-

1144 1273 1220 1311 tate,
1256 1274 1292 1301 ut
1325 1270 1450 1310 placide
1484 1276 1577 1301 extra
1609 1274 1729 1301 metum
1764 1271 1976 1310 quiescamus.
2022 1270 2119 1302 Unde

1144 1318 1277 1353 apparet
1310 1324 1405 1353 quam
1440 1313 1604 1353 singulare
1641 1313 1682 1344 sit
1718 1313 1779 1345 Dei
1819 1313 2022 1351 beneficium,
2057 1323 2114 1344 nos

1144 1366 1252 1387 amore
1286 1366 1344 1387 suo
1380 1357 1517 1396 dignari.
1578 1356 1680 1387 Porro
1715 1366 1754 1387 ex
1785 1355 1844 1387 1100
1869 1355 2016 1387 doctrina
2041 1365 2116 1386 mox

1144 1399 1402 1430 exhortationem
1420 1399 1530 1430 ducet:
1555 1399 1610 1430 sed
1624 1399 1809 1438 priusquam
1833 1409 1891 1429 nos
1914 1398 1953 1429 ad
1977 1398 2120 1429 officium

1145 1441 1300 1480 hortetur,
1333 1441 1454 1473 donum
1478 1442 1563 1473 istud
1587 1441 1650 1472 Dei
1673 1441 1766 1473 nobis
1793 1441 2009 1479 commendat,
2035 1440 2120 1481 quod

1145 1490 1267 1515 metum
1300 1485 1391 1516 nobis
1422 1485 1485 1516 fide
1507 1485 1628 1516 eximit.
1676 1483 1751 1516 Scio
1775 1488 1880 1516 totum
1905 1484 1991 1515 hunc
2015 1484 2120 1515 locum

1145 1538 1164 1559 a
1203 1527 1314 1558 multis
1351 1537 1442 1559 secus
1483 1527 1616 1567 exponit
1655 1527 1710 1558 sed
1749 1537 1825 1568 ego,
1864 1526 1941 1567 quid
1982 1526 2122 1558 voluerit

1146 1570 1319 1610 apostolus,
1348 1581 1412 1601 non
1444 1570 1521 1610 quid
1546 1570 1600 1601 alii
1629 1570 1781 1608 sentiant,
1804 1570 1950 1609 respicio.
1997 1569 2121 1600 Dicunt

1145 1613 1192 1644 illi
1227 1618 1349 1644 metum
1385 1623 1448 1644 non
1483 1623 1551 1644 esse
1590 1614 1621 1643 in
1654 1613 1804 1644 caritate:
1829 1613 1904 1653 quia
1927 1612 1982 1644 ubi
2005 1616 2121 1652 sponte

1146 1656 1253 1687 Deum
1287 1666 1443 1696 amamus,
1477 1666 1541 1687 non
1576 1655 1723 1695 cogimur
1746 1655 1780 1687 vi
1812 1660 1844 1686 et
1873 1660 1963 1687 metu
1987 1655 2027 1686 ad
2051 1655 2121 1686 eius

1146 1699 1347 1739 obsequium.
1400 1699 1487 1739 Ergo
1510 1698 1688 1730 secundum
1713 1708 1767 1730 eos
1791 1698 1919 1730 servilis
1942 1699 2040 1729 timor
2065 1698 2116 1730 hic

1147 1742 1347 1773 voluntariae
1371 1742 1571 1773 reverentiae
1595 1741 1784 1781 opponitur:
1810 1741 1895 1772 unde
1918 1742 2016 1772 etiam
2032 1741 2119 1772 inter

1147 1785 1297 1816 servilem
1332 1789 1363 1816 et
1397 1784 1528 1816 filialem
1562 1784 1710 1815 timorem
1746 1789 1823 1815 nata
1857 1788 1905 1815 est
1943 1784 2119 1815 distinctio.

1148 1828 1218 1868 Ego
1252 1827 1381 1868 quidem
1416 1837 1525 1859 verum
1558 1837 1627 1859 esse
1660 1826 1740 1858 illud
1773 1827 1884 1865 fateor,
1920 1837 2019 1867 quum
2042 1826 2121 1858 libe-

1147 1871 1259 1902 raliter
1294 1871 1397 1902 Deum
1433 1880 1581 1902 amamus
1616 1874 1652 1900 ut
1686 1874 1822 1910 patrem,
1857 1880 1922 1901 non
1956 1869 2025 1910 cogi
2061 1879 2120 1900 nos

1148 1914 1285 1953 amplius
1316 1914 1429 1945 timore
1453 1922 1592 1953 poenae:
1612 1912 1667 1944 sed
1692 1912 1838 1944 doctrina
1861 1912 1916 1944 illa
1940 1912 2023 1943 nihil
2046 1922 2121 1943 cum

1149 1956 1308 1997 praesenti
1338 1956 1406 1987 1000
1437 1965 1609 1987 commune
1637 1956 1744 1987 habet.
1790 1956 1931 1987 Tantum
1955 1956 2043 1987 enim
2066 1954 2121 1985 do-

1147 2004 1198 2031 cet
1232 1999 1404 2039 apostolus,
1438 1999 1491 2030 ubi
1526 2005 1712 2038 perspectus
1735 2003 1783 2029 est
1799 1998 1900 2038 nobis,
1924 2002 1956 2029 et
1976 1998 2037 2029 fide
2061 2007 2116 2029 eo—

1148 2042 1257 2082 gnitus
1292 2042 1353 2073 Dei
1388 2051 1487 2079 amor,
1523 2041 1727 2073 conscientiis
1762 2042 1883 2073 nostris
1907 2051 2018 2081 pacem
2043 2051 2118 2072 con-

1149 2085 1233 2121 ferri,
1254 2096 1293 2116 ne
1308 2084 1446 2124 amplius
1462 2084 1711 2115 tumultuentur.
1749 2083 1857 2115 Potest
1873 2088 1980 2115 tamen
1998 2083 2121 2124 quaeri,

1149 2128 1278 2168 quando
1312 2128 1460 2158 timorem
1495 2126 1594 2167 pellat
1624 2127 1767 2167 perfecta
1790 2127 1926 2158 caritas:
1950 2128 2040 2167 quiae
2063 2126 2119 2157 ali-

1148 2181 1209 2211 quo
1240 2174 1368 2201 tantum
1393 2170 1495 2201 divini
1518 2180 1596 2211 erga
1619 2181 1678 2201 nos
1701 2170 1820 2201 amoris
1843 2174 1942 2210 gustu
1967 2169 2117 2209 praediti,

1149 2224 1314 2254 nunquam
1343 2214 1374 2244 in
1406 2212 1546 2245 solidum
1577 2217 1664 2244 metu
1694 2212 1881 2244 liberamur.
1926 2211 2121 2251 Respondeo

1148 2257 1277 2288 tametsi
1307 2266 1371 2287 000
1404 2256 1500 2296 plane
1527 2256 1693 2287 excutitur
1727 2255 1837 2287 timor:
1868 2255 1922 2287 ubi
1947 2260 2057 2286 tamen
2080 2253 2122 2285 ad

1148 2299 1254 2330 Deum
1278 2299 1490 2339 confugimus,
1515 2302 1669 2339 tanquam
1692 2297 1732 2329 ad
1750 2298 1962 2338 tranquillum
1978 2301 2119 2337 portum,

1147 2348 1179 2373 et
1203 2342 1242 2373 ab
1265 2342 1352 2373 omni
1369 2341 1530 2382 naufragii
1548 2352 1584 2373 ac
1601 2345 1830 2382 tempestatum
1849 2339 1991 2381 periculo
2009 2344 2118 2371 tutum

1147 2389 1179 2416 et
1212 2386 1398 2422 immunem,
1433 2388 1557 2415 metum
1593 2395 1668 2415 vere
1700 2383 1785 2423 pelli,
1811 2384 1884 2423 quia
1916 2382 1989 2414 fidei
2013 2382 2120 2414 locum

1147 2428 1240 2460 cedit.
1298 2428 1386 2467 Ergo
1421 2437 1486 2458 non
1518 2427 1564 2458 ita
1599 2426 1730 2467 pellitur
1765 2427 1869 2465 timor,
1893 2425 1970 2466 quin
1994 2426 2120 2456 animos

1147 2475 1272 2502 nostros
1295 2470 1461 2501 sollicitet:
1486 2470 1542 2501 sed
1566 2470 1610 2501 ita
1633 2469 1774 2509 pellitur,
1798 2473 1833 2499 ut
1856 2479 1921 2500 non
1935 2468 2051 2507 turbet,
2068 2479 2122 2499 ne-

1146 2524 1206 2554 que
1240 2512 1394 2553 impediat
1418 2523 1528 2552 pacem
1552 2516 1697 2543 nostram
1721 2521 1819 2551 quam
1842 2511 1906 2542 fide
1928 2511 2122 2543 obtinemus.

1234 2556 1344 2587 Timor
1372 2558 1553 2587 tormentum
1575 2555 1671 2587 habet.
1717 2554 1780 2586 Hic
1804 2564 1930 2595 quoque
1954 2554 2121 2594 apostolus

1146 2599 1280 2640 gratiae,
1305 2598 1344 2629 de
1368 2609 1430 2639 qua
1452 2598 1594 2638 loquitur
1618 2622 1625 2638 ‚
1650 2597 1910 2638 magnitudinem
1934 2596 2122 2637 amplificat.

1146 2642 1229 2674 Nam
1264 2652 1360 2683 quum
1393 2641 1575 2673 miserrima
1608 2641 1649 2672 sit
1683 2639 1833 2679 conditio,
1869 2639 2014 2672 assiduos
2054 2639 2120 2679 pati

1868 2699 1918 2725 23*
