2513 3126
177 193 218 225 89
1052 192 1202 224 CAPUT
1228 192 1302 223 VII.
2137 196 2179 228 90

177 289 257 330 legis
281 300 344 321 non
368 290 469 322 fuisse
492 290 679 330 perfectam:
705 290 778 330 quia
798 300 903 322 novus
926 289 1005 321 ordo
1022 289 1149 329 erigon-

178 332 237 364 dus
261 332 322 363 fuit
343 333 381 364 de
405 343 467 373 quo
491 333 633 373 loquitur
655 332 773 364 David.

263 375 405 416 Populus
427 376 508 407 enim
530 375 585 408 sub
608 385 641 407 eo
659 375 753 416 leycm
771 375 894 415 accepit.
930 374 1020 406 Haec
1035 384 1150 414 paren-

178 418 279 450 thesis
314 420 384 450 ideo
418 419 574 450 inseritur
608 425 642 449 ut
677 419 816 450 sciamus
850 427 1011 448 annexam
1050 416 1149 447 fuisse

177 461 282 501 legem
313 461 499 493 sacerdotio.
545 461 626 492 Vult
657 461 819 501 apostolus
843 461 986 501 probare,
1015 459 1049 490 in
1079 459 1150 499 lege

178 504 280 535 Mosis
304 514 369 535 non
393 505 491 536 fuisse
509 504 655 535 ultimum
673 514 804 544 scopum
821 503 852 534 in
870 514 931 543 quo
949 501 1149 533 haerendum

178 552 272 578 esset.
318 547 355 578 Id
380 547 556 587 probat'ex
580 547 750 578 sacerdotii
774 545 982 585 abrogatione
1005 545 1038 576 in
1063 544 1150 575 hunc

179 589 326 620 modum:
351 589 388 621 Si
412 600 450 621 ea
473 589 585 621 fuisset
607 591 657 621 vis
680 588 850 620 sacerdotii
874 588 1004 628 veteris,
1028 592 1063 617 ut
1087 586 1150 627 legi

179 633 211 663 in
235 632 373 663 solidum
397 632 638 664 confirmandae
661 632 840 662 sufficeret:
868 640 1035 669 nunquam
1060 628 1151 659 Deus

178 675 266 706 aliud
298 675 504 715 subrogasset
527 684 646 705 novum
677 679 709 704 et
733 673 908 704 diversum.
953 671 1049 702 Nunc
1078 672 1152 711 quia

180 717 343 758 ambigere
376 717 535 757 quispiam
570 720 697 756 poterat
730 725 771 746 an
805 726 845 745 ex
878 715 943 745 fine
981 714 1152 745 sacerdotii

178 766 451 800 consequerentur
481 759 561 798 legis
592 757 737 796 abolitio,
772 757 851 788 dicit
879 766 940 788 non
971 756 1062 788 modo
1093 757 1152 787 sub

178 803 232 833 illo
255 802 336 833 hanc
361 802 459 832 fuisse
488 800 599 838 latam,
630 801 684 831 sed
701 810 760 839 per
791 799 871 831 illud
900 810 1016 839 quoque
1046 799 1154 839 confir-

177 847 292 876 matam
310 844 419 883 fuisse.

263 886 313 918 12.
337 886 425 917 Dum
446 885 636 926 transfertur
658 885 874 917 sacerdotium.
906 885 1016 924 Quum
1041 885 1154 917 eadem

177 930 220 962 sit
243 929 323 970 legis
347 934 378 960 et
401 929 572 960 sacerdotii
595 928 745 966 conditio,
776 928 929 959 Christus
960 939 1023 959 non
1047 938 1154 960 sacer-

177 973 234 1003 dos
266 971 373 1012 modo,
407 972 462 1003 sed
494 971 661 1010 legislator
691 972 789 1002 etiam
821 977 958 1002 creatur.
1004 971 1055 1002 Ita
1090 982 1153 1002 nou

175 1020 302 1046 tantum
337 1015 387 1046 ius
423 1015 571 1051 Aaronis,
612 1014 667 1047 sed
702 1014 805 1046 Mosis
840 1024 965 1054 quoque
1006 1014 1046 1044 ad
1081 1024 1152 1044 eum

175 1058 382 1089 transfertur.
420 1057 556 1089 Summa
573 1062 631 1095 est,
656 1068 718 1088 non
736 1057 843 1088 minus
860 1057 1039 1097 temporale
1056 1057 1153 1088 fuisse

177 1100 282 1132 Mosis
305 1111 400 1141 quam
420 1101 562 1131 Aaronis
585 1100 820 1131 ministerium:
845 1099 980 1140 ideoque
1003 1100 1153 1140 abrogari

177 1142 301 1175 Christi
325 1143 466 1175 adventu
497 1150 672 1182 utrumque
695 1144 885 1183 oportuisse,
916 1143 991 1183 quia
1014 1143 1153 1173 alterum

177 1186 247 1217 sine
271 1186 372 1217 altero
394 1191 481 1218 stare
509 1196 575 1217 non
599 1188 750 1226 potuerit.
796 1186 924 1226 Legis
954 1185 1083 1217 nomine
1107 1187 1153 1216 in-

175 1228 352 1269 telligimus
383 1229 466 1269 quod
490 1230 619 1269 proprie
649 1229 688 1260 ad
713 1229 829 1260 Mosen
857 1229 1033 1268 spectabat.
1080 1229 1151 1260 Lex

175 1272 262 1303 enim
286 1276 318 1303 et
342 1272 488 1312 regulam
512 1272 592 1303 bene
622 1273 765 1312 vivendi,
797 1277 829 1303 et
858 1273 1039 1312 gratuitum
1065 1273 1152 1303 vitae

175 1315 286 1346 foedus
316 1316 472 1346 continet:
507 1315 637 1355 illicque
667 1316 787 1355 passim
819 1318 995 1346 occurrunt
1030 1316 1152 1346 multae

174 1357 318 1397 insignes
341 1357 523 1389 sententiae
553 1358 670 1397 quibus
699 1363 768 1389 tum
799 1359 838 1389 ad
869 1357 975 1396 fidem,
1011 1362 1080 1388 tum
1112 1357 1152 1389 ad

175 1400 325 1431 timorem
363 1401 423 1432 Dei
457 1400 669 1433 instituimur.
715 1401 842 1432 Horum
879 1400 959 1431 nihil
995 1399 1151 1432 abolitum

174 1442 235 1474 fuit
258 1453 277 1474 a
301 1442 441 1481 Christo,
473 1443 529 1475 sed
553 1449 682 1475 tantum
712 1454 788 1484 pars
816 1444 870 1475 illa
894 1453 977 1483 quae
999 1454 1074 1475 eum
1100 1455 1150 1475 ve-

175 1485 239 1516 teri
261 1486 440 1518 sacerdotio
470 1486 627 1527 implicita
657 1490 737 1518 erat.
783 1486 867 1518 Nam
902 1486 955 1517 hic
985 1487 1152 1518 confertur

175 1528 329 1560 Christus
352 1540 426 1561 cum
450 1530 552 1561 Mose.
588 1530 702 1570 Itaque
725 1529 882 1570 quidquid
907 1540 1078 1562 commune
1101 1535 1151 1561 est

174 1571 261 1603 inter
283 1582 346 1610 eos,
369 1572 402 1603 in
426 1574 585 1604 rationem
610 1583 675 1603 non
699 1574 798 1611 venit,
827 1574 882 1604 sed
907 1583 945 1604 ea
968 1578 1094 1604 tantum
1118 1574 1151 1604 in

174 1614 291 1654 quibus
314 1615 396 1646 alter
420 1615 528 1647 differt
551 1615 592 1646 ab
614 1615 725 1647 altero.
765 1617 947 1648 Commune
970 1622 1019 1647 est
1042 1617 1150 1647 ambo-

174 1656 234 1688 bus
267 1657 368 1689 offere
401 1658 494 1690 nobis
523 1657 587 1689 Dei
621 1659 886 1698 misericordiam,
920 1659 1065 1700 regulam
1100 1660 1152 1700 pie

174 1706 350 1740 sancteque
382 1701 512 1733 vivendi
542 1703 771 1742 praescribere,
801 1702 928 1734 tradere
952 1712 1065 1733 verum
1090 1703 1152 1734 Dei

174 1742 309 1784 cultum,
336 1743 377 1775 ad
400 1744 507 1785 fidem,
538 1745 576 1776 ad
602 1745 801 1785 patientiam,
826 1745 865 1776 ad
889 1745 999 1776 omnia
1022 1746 1152 1786 pietatis

174 1786 280 1817 officia
303 1797 360 1818 nos
383 1786 516 1819 hortari.
557 1787 631 1820 Hoc
655 1794 763 1819 autem
788 1788 953 1820 diversum
977 1799 996 1819 a
1019 1788 1151 1820 Christo

174 1827 289 1859 habuit
305 1829 423 1868 Moses,
448 1830 532 1870 quod
549 1831 696 1863 nondum
720 1833 878 1871 patefacta
901 1831 1062 1872 evangelii
1086 1832 1152 1863 cla-

175 1871 280 1909 ritate,
309 1873 368 1904 sub
399 1873 578 1906 involucris
607 1875 764 1915 populum
788 1875 966 1906 continuit:
1001 1874 1086 1915 quod
1116 1885 1150 1906 re

175 1914 320 1946 nondum
345 1915 500 1956 exhibita,
523 1917 557 1948 in
581 1918 694 1958 figuris
718 1923 749 1949 et
773 1917 896 1949 umbris
919 1921 1053 1959 gustum
1078 1928 1150 1957 pro-

175 1958 284 1997 posuit
299 1958 435 1991 Christi:
460 1960 544 2000 quod
562 1960 701 2001 denique
724 1960 763 1991 ad
788 1960 877 1992 rudis
894 1961 1003 2001 populi
1020 1966 1149 2001 captum

174 2009 208 2031 se
231 2006 460 2042 attemperans,
491 2013 555 2034 non
586 2003 672 2035 ultra
696 2003 833 2044 puerilia
862 2004 1046 2035 rudimenta
1074 2014 1148 2035 con-

174 2043 310 2075 scendit.
345 2044 591 2077 Meminerimus
614 2057 690 2088 ergo
713 2047 817 2087 legem
838 2047 900 2078 dici
917 2052 1041 2087 partem
1059 2047 1149 2077 illam

175 2086 345 2118 ministerii
368 2098 464 2128 quam
481 2090 644 2129 propriam
663 2090 774 2122 habuit
792 2090 907 2127 Moses,
932 2095 964 2120 et
982 2100 1000 2120 a
1017 2089 1150 2121 Christo

175 2135 368 2169 separatam.
404 2131 453 2163 Ea
476 2142 576 2172 quum
600 2133 703 2164 veteri
727 2133 908 2164 sacerdotio
930 2132 1075 2164 subiecta
1098 2133 1149 2170 sit,

175 2171 237 2203 hoc
266 2173 385 2205 abolito
413 2174 509 2206 simul
539 2181 651 2207 cessat.
697 2175 741 2206 Et
764 2175 917 2207 Christus
947 2175 1025 2206 dnm
1056 2176 1149 2206 insti-

175 2217 277 2246 tuitur
294 2217 452 2258 sacerdos,
469 2217 662 2258 legislatoris
678 2219 777 2249 etiam
795 2223 953 2258 potestate
966 2219 1150 2258 instruitur,

175 2262 210 2288 ut
233 2259 310 2291 novi
333 2262 520 2292 testamenti
544 2260 693 2293 minister
708 2261 751 2292 sit
773 2271 809 2292 ac
825 2261 995 2302 interpres.
1030 2262 1151 2301 Quam-

175 2309 271 2340 quam
305 2302 480 2343 improprie
519 2304 558 2335 ad
593 2304 801 2345 evangelium
840 2305 1035 2335 transfertur
1069 2304 1150 2344 legis

175 2353 302 2377 nomen.
348 2345 413 2377 Sed
437 2346 517 2378 haec
539 2347 736 2378 catachresis
759 2347 838 2378 adeo
868 2347 949 2378 nihil
973 2347 1070 2378 habet
1097 2347 1151 2378 ab-

176 2386 274 2428 surdi,
304 2393 339 2419 ut
361 2395 493 2430 propter
516 2390 696 2422 antithesin
720 2391 857 2431 gratiam
882 2391 1019 2421 orationi
1043 2391 1149 2421 conci-

176 2427 243 2468 liet,
261 2429 354 2462 sicuti
379 2432 418 2462 ad
435 2432 602 2464 Romanos
625 2434 729 2474 capite
752 2433 899 2473 septimo.
934 2433 1037 2464 Porro
1056 2433 1149 2463 nimis

177 2477 328 2509 proterva
351 2473 412 2504 fuit
434 2485 536 2515 papae
559 2476 747 2516 improbitas
770 2476 826 2516 qui
850 2476 882 2507 in
906 2476 974 2507 suis
998 2475 1150 2507 Decreta-

177 2513 261 2546 libus
284 2515 344 2546 hoc
366 2524 462 2557 caput
488 2519 634 2557 inseruit,
663 2530 697 2550 se
722 2529 808 2550 nunc
831 2518 943 2550 eadem
968 2518 1148 2559 praeditum

177 2567 247 2588 esse
266 2564 424 2598 potestate
446 2570 541 2599 quam
569 2562 645 2593 olim
668 2561 779 2593 Aaron
803 2561 964 2598 habuerit,
996 2561 1071 2600 quia
1095 2561 1149 2592 lex

177 2611 251 2631 eum
285 2601 460 2632 sacerdotio
490 2603 529 2632 ad
561 2604 667 2644 ipsum
701 2605 743 2636 sit
777 2604 946 2635 translata.
990 2603 1149 2635 Videmus

177 2643 333 2683 quidnam
356 2650 430 2683 agat
454 2646 623 2684 apostolus.
661 2647 892 2679 Caeremonias
916 2647 1048 2678 desiisse
1071 2657 1148 2678 con

1175 1827 1179 1862 l
1204 1830 1340 1861 iurando
1362 1841 1411 1862 res
1440 1833 1509 1861 acta
1536 1830 1586 1861 sit.

1203 289 1307 320 tendit
1336 299 1375 320 ex
1399 300 1460 329 quo
1493 289 1611 330 prodiit
1635 289 1785 322 Christus
1814 302 1887 323 eum
1918 293 2069 324 mandato
2100 296 2177 326 novi

1202 331 1340 362 foederis
1363 332 1557 372 publicandi.
1604 332 1778 372 Perperam
1808 334 1882 366 inde
1906 335 2104 376 colligemusi,
2138 338 2177 369 ad

1203 374 1326 405 Christi
1357 375 1520 406 ministros
1552 375 1726 416 quidquam
1757 378 1934 409 transiisse.
1979 379 2057 410 Sola
2091 381 2177 411 enim

1203 416 1325 448 Christi
1359 428 1498 457 persona
1529 418 1613 449 Mosi
1646 423 1679 450 et
1711 420 1832 451 Aaroni
1869 421 2054 461 opponitur.
2104 422 2178 461 Quo

1203 459 1302 499 igitur
1327 465 1496 500 praetextu
1521 461 1639 501 aliquid
1664 461 1723 492 sibi
1747 462 1828 493 iuris
1846 464 2069 496 Antichristus
2092 475 2177 496 arro-

1203 502 1313 541 gabit?
1349 502 1461 543 Neque
1485 503 1537 535 hic
1560 503 1753 536 refellendae
1777 511 1842 536 tam
1867 517 1993 538 crassae
2010 508 2176 547 impuden-

1204 545 1267 574 tiae
1290 555 1387 576 causa
1417 545 1556 586 disputo.
1601 546 1666 578 Sed
1690 547 1773 579 hanc
1796 549 1985 589 sacrilegam
2011 550 2176 582 audaciam

1205 586 1374 618 lectoribus
1398 588 1532 620 indicari
1562 591 1819 630 operaepretium
1845 590 1915 631 fuit,
1946 597 1981 622 ut
2001 600 2178 632 agnoscant

1206 629 1325 660 honum
1350 630 1436 662 hunc
1454 642 1583 663 servum
1608 643 1776 664 servorum
1794 633 1916 665 Christi
1940 644 2060 674 susque
2077 636 2178 676 deque

1206 671 1324 703 habere
1360 674 1506 713 magistri
1542 674 1714 712 honorem,
1756 676 1846 707 foede
1883 677 2061 716 scripturas
2097 678 2179 710 lace

1206 724 1277 744 rare
1302 719 1336 744 ut
1359 725 1436 746 suae
1456 718 1622 756 tyrannidi
1639 719 1895 759 qualemcunque
1912 721 2020 751 fucum
2037 720 2177 752 inducat.

1295 757 1343 788 13.
1369 757 1418 788 De
1433 768 1493 796 quo
1507 759 1578 792 haec
1596 761 1751 793 dicuntur.
1790 761 1874 801 Quia
1894 763 1979 802 apud
2003 773 2058 794 eos
2083 763 2180 796 verba

1208 798 1286 830 facit
1316 800 1489 839 apostoluS,
1524 804 1576 841 qui
1610 804 1716 834 lesum
1748 804 1850 836 filium
1883 806 2007 836 Mariae
2037 807 2180 837 fatentur

1209 852 1278 872 esse
1303 841 1489 873 Christum:
1524 847 1625 875 veteri
1656 848 1834 878 sacerdotio
1861 848 1961 879 finem
1985 859 2054 880 esse
2078 849 2179 889 impo-

1208 885 1305 915 situm
1336 884 1459 925 probat,
1490 886 1565 925 quia
1595 887 1646 919 hic
1678 900 1781 920 novus
1811 891 1960 922 sacerdos
1991 891 2046 931 qui
2070 892 2179 923 subro-

1207 933 1315 968 gatur,
1338 938 1377 958 ex
1396 927 1458 958 alia
1476 929 1518 958 sit
1541 929 1626 960 tribu
1652 940 1746 970 quani
1765 932 1857 964 Levi.
1895 934 1979 965 Nam
2003 934 2180 965 secundum

1208 970 1327 1010 legem,
1362 980 1493 1001 manere
1528 971 1561 1001 in
1597 973 1651 1003 illa
1686 974 1785 1009 tribu.
1820 977 1975 1017 singulari
2012 978 2180 1018 privilegio

1208 1013 1320 1044 debuit
1359 1013 1527 1045 sacerdotii
1562 1014 1712 1055 dignitas.
1770 1018 1871 1049 Porro
1905 1020 2056 1050 clarum
2090 1031 2180 1052 esse

1208 1056 1294 1094 dicit,
1328 1057 1413 1096 quod
1445 1067 1484 1087 ex
1515 1056 1601 1088 tribu
1631 1058 1708 1089 luda
1739 1061 1927 1100 progenitus
1951 1063 1991 1092 sit
2015 1062 2180 1094 Christus:

1207 1099 1282 1139 quia
1312 1105 1388 1131 tunc
1419 1099 1517 1139 vulgo
1546 1110 1597 1130 res
1629 1104 1704 1132 nota
1737 1110 1816 1133 erat.
1867 1104 2043 1144 Praecipua
2073 1111 2181 1137 tamen

1206 1141 1365 1173 certitudo
1388 1143 1421 1173 in
1446 1143 1658 1182 promissione
1682 1144 1815 1176 fundata
1839 1153 1917 1179 erat.
1958 1148 2046 1188 Ergo
2081 1159 2180 1188 quum

1206 1190 1422 1225 agnoscerent
1445 1195 1518 1216 eum
1542 1196 1612 1216 esse
1636 1186 1815 1225 Christum,
1839 1189 1935 1220 simul
1960 1201 2088 1222 necesse
2112 1194 2182 1222 erat

1206 1233 1243 1258 ut
1278 1228 1422 1267 persuasi
1457 1234 1565 1260 essent
1595 1239 1665 1260 esse
1696 1230 1799 1261 filium
1832 1231 1978 1263 Davidis.
2030 1233 2112 1265 Nam
2145 1234 2182 1272 is,

1207 1271 1480 1320 qui-promissus
1515 1276 1601 1310 erat,
1643 1283 1707 1303 non
1743 1279 1869 1313 poterat
1902 1275 2032 1306 aliunde
2066 1276 2181 1309 ducere

1205 1324 1374 1354 originem.

1292 1399 1342 1431 15.
1367 1399 1466 1440 quue
1487 1400 1590 1440 maqis
1612 1401 1705 1432 etiam
1727 1401 1836 1441 liquet.-
1866 1403 1896 1434 si
1924 1404 2048 1443 quidem
2077 1405 2117 1436 ad
2139 1405 2181 1436 si-

1204 1442 1415 1474 militudinem
1459 1442 1662 1475 Melchisedec
1709 1445 1848 1477 exoritur
1899 1447 2044 1478 sacerdos
2087 1448 2181 1486 alius,

1207 1485 1257 1516 16.
1291 1486 1346 1525 qui
1380 1496 1441 1517 non
1474 1487 1564 1517 iuxta
1594 1486 1687 1527 leyem
1717 1488 1861 1520 mandati
1894 1490 2033 1521 carnalis
2071 1491 2175 1529 factus

1203 1528 1274 1568 fuit,
1297 1529 1350 1560 sed
1365 1529 1533 1560 secundum
1542 1531 1716 1569 potentiam
1729 1531 1811 1562 vitae
1826 1532 2013 1564 insolubilis.
2046 1533 2094 1564 17.
2112 1533 2181 1565 Tes-

1205 1573 1289 1602 tatur
1311 1573 1393 1603 enim
1415 1572 1457 1603 ad
1478 1572 1559 1604 hunc
1580 1573 1722 1604 modum:
1744 1576 1778 1605 tu
1799 1576 1944 1606 sacerdos
1966 1576 1999 1606 in
2022 1579 2181 1608 aeternum

1205 1615 1373 1646 secundum
1402 1615 1542 1646 ordinem
1572 1615 1782 1648 Melchisedec.
1830 1618 1880 1649 18.
1905 1618 2072 1659 Abroyatio
2101 1620 2182 1650 enim

1203 1657 1239 1696 fit
1262 1658 1386 1697 prioris
1412 1659 1562 1698 mandati,
1585 1662 1717 1698 propter
1745 1659 1983 1692 imbecillitatem
2013 1664 2042 1693 et
2062 1662 2181 1694 inutili-

1205 1703 1304 1732 tatem.
1342 1701 1391 1732 19.
1414 1701 1508 1732 Nihil
1530 1701 1612 1732 enim
1635 1701 1683 1733 lex
1699 1703 1838 1742 perfecit,
1861 1704 1916 1735 sed
1938 1706 2064 1736 accessit
2086 1706 2180 1737 intro-

1205 1744 1305 1775 ductis
1335 1745 1377 1776 ad
1404 1754 1490 1783 spem
1514 1745 1667 1783 potiorem
1690 1755 1752 1784 per
1774 1756 1867 1785 quam
1890 1748 2181 1787 appropinquamus

1204 1786 1286 1818 Deo:
1329 1788 1380 1818 20.
1404 1789 1494 1826 atque
1516 1787 1570 1819 Iioc
1582 1788 1745 1828 potiorem,
1775 1790 1858 1828 quod
1880 1800 1940 1821 non
1963 1790 2076 1830 absque
2098 1791 2181 1822 iure-

1635 1830 1721 1862 Nam
1750 1831 1800 1862 itti
1829 1833 1954 1872 quidem
1976 1833 2054 1864 citra
2076 1833 2179 1865 iusiu-

1203 1874 1340 1904 randum
1359 1873 1532 1905 sacerdotes
1544 1873 1623 1913 facti
1643 1877 1732 1905 sunt:
1767 1875 1819 1906 21.
1842 1875 1893 1906 liis
1915 1886 1985 1907 vero
2006 1886 2075 1908 cum
2098 1876 2180 1907 iure-

1203 1917 1345 1955 iurando,
1359 1927 1417 1955 per
1431 1925 1499 1947 eum
1515 1916 1570 1956 qui
1584 1916 1668 1947 dixit
1683 1916 1746 1948 ilii:
1764 1919 1798 1949 tu
1812 1918 1955 1950 sacerdos
1969 1918 2003 1949 in
2020 1921 2178 1950 aeternum

1202 1959 1367 1991 secundum
1399 1959 1537 1990 ordinem
1566 1958 1778 1991 Melchisedec.
1831 1961 1882 1992 22.
1916 1961 2014 1993 Tanto
2043 1961 2179 2001 potioris

1202 2002 1371 2034 testamenti
1396 2012 1526 2042 sponsor
1545 2002 1650 2042 factus
1671 2005 1715 2034 est
1738 2003 1840 2035 Iesus.

1290 2088 1338 2119 15.
1364 2087 1465 2126 quue
1486 2088 1588 2129 magis
1610 2087 1712 2128 liquet.
1750 2088 1824 2120 Alio
1848 2092 2040 2129 argumento
2064 2089 2178 2129 probat

1204 2132 1355 2163 abolitam
1373 2142 1442 2162 esse
1458 2130 1573 2171 legem.
1605 2131 1701 2163 Prius
1726 2143 1744 2163 a
1767 2132 1945 2163 sacerdotis
1969 2142 2105 2172 persona
2128 2142 2176 2163 ra-

1204 2175 1376 2206 tiocinatus
1392 2180 1455 2205 est:
1479 2185 1565 2206 nunc
1582 2185 1600 2205 a
1618 2181 1734 2206 natura
1750 2175 1932 2212 sacerdotii,
1956 2180 1988 2205 et
2011 2186 2029 2206 a
2053 2175 2176 2206 ratione

1204 2228 1267 2258 qua
1290 2217 1473 2247 institutum
1498 2217 1568 2248 tuit.
1607 2216 1830 2249 Sacerdotium
1851 2224 1955 2258 vetus,
1979 2218 2094 2258 inquit,
2119 2227 2176 2249 ex-

1204 2261 1306 2292 ternis
1336 2259 1451 2291 ritibus
1477 2259 1664 2291 institutum
1688 2261 1762 2291 fuit:
1793 2262 1825 2291 in
1850 2260 1975 2292 Christi
1998 2260 2176 2292 sacerdotio

1205 2303 1284 2334 nihil
1309 2303 1370 2333 nisi
1393 2303 1560 2342 spirituale
1584 2310 1641 2334 est.
1682 2303 1764 2334 Inde
1788 2310 1923 2343 apparet
1945 2303 2025 2334 illud
2049 2304 2175 2334 fluxum

1203 2347 1300 2378 fuisse
1324 2352 1355 2376 et
1378 2345 1549 2376 caducum:
1574 2346 1670 2377 huius
1696 2357 1772 2377 vero
1797 2347 1994 2386 perpetuitas
2019 2353 2175 2378 monstra-

1203 2396 1265 2421 tur.
1311 2389 1501 2420 Mandatum
1525 2389 1653 2420 carnale
1677 2400 1734 2429 pro
1757 2390 1928 2430 corporeis,
1956 2389 2015 2420 hoc
2039 2395 2096 2426 est,
2120 2399 2174 2420 ex-

1203 2432 1313 2470 ternis,
1357 2432 1567 2462 caeremoniis
1611 2433 1775 2472 accipitur.
1843 2432 1973 2464 Scimus
2017 2431 2176 2472 quomodo

1203 2476 1415 2515 inauguratus
1453 2474 1550 2505 fuerit
1583 2475 1693 2506 Aaron
1731 2486 1803 2506 cum
1839 2476 1913 2506 filiis
1947 2476 2022 2506 suis.
2079 2473 2175 2513 Quod

1203 2528 1320 2549 arcana
1351 2522 1383 2548 et
1414 2517 1543 2548 coelesti
1571 2518 1706 2557 spiritus
1735 2519 1855 2549 virtute
1878 2519 2047 2558 impletum
2070 2523 2118 2548 est
2142 2518 2174 2547 in

1203 2560 1341 2596 Christo,
1384 2559 1449 2591 illic
1489 2559 1575 2596 oleo,
1617 2559 1787 2600 multiplici
1828 2561 1966 2599 vestitu,
2005 2560 2173 2600 sanguinis

1203 2603 1417 2643 adspersione,
1428 2602 1564 2642 aliisque
1578 2603 1714 2634 terrenis
1725 2604 1936 2635 caeremoniis
1948 2603 2172 2634 adumbratum

1202 2646 1271 2677 fuit.
1318 2646 1418 2677 Porro
1443 2645 1521 2677 haec
1544 2646 1707 2677 institutio
1735 2646 1907 2678 sacerdotii
1936 2652 2070 2677 naturae
2098 2655 2171 2676 con-
