2513 3126
288 203 351 234 463

289 301 361 332 Hoc
384 305 488 330 nutem
513 297 646 337 apostoli
671 296 840 328 consilium
865 300 921 332 est,
954 296 1036 327 iram
1062 294 1122 326 Dei
1146 294 1258 326 adver-

290 353 346 374 sus
370 341 521 381 reprobos
544 341 589 371 ita
614 339 706 370 nobis
729 337 789 369 sub
811 338 911 370 oculis
931 348 1058 378 ponere,
1082 340 1119 368 ut
1135 337 1258 368 interea

290 386 329 416 sd
353 390 537 415 sanctorum
562 381 773 412 imitationem
799 391 856 412 nos
880 381 1038 412 hortetur.

375 428 403 457 6.
437 426 582 457 Civitates
606 424 818 456 Sodomorum.
862 423 934 455 Hoc
964 423 1094 454 divinae
1126 422 1259 454 ultionis

290 470 369 501 adeo
390 468 597 499 memorabile
620 468 678 498 fuit
702 466 899 507 exemplum,
930 471 966 497 ut
988 466 1157 506 scriptura,
1181 475 1259 505 quo-

290 513 350 543 ties
374 511 412 542 de
436 510 610 541 universali
635 510 807 550 impiorum
827 509 926 540 exitio
941 509 1091 548 loquitur,
1116 508 1154 539 ad
1173 507 1260 540 hunc

290 562 401 595 typum
431 554 496 585 sere
529 552 660 584 alludat.
707 553 784 584 Ideo
808 552 884 584 dicit
909 552 1037 589 Petrus,
1067 551 1259 583 constitutas

289 607 358 628 esse
383 597 441 627 has
464 595 561 627 urbes
585 596 616 626 in
641 595 838 634 exemplum.
877 594 963 626 Vere
987 594 1116 634 quidem
1142 593 1201 625 hoc
1222 593 1260 625 de

289 640 360 671 aliis
380 639 441 670 dici
458 643 573 679 potest,
599 638 653 669 sed
671 637 824 678 quiddam
842 638 1008 678 singulare
1025 640 1117 668 notat
1133 636 1260 673 Petrus,

289 682 364 722 quia
395 682 473 714 haec
505 681 677 721 praecipua
708 681 749 712 sit
776 687 808 711 et
833 680 907 711 viva
930 680 1045 721 imago.
1091 679 1162 711 Imo
1185 679 1261 719 quia

289 725 450 757 Dominus
480 725 561 755 iram
585 734 675 755 suam
700 723 856 754 adversus
879 723 995 763 impios
1018 727 1168 754 testatam
1192 732 1261 753 esse

291 768 430 799 voluerit
463 766 600 798 saeculis
635 766 802 797 omnibus:
843 766 938 797 sicuti
972 776 1070 806 quum
1106 764 1259 806 populum

290 821 388 842 suum
420 821 461 841 ex
486 811 636 850 Aegypto
660 809 806 849 redemit,
837 810 869 839 in
894 809 954 840 hac
977 819 1041 839 una
1063 809 1168 849 gratia
1191 818 1260 847 per-

291 859 422 894 petuam
461 852 553 883 nobis
591 852 740 892 depinxit
777 851 929 883 ecelesiae
963 851 1108 882 salutem.
1166 849 1261 889 Quod

291 897 387 927 etiam
412 896 571 935 expressit
587 894 695 935 Iudas,
719 905 854 935 poenam
878 894 964 935 ignis
987 893 1111 925 aeterni
1135 902 1262 924 vocans.

377 939 406 970 8.
443 937 529 969 Nam
561 938 659 969 oculis
691 940 719 969 et
752 937 892 969 auribus.
945 936 1054 977 Vulgo
1084 938 1262 976 exponunt,

292 982 382 1014 Loth
411 981 514 1012 oculis
544 985 576 1011 et
604 980 737 1012 auribus
767 981 888 1012 iustum
915 979 1022 1018 fuisse,
1053 979 1129 1019 quia
1151 987 1264 1009 omnes

293 1025 363 1056 eius
378 1034 493 1056 sensus
509 1033 527 1054 a
543 1023 717 1055 sceleribus
730 1023 890 1055 Sodomae
905 1022 1127 1054 abhorrerent.
1151 1021 1264 1052 Potest

292 1072 400 1098 tamen
425 1066 555 1098 auditus
579 1071 610 1097 et
633 1066 804 1106 adspectus
827 1066 890 1097 alio
914 1065 1043 1096 referri:
1068 1070 1103 1094 ut
1125 1064 1168 1094 sit
1191 1073 1263 1094 sen-

291 1120 363 1141 sus:
389 1110 497 1149 Quum
521 1109 627 1140 iustus
651 1109 706 1140 ille
729 1111 840 1149 ageret
863 1109 950 1139 inter
972 1107 1167 1141 Sodomitas,
1192 1105 1264 1136 visu

293 1156 325 1184 et
351 1153 463 1184 auditu
487 1151 695 1184 excruciabat
717 1153 868 1182 animam.
914 1150 1019 1182 Multa
1043 1149 1129 1180 enim
1153 1147 1265 1179 audire

292 1199 325 1227 et
345 1195 456 1226 videre
479 1199 627 1226 coactum
651 1195 750 1226 fuisse
773 1195 901 1232 scimus,
925 1203 1006 1233 quae
1030 1193 1098 1223 eius
1121 1191 1264 1222 animum

292 1239 409 1270 misere
433 1241 629 1276 torquerent.
675 1238 811 1268 Summa
834 1237 897 1268 huc
920 1236 1012 1273 redit,
1036 1239 1185 1266 sanctum
1211 1233 1264 1264 ho-

292 1282 424 1320 minem,
450 1290 550 1321 quum
573 1284 658 1312 esset
681 1280 834 1312 vitiorum
857 1279 1001 1310 omnium
1025 1277 1181 1317 prodigiis
1204 1287 1264 1307 un-

294 1324 391 1364 dique
419 1323 563 1361 obrutus,
594 1333 656 1353 nou
681 1329 789 1354 tamen
814 1332 832 1352 a
855 1327 941 1353 recto
964 1331 1061 1352 cursu
1084 1319 1263 1351 deflexisse.

294 1367 376 1398 Plus
410 1372 518 1397 autem
548 1365 703 1406 exprimit
732 1365 848 1396 Petrus
878 1374 975 1404 quam
1006 1366 1115 1400 antea,
1149 1372 1265 1402 nempe

295 1409 381 1450 quod
415 1408 613 1439 voluntarios
655 1408 815 1439 cruciatus
848 1407 954 1438 iustus
988 1406 1077 1437 Loth
1112 1405 1264 1437 subierit:

295 1452 390 1484 sicuti
419 1462 477 1491 par
507 1455 564 1489 est,
596 1461 659 1482 non
687 1460 786 1490 parvo
809 1449 919 1481 dolore
942 1449 1027 1484 affici
1050 1449 1121 1490 pios
1143 1457 1264 1485 omnes,

295 1494 352 1526 ubi
384 1494 543 1525 mundum
578 1504 670 1525 ruere
701 1493 813 1525 vident
846 1493 880 1523 in
913 1501 1009 1523 omne
1042 1491 1119 1523 mali
1152 1501 1265 1532 genus.

297 1538 371 1577 Quo
400 1538 503 1578 magis
534 1546 663 1568 necesse
686 1540 743 1574 est,
774 1546 832 1567 nos
855 1535 992 1576 propriis
1014 1534 1155 1575 peccatis
1177 1534 1267 1573 inge-

296 1581 442 1611 miscere.
494 1579 603 1619 Atque
638 1578 698 1610 hoc
733 1578 924 1609 nominatim
955 1578 1063 1618 posuit
1094 1577 1266 1618 apostolus,

296 1634 352 1661 ne,
386 1622 439 1654 ubi
469 1623 588 1662 passim
619 1630 786 1662 grassatur
815 1621 979 1662 impietas,
1014 1620 1168 1652 vitiorum
1198 1619 1267 1650 ille·

297 1665 401 1697 cebris
431 1666 517 1706 capti
545 1669 576 1696 et
604 1664 765 1704 inebriati,
796 1674 860 1695 una
883 1674 955 1695 cum
979 1663 1051 1695 aliis
1074 1673 1132 1694 nos
1155 1661 1264 1703 perda-

297 1719 386 1740 mus:
410 1709 465 1740 sed
490 1709 578 1739 hunc
601 1706 744 1738 dolorem
764 1717 783 1738 a
798 1707 940 1738 Domino
956 1705 1160 1738 benedictum
1177 1715 1267 1746 prae-

299 1751 440 1783 feramus
462 1750 613 1782 omnibus
637 1750 750 1781 mundi
773 1750 902 1781 delitiis.

384 1837 413 1869 9.
439 1837 533 1868 Novit
554 1835 710 1868 Dominus
728 1836 803 1876 pios
825 1846 863 1867 ex
885 1835 1045 1867 tentatione
1067 1834 1193 1874 eripere,
1221 1834 1270 1865 in-

299 1880 398 1912 iustos
439 1882 540 1911 autem
583 1879 617 1910 in
658 1880 740 1910 diem
776 1879 888 1910 iudicii
919 1877 1096 1918 puniendos
1131 1887 1270 1909 servare:

303 1923 352 1954 10.
370 1923 558 1962 praesertim
583 1931 655 1953 vero
677 1931 726 1953 eos
747 1922 802 1961 qui
818 1924 890 1961 post
912 1931 1036 1953 carnem
1057 1921 1091 1952 in
1112 1920 1270 1960 concupis-

301 1966 400 1997 centia
425 1965 607 2004 pollutionis
629 1964 799 2004 ambulant,
828 1964 1068 1996 dominationem
1089 1963 1271 2002 despiciunt,

300 2008 446 2047 audaces,
466 2007 631 2047 praefacti,
648 2008 703 2046 qui
717 2007 912 2039 excellentias
928 2017 989 2039 non
1003 2008 1147 2037 verentur
1156 2005 1271 2045 probro

302 2049 441 2089 afficere.-
487 2050 536 2082 11.
567 2060 662 2089 quum
689 2050 790 2089 anyeli
818 2051 872 2089 qui·
900 2052 972 2081 sunt
1000 2049 1104 2081 robore
1125 2051 1152 2080 et
1169 2050 1271 2088 poten-

303 2093 348 2124 tia
375 2093 520 2132 maiores,
551 2102 590 2123 ne
617 2093 722 2131 ferant
744 2092 894 2124 adversus
916 2092 990 2124 illas
1011 2101 1114 2124 coram
1137 2090 1273 2123 Domino

303 2135 553 2167 contumeliosum
576 2135 737 2167 iudicium.

390 2220 419 2252 9.
445 2220 540 2251 Novit
562 2219 730 2251 Dominus.
770 2220 842 2251 Hoc
864 2221 1004 2260 primum
1027 2219 1161 2251 offendit
1184 2218 1272 2249 infir-

305 2273 385 2303 mos,
420 2262 505 2303 quod
534 2272 633 2303 quum
657 2263 752 2293 anxie
775 2264 937 2302 suspirent
959 2263 1080 2299 fideles,
1115 2261 1275 2302 praesenti

305 2306 367 2337 Dei
391 2305 512 2336 auxilio
536 2315 601 2336 non
625 2306 734 2336 statim
758 2305 926 2336 levantur:
949 2306 1025 2345 quin
1049 2305 1155 2346 potius
1177 2305 1275 2335 inter-

306 2348 383 2379 dum
406 2358 461 2379 eos
484 2348 563 2379 sinit
584 2347 745 2379 Dominus
769 2348 921 2379 diuturno
944 2348 1047 2379 taedio
1066 2350 1099 2379 et
1121 2347 1276 2387 languore

307 2390 409 2423 veluti
439 2390 680 2422 contabescere:
709 2391 823 2422 deinde
852 2396 920 2421 tum
949 2391 1081 2431 impune
1103 2389 1277 2421 lasciviunt

306 2434 401 2466 mali:
434 2439 466 2464 et
495 2434 625 2465 interim
656 2433 728 2465 silet
750 2433 840 2464 Deus
869 2433 959 2473 quasi
983 2433 1023 2464 ad
1046 2433 1189 2473 ipsorum
1212 2442 1276 2464 sce-

306 2476 376 2507 lera
398 2476 596 2508 conniveret.
628 2476 699 2508 Hoc
722 2475 841 2516 duplex
863 2475 1052 2507 scandalum
1076 2485 1163 2506 nunc
1186 2485 1275 2506 aver-

308 2520 349 2550 tit
376 2519 503 2550 Petrus.
547 2519 726 2550 Dominum
755 2519 842 2551 enim
872 2519 955 2549 scire
985 2522 1123 2549 testatur
1151 2517 1278 2557 quando

309 2572 349 2592 ex
377 2562 557 2593 tentatione
580 2562 651 2602 pios
673 2562 797 2602 eripere
819 2561 976 2602 expediat.
1022 2560 1147 2600 Quibus
1170 2560 1278 2591 verbis

309 2604 471 2644 admonet,
504 2604 563 2636 has
592 2604 638 2635 illi
669 2610 776 2645 partes
803 2603 1031 2644 relinquendas
1054 2613 1139 2634 esse:
1171 2603 1278 2643 itaque

309 2648 470 2686 patienter
500 2646 684 2678 durandum
714 2647 749 2678 in
772 2647 1013 2684 tentationibus,
1047 2656 1106 2677 nec
1129 2645 1279 2677 deficien-

1103 197 1245 230 EPIST.
1271 196 1405 228 PETRI
1432 196 1463 227 11

2222 194 2284 225 464

1310 294 1387 325 dum
1404 303 1490 325 esse:
1514 293 1539 323 si
1557 292 1685 332 quando
1701 301 1795 323 suam
1811 290 1967 322 adversus
1984 290 2098 330 impios
2122 290 2280 323 ultionem

1311 337 1448 368 differat.
1506 335 1596 366 Ilaec
1634 334 1808 366 consolatio
1847 333 1939 366 nobis
1975 333 2067 364 valde
2104 334 2284 365 necessaria

1310 383 1369 411 est.
1411 378 1500 409 Solet
1515 378 1601 408 enim
1621 377 1774 417 obrepere
1799 377 1859 408 ista
1881 376 2045 417 cogitatio,
2070 374 2106 407 Si
2124 375 2283 407 Dominus

1310 432 1384 454 suos
1416 421 1532 451 habore
1561 420 1630 451 vult
1653 420 1806 460 integros,
1837 430 1894 451 cur
1919 429 1981 450 non
2005 428 2116 450 omues
2139 427 2283 449 seorsum

1311 464 1432 503 colligit
1457 463 1487 494 in
1513 462 1654 503 aliquem
1680 467 1785 494 terrae
1809 461 1976 502 angulum,
1999 466 2034 492 ut
2057 471 2091 492 se
2108 465 2220 492 mutuo
2244 460 2283 492 ad

1312 507 1515 538 sanctitatem
1551 505 1708 536 incitent?
1755 505 1823 537 Cur
1855 504 1948 535 malis
1979 514 2032 535 eos
2064 503 2237 544 permiscet
2267 513 2285 534 a

1313 550 1428 590 quibus
1469 549 1705 588 inquinentur?
1762 548 1825 580 Ubi
1865 551 1974 578 autem
2009 547 2099 578 Deus
2133 546 2193 578 hoc
2226 545 2286 577 sibi

1314 602 1429 624 munus
1461 591 1603 622 vindicat
1634 590 1767 622 iuvandi
1801 599 1875 622 suos
1906 600 1943 621 ac
1974 589 2163 630 protegendi
2188 599 2228 619 ne
2251 590 2286 620 iu

1312 635 1486 667 certamine
1517 634 1677 675 deficiant,
1712 634 1836 665 animos
1866 632 1905 664 ad
1935 636 2065 663 strenue
2094 631 2286 663 certandum

1313 678 1504 718 colligimus.
1552 676 1641 708 Haec
1668 686 1793 708 summa
1816 680 1863 708 est
1887 675 2003 716 prioris
2027 674 2173 714 membri,
2204 673 2288 706 hanc

1314 721 1375 761 piis
1423 719 1572 750 omnibus
1618 719 1722 760 legem
1763 718 1937 759 praescribi
1979 728 1998 749 a
2039 717 2200 757 Domino,
2254 719 2289 747 ut

1316 763 1413 795 variis
1431 762 1662 793 tentationibus
1678 762 1871 802 probentur:
1895 760 1951 792 sed
1971 760 2010 791 de
2032 769 2182 792 successu
2208 759 2288 791 bene

1315 806 1509 847 sperandum
1553 815 1638 843 esse,
1680 805 1756 844 quia
1787 804 1930 836 eiusdem
1966 803 2088 834 auxilio
2123 811 2286 843 nunquam

1315 847 1512 880 destituendi
1535 848 1610 879 sint.

1402 891 1540 922 Iniustos
1569 892 1680 921 autem.
1732 889 1804 921 Hoc
1835 890 1978 921 membro
2007 888 2149 920 ostendit
2180 887 2288 918 Deum

1314 934 1360 965 sic
1383 933 1502 965 iudicia
1523 943 1581 964 sua
1605 932 1774 972 moderari,
1804 934 1841 963 ut
1862 932 1963 963 malos
1985 931 2025 963 ad
2058 936 2186 972 tempus
2210 929 2289 961 tole-

1315 976 1426 1014 rando,
1461 986 1526 1007 non
1557 981 1665 1006 tamen
1697 975 1816 1006 inultos
1847 975 2017 1015 relinquat.
2071 974 2123 1006 Ita
2155 973 2289 1005 nimiam

1316 1019 1555 1050 festinationem
1573 1019 1714 1058 corrigit,
1737 1027 1801 1058 qua
1820 1017 2009 1058 praecipites
2035 1017 2111 1049 ferri
2135 1016 2289 1048 solemus:

1316 1062 1507 1102 praesertim
1541 1061 1594 1092 ubi
1619 1062 1686 1101 ipsa
1710 1061 1866 1093 scelerum
1891 1060 2054 1092 attrocitas
2078 1070 2135 1091 nos
2159 1059 2290 1100 gravius

1317 1104 1478 1136 vulnerat.
1501 1104 1594 1136 Tunc
1605 1104 1693 1135 enim
1706 1103 1865 1135 vellemus
1880 1102 1992 1134 eodem
2007 1106 2170 1134 momento
2183 1101 2290 1133 Deum

1317 1147 1504 1178 fulminare:
1539 1148 1566 1178 si
1590 1151 1702 1186 cessat,
1736 1157 1801 1178 non
1825 1146 1953 1178 videtur
1976 1145 2117 1187 amplius
2139 1154 2210 1176 esse
2242 1144 2292 1175 iu-

1316 1189 1380 1221 dex
1411 1189 1533 1222 mundi.
1579 1190 1668 1230 Ergo
1692 1200 1731 1221 ne
1753 1188 1941 1229 temporalis
1968 1189 2030 1220 ista
2053 1187 2210 1220 scelerum
2233 1186 2293 1218 im-

1316 1233 1446 1272 punitas
1470 1243 1528 1264 nos
1551 1232 1728 1273 perturbet,
1752 1232 1784 1263 in
1809 1232 1996 1263 memoriam
2016 1231 2142 1263 reducit
2161 1230 2291 1268 Petrus,

1317 1281 1476 1306 statutum
1492 1286 1562 1306 esse
1581 1287 1599 1306 a
1616 1275 1758 1306 Domino
1781 1274 1890 1306 iudicii
1913 1274 2016 1305 diem:
2041 1274 2113 1305 ideo
2136 1273 2291 1312 reprobos

1317 1319 1450 1349 minime
1474 1329 1606 1358 poenam
1631 1319 1784 1359 effugere,
1809 1323 1974 1358 utcunque
1998 1327 2063 1348 non
2087 1316 2197 1348 statim
2223 1315 2292 1347 exi·

1318 1364 1424 1401 gatur.
1482 1361 1656 1401 Emphasis
1686 1366 1735 1392 est
1764 1361 1797 1392 in
1828 1360 1926 1392 verbo
1953 1359 2171 1391 servandi:
2205 1368 2242 1390 ac
2265 1358 2292 1389 si

1319 1404 1448 1441 diceret,
1480 1415 1543 1435 non
1576 1414 1645 1435 esse
1673 1403 1799 1444 elapsos
1821 1413 1862 1434 ex
1885 1403 1948 1434 Dei
1973 1413 2080 1441 manu,
2111 1401 2166 1433 sed
2191 1400 2294 1432 teneri

1318 1446 1451 1478 occultis
1481 1446 1620 1478 vinculis
1653 1447 1852 1486 constrictos,
1887 1450 1922 1477 ut
1954 1445 2127 1485 aliquando
2153 1444 2188 1475 in
2210 1443 2294 1475 iudi-

1318 1491 1404 1522 cium
1434 1489 1618 1521 trahantur.
1662 1489 1877 1529 Participium
1900 1487 2149 1530 κολαζομένους,
2179 1496 2291 1527 quam-

1321 1533 1371 1564 vis
1397 1532 1437 1563 sit
1460 1533 1639 1573 praesentis
1662 1532 1827 1572 temporis,
1850 1532 1895 1563 sic
1917 1536 2025 1563 tamen
2048 1529 2166 1562 resolvi
2190 1528 2295 1569 debet,

1319 1575 1443 1608 servari
1468 1575 1664 1615 puniendos:
1696 1575 1758 1611 vel,
1785 1577 1823 1605 ut
1846 1575 2035 1614 puniantur.
2075 1572 2159 1604 Nam
2184 1572 2223 1604 ab
2246 1570 2295 1603 ul-

1321 1618 1392 1650 timi
1425 1618 1534 1650 iudicii
1558 1618 1802 1658 exspectatione
1826 1617 1969 1658 pendere
1991 1625 2051 1648 nos
2074 1615 2172 1653 iubet,
2203 1616 2240 1646 ut
2262 1614 2295 1645 in

1320 1671 1378 1702 spe
1401 1663 1434 1692 et
1457 1661 1613 1701 patientia
1637 1670 1739 1700 usque
1762 1660 1803 1691 ad
1826 1660 1911 1691 vitae
1933 1659 2033 1690 finem
2057 1658 2244 1690 militemus.

1407 1703 1457 1735 10.
1474 1703 1665 1735 Praesertim
1682 1712 1752 1734 vero
1775 1712 1835 1742 eos,
1858 1704 1910 1734 eto.
1944 1702 2009 1734 Hic
2032 1701 2072 1733 ad
2097 1699 2293 1742 hypothesin

1321 1746 1496 1787 descendit,
1520 1746 1704 1786 generalem
1722 1746 1900 1777 doctrinam
1917 1756 1974 1777 suo
1999 1745 2149 1776 instituto
2172 1753 2294 1775 accom-

1321 1789 1466 1821 modans.
1513 1789 1597 1820 Nam
1628 1788 1675 1820 illi
1704 1789 1869 1829 negotium
1900 1794 1969 1819 erat
1998 1797 2071 1819 cum
2100 1786 2295 1828 prostitutae

1322 1832 1485 1872 nequitiae
1501 1832 1700 1863 hominibus:
1726 1831 1818 1863 docet
1833 1841 1911 1872 ergo
1930 1831 2000 1862 fieri
2023 1840 2089 1861 non
2106 1839 2198 1870 posse
2217 1828 2294 1869 quin

1324 1875 1486 1907 horribilis
1517 1874 1661 1906 vindicta
1690 1874 1776 1914 ipsos
1808 1878 1948 1906 maneat.
2000 1872 2111 1912 Quum
2142 1872 2229 1903 enim
2259 1871 2297 1902 de

1324 1917 1473 1949 omnibus
1504 1928 1623 1958 poenas
1653 1921 1844 1958 sumpturus
1867 1917 1908 1948 sit
1931 1916 2033 1954 Deus,
2062 1914 2221 1956 quomodo
2243 1914 2297 1945 isti

1324 1960 1502 1992 evaderent
1516 1961 1570 2000 qui
1595 1959 1774 1991 belluarum
1798 1960 1832 1990 in
1855 1969 1978 1991 morem
2002 1968 2036 1990 se
2059 1957 2233 1999 proiiciunt
2255 1956 2297 1988 ad

1323 2013 1418 2034 omne
1441 2002 1623 2043 flagitium?
1670 2002 1891 2034 Ambulare
1922 2006 2012 2043 post
2037 2010 2215 2039 carnem,
2248 2003 2298 2031 est

1325 2047 1416 2076 carni
1446 2045 1610 2076 addictum
1641 2055 1727 2076 esse:
1760 2045 1855 2077 sicuti
1879 2046 1974 2077 bruta
1997 2043 2150 2076 animalia
2173 2043 2298 2074 ratione

1326 2094 1358 2120 et
1388 2088 1507 2120 iudicio
1540 2098 1604 2119 non
1629 2093 1778 2128 aguntur,
1810 2087 1865 2118 sed
1888 2088 1995 2119 carnis
2019 2096 2095 2118 suae
2118 2085 2296 2126 appetitum

1326 2141 1384 2172 pro
1407 2141 1532 2162 summo
1556 2130 1637 2162 duce
1660 2130 1788 2162 habent.
1830 2130 1895 2162 Per
1917 2128 2297 2170 concupiscentiam

1326 2173 1584 2214 pollutionis
1600 2172 1752 2214 intelligit
1771 2172 1879 2204 foedas
1902 2177 1934 2204 et
1957 2173 2114 2203 effraenes
2136 2170 2295 2207 libidines,

1327 2217 1381 2248 ubi
1412 2216 1535 2248 abiecto
1564 2215 1693 2247 honesti
1721 2215 1838 2254 studio,
1870 2225 2069 2255 excussoque
2092 2213 2222 2254 pudore,
2257 2212 2297 2244 ad

1327 2259 1565 2291 immunditiem
1593 2259 1742 2290 feruntur
1771 2258 1928 2290 homines.
1973 2258 2065 2289 Haec
2090 2257 2196 2297 prima
2219 2258 2296 2287 nota

1328 2308 1378 2333 est
1401 2312 1497 2342 quam
1521 2301 1567 2333 eis
1590 2301 1699 2340 inurit,
1730 2300 1815 2341 quod
1847 2301 1994 2332 homines
2023 2300 2088 2331 sint
2118 2299 2240 2339 impuri
2262 2308 2299 2330 ac

1329 2345 1491 2385 nequitiae
1514 2344 1622 2376 dediti.
1668 2344 1862 2384 Sequuntur
1884 2343 1967 2375 aliae
1993 2348 2097 2380 notae,
2128 2341 2214 2382 quod
2244 2340 2298 2372 do-

1328 2387 1539 2419 minationem
1556 2386 1744 2427 despiciant,
1767 2397 1826 2418 nec
1849 2390 2026 2418 vereantur
2048 2384 2245 2417 contumelia
2267 2388 2298 2415 et

1329 2431 1453 2471 probris
1469 2430 1598 2462 afficere
1617 2430 1764 2461 homines
1787 2439 1869 2469 quos
1884 2428 1974 2460 Deus
1997 2428 2173 2460 honorifico
2195 2426 2298 2468 gradu

1329 2473 1492 2514 dignatur.
1523 2473 1607 2504 Nam
1624 2472 1704 2504 duas
1723 2472 1802 2504 istas
1824 2471 2027 2512 loquutiones
2049 2470 2160 2502 eodem
2183 2470 2297 2502 refero.

1329 2517 1506 2557 Postquam
1539 2516 1625 2547 enim
1654 2514 1745 2553 dixit,
1775 2515 1977 2555 contemptui
2005 2513 2069 2546 illis
2098 2523 2168 2545 esse
2198 2512 2299 2544 domi-

1330 2559 1511 2591 nationem:
1545 2558 1642 2590 huius
1676 2558 1753 2589 mali
1786 2558 1907 2589 iontem
1940 2567 2018 2589 mox
2047 2556 2177 2593 indicat,
2213 2554 2298 2596 quod

1331 2602 1507 2634 audaces
1546 2602 1612 2633 sint
1649 2610 1685 2632 ac
1725 2600 1963 2641 praefracti.
2025 2599 2195 2631 Postremo
2236 2607 2297 2639 quo

1331 2645 1434 2686 magis
1464 2648 1640 2687 exaggeret
1668 2653 1780 2676 eorum
1809 2643 2008 2684 superbiam,
2042 2642 2119 2674 dicit
2148 2651 2203 2673 eos
2232 2649 2297 2672 non
