2513 3126
490 632 811 682 EPISTOLA
867 629 1064 678 PETRI
1118 631 1444 680 APOSTOLI
1498 633 1718 681 PRIOR.

902 884 1305 918 ARGUMENTUM.

188 1083 369 1116 Consilium
393 1083 483 1115 Petri
517 1085 566 1115 est
589 1083 622 1114 in
646 1083 706 1115 hac
728 1083 873 1125 epistola,
904 1083 1015 1115 fideles
1039 1082 1080 1115 ad

105 1127 156 1160 sui
191 1126 440 1168 abnegationem
475 1125 649 1166 mundique
687 1131 910 1167 contemptum
944 1126 1080 1164 hortari,

106 1174 142 1202 ut
164 1169 256 1202 liberi
280 1170 386 1201 carnis
416 1168 593 1207 affectibus,
625 1169 827 1210 terrenisque
850 1168 997 1201 omnibus
1020 1170 1080 1200 im-

106 1212 299 1254 pedimentis
322 1212 428 1251 soluti,
459 1211 500 1243 ad
530 1212 666 1244 coeleste
691 1212 815 1244 Christi
845 1223 981 1254 regnum
1013 1217 1079 1243 toto

107 1256 214 1287 animo
246 1255 427 1296 adspirent:
458 1260 494 1286 ut
526 1265 582 1294 spe
613 1256 720 1296 erecti,
755 1255 881 1287 suffulti
912 1255 1080 1296 patientia,

106 1298 294 1330 fortitudine
327 1302 359 1329 et
390 1299 573 1329 constantia
596 1298 726 1337 muniti,
760 1298 956 1337 tentationes
985 1308 1081 1329 omne

107 1351 211 1382 genus
234 1345 398 1382 superent,
423 1346 518 1381 atque
542 1341 603 1372 hoc
626 1342 770 1373 studium
787 1345 819 1372 et
835 1342 1078 1373 meditationem

107 1387 175 1415 tota
198 1383 265 1416 vita
294 1388 542 1424 prosequantur.
588 1384 702 1424 Itaque
734 1384 844 1416 statim
868 1395 886 1416 a
910 1384 1079 1425 principio,

107 1436 170 1467 qua
192 1428 300 1467 potest
318 1426 491 1458 verborum
508 1426 729 1467 amplitudine,
753 1426 817 1458 Dei
833 1428 971 1468 gratiam
988 1426 1080 1458 nobis

105 1470 140 1501 in
157 1469 290 1501 Christo
306 1469 501 1510 patefactam
521 1469 695 1510 praedicat.
730 1469 837 1502 Simul
854 1474 962 1502 autem
979 1469 1080 1509 addit,

107 1512 170 1544 fide
197 1512 297 1552 recipi
326 1513 440 1553 ipsam,
476 1517 508 1544 et
537 1523 593 1553 spe
625 1512 789 1553 possideri,
823 1517 859 1544 ut
892 1517 1018 1545 mentes
1048 1515 1080 1544 et

106 1555 204 1587 corda
226 1555 270 1596 pii
293 1566 391 1596 supra
414 1555 571 1587 mundum
591 1556 749 1587 attollant.
795 1555 877 1588 Inde
900 1555 940 1587 ad
961 1555 1080 1587 sancti·

107 1603 208 1630 tatem
239 1598 397 1638 hortatur,
428 1609 469 1630 ne
500 1599 594 1630 inane
618 1598 755 1630 reddant
778 1599 919 1639 pretium
944 1609 1005 1639 quo
1030 1609 1079 1629 re-

108 1639 229 1681 dempti
253 1646 342 1672 sunt:
366 1647 398 1672 et
421 1651 461 1673 ne
486 1641 732 1682 incorruptibile
758 1641 848 1673 verbi
871 1652 992 1679 semen,
1016 1651 1079 1682 quo

107 1683 246 1725 regeniti
262 1688 338 1716 sunt
354 1684 385 1715 in
403 1685 505 1715 vitam
524 1689 699 1724 aeternam,
723 1685 887 1725 corrumpi
906 1684 959 1716 vel
978 1684 1080 1716 emori

107 1727 284 1767 patiantur.
331 1726 417 1766 Quia
439 1732 547 1759 autem
579 1728 678 1759 verbo
702 1727 764 1759 Dei
789 1732 917 1759 renatos
941 1727 1079 1767 dixerat,

108 1769 205 1801 simul
228 1770 425 1802 mentionem
457 1770 534 1802 facit
557 1770 737 1811 spiritualis
764 1770 931 1802 infantiae.
976 1770 1079 1802 Porro

108 1822 150 1843 ne
173 1812 304 1844 vacillet
329 1817 384 1844 aut
407 1812 524 1845 titubet
553 1823 664 1845 eorum
688 1813 780 1854 fides,
812 1814 886 1854 quia
910 1812 1078 1845 Christum

108 1865 127 1886 a
151 1860 218 1886 toto
241 1855 309 1887 fere
338 1855 459 1887 mundo
490 1856 542 1888 vel
566 1857 738 1895 contemni,
767 1856 819 1888 vel
843 1857 930 1888 reiici
955 1856 1079 1895 vident,

108 1898 260 1930 admonet
290 1898 352 1931 hoc
379 1899 474 1930 modo
506 1899 634 1940 impleri
667 1898 750 1940 quod
781 1900 819 1930 de
850 1910 886 1931 eo
921 1900 1078 1940 scriptum

105 1944 163 1978 est,
188 1941 257 1972 fore
279 1941 420 1982 lapidem
444 1942 596 1974 scandali.
633 1941 698 1974 Sed
715 1953 829 1974 rursus
854 1942 946 1974 docet
964 1941 1079 1974 stabile

105 1994 174 2016 esse
205 1984 244 2016 iis
267 1985 320 2024 qui
344 1985 376 2015 in
407 1994 482 2016 eum
510 1985 648 2017 credunt
676 1985 790 2017 salutis
822 1985 1078 2017 fundamentum.

105 2027 196 2059 Hinc
212 2027 330 2058 iterum
347 2033 577 2059 commemorat
594 2029 625 2060 in
642 2033 798 2069 quantum
816 2028 972 2060 honorem
989 2028 1078 2069 ipsos

105 2070 196 2101 Deus
220 2069 385 2107 extulerit,
415 2075 453 2101 ut
475 2071 604 2111 pristini
633 2071 683 2103 sui
714 2076 817 2103 status
847 2081 1077 2104 commemora-

105 2114 204 2148 tione,
228 2118 259 2143 et
282 2113 461 2152 praesentis
485 2114 630 2146 beneficii
645 2124 743 2146 sensu
766 2115 953 2146 animentur
969 2114 1010 2146 ad
1027 2114 1078 2154 pie

107 2154 240 2187 vivendi
264 2155 418 2187 studium.
464 2156 581 2188 Postea
607 2156 765 2189 delabitur
795 2157 835 2188 ad
866 2156 1078 2198 particulares

106 2198 366 2230 exhortationes:
400 2202 435 2229 ut
465 2199 609 2231 modeste
631 2204 663 2231 et
689 2200 876 2232 obedienter
905 2200 964 2232 sub
988 2200 1077 2240 prin-

106 2241 214 2282 cipum
238 2241 373 2282 imperio
397 2251 431 2273 se
454 2242 657 2274 contineant:
681 2247 719 2274 ut
749 2243 834 2275 servi
851 2243 990 2275 dominis
1011 2243 1078 2275 sint

107 2283 256 2315 subiecti:
280 2294 398 2315 uxores
422 2289 557 2324 pareant
571 2285 695 2317 maritis
711 2286 786 2325 suis,
809 2286 924 2326 pudice
947 2288 980 2317 et
1000 2296 1077 2318 con-

108 2327 251 2358 tinenter
280 2337 314 2358 se
345 2332 477 2368 gerant:
508 2337 545 2359 ac
577 2328 716 2360 vicissim
746 2330 853 2360 mariti
882 2339 999 2360 uxores
1022 2327 1078 2359 hu-

107 2370 246 2401 maniter
268 2374 419 2402 tractent.
454 2369 580 2401 Deinde
597 2371 752 2411 praecipit
774 2376 809 2403 ut
826 2376 970 2403 mutuam
993 2371 1079 2402 inter

108 2422 142 2443 se
161 2412 356 2452 aequitatem
374 2413 496 2445 colant:
522 2413 603 2453 quod
621 2419 657 2444 ut
673 2413 823 2446 libentius
842 2415 972 2454 faciant,
995 2413 1078 2446 fruc-

108 2459 178 2486 tum
194 2455 259 2487 illis
276 2456 425 2496 proponit
441 2465 627 2497 prosperam
644 2457 743 2488 vitam
761 2462 793 2489 et
808 2458 961 2499 quietam.
993 2457 1080 2496 Quia

1133 1088 1242 1114 tamen
1267 1082 1464 1115 Christianis
1485 1083 1577 1123 quasi
1602 1082 1699 1114 fatale
1722 1086 1780 1121 est,
1808 1088 1970 1125 utcunque
1992 1094 2104 1126 pacem

1133 1131 1300 1166 quaerant,
1325 1125 1439 1157 multis
1454 1125 1582 1157 iniuriis
1605 1136 1670 1156 non
1694 1135 1768 1157 raro
1784 1127 1908 1167 vexari,
1931 1127 2104 1159 mundum-

1133 1179 1195 1209 que
1218 1168 1280 1201 sibi
1303 1168 1394 1200 nulla
1417 1168 1456 1200 de
1479 1178 1575 1201 causa
1605 1167 1725 1200 habere
1754 1168 1926 1200 infestum:
1954 1170 2104 1202 hortatur

1133 1216 1169 1243 ut
1202 1212 1312 1252 aequis
1347 1211 1463 1243 animis
1497 1212 1680 1244 sustineant
1714 1213 1990 1252 persequutiones,
2023 1223 2105 1253 quas

1133 1254 1240 1286 sciunt
1263 1254 1323 1286 sibi
1347 1255 1380 1286 in
1404 1254 1542 1286 salutem
1564 1264 1721 1286 cessuras.
1757 1254 1796 1285 Iu
1820 1265 1890 1286 eam
1914 1265 1980 1286 rem
2004 1256 2105 1287 addu-

1133 1298 1175 1329 cit
1200 1297 1322 1329 Christi
1347 1297 1543 1337 exemplum.
1589 1297 1641 1328 Ex
1671 1297 1805 1329 adverso
1836 1297 1986 1329 admonet
2008 1308 2105 1338 quam

1132 1340 1247 1371 infelix
1271 1341 1379 1372 exitus
1404 1341 1518 1380 impios
1541 1345 1670 1371 maneat
1693 1340 1818 1371 interea
1836 1339 1914 1371 dum
1938 1341 2105 1373 ecclesiam

1133 1393 1223 1415 suam
1241 1383 1400 1415 Dominus
1420 1382 1614 1415 mirabiliter
1638 1393 1694 1423 per
1717 1388 1854 1414 mortem
1872 1394 1890 1414 a
1906 1389 2008 1415 morte
2031 1383 2107 1415 libe-

1134 1432 1194 1458 rat.
1255 1426 1403 1468 Longius
1443 1426 1559 1457 deinde
1595 1425 1717 1466 profert
1749 1425 1874 1458 Christi
1912 1426 2106 1466 exemplum,

1134 1479 1249 1510 nempe
1280 1468 1320 1500 ad
1354 1469 1462 1502 carnis
1495 1469 1786 1501 mortificationem.
1839 1468 1926 1501 Huic
1959 1469 2107 1501 exhorta-

1134 1512 1213 1543 tioni
1238 1511 1401 1544 subnectit
1416 1512 1523 1545 varias
1540 1514 1572 1543 et
1589 1511 1703 1543 breves
1719 1512 1914 1544 sententias:
1937 1512 1994 1543 sed
2010 1512 2106 1553 paulo

1134 1558 1208 1596 post
1231 1554 1315 1587 redit
1347 1555 1386 1586 ad
1410 1555 1584 1596 patientiae
1608 1554 1798 1593 doctrinam,
1829 1560 1864 1586 ut
1887 1555 2105 1586 consolatione

1134 1598 1219 1629 mala
1242 1608 1302 1630 sua
1324 1600 1506 1637 temperent
1529 1597 1648 1635 fideles,
1673 1597 1751 1628 dum
1770 1603 1925 1637 reputant
1943 1598 2021 1629 utile
2045 1597 2106 1629 sibi

1134 1651 1204 1672 esse
1226 1644 1363 1681 paterna
1385 1640 1449 1673 Dei
1471 1650 1569 1672 manu
1593 1640 1752 1681 castigari.
1796 1640 1896 1672 Initio
1922 1641 2026 1681 quinti
2052 1651 2107 1673 ca-

1133 1684 1220 1724 pitis,
1244 1684 1385 1716 seniores
1401 1683 1498 1715 officii
1518 1684 1569 1715 sui
1586 1683 1747 1722 admonet,
1770 1693 1810 1714 ne
1826 1683 1998 1723 imperium
2014 1694 2106 1715 usur-

1133 1729 1213 1767 pent
1235 1727 1268 1758 in
1293 1727 1483 1767 Ecclesiam,
1510 1727 1566 1758 sed
1590 1725 1754 1758 moderate
1778 1726 1836 1757 sub
1861 1726 1992 1758 Christo
2015 1736 2106 1767 prae-

1133 1770 1207 1802 sint.
1232 1769 1412 1802 Iuvenibus
1427 1770 1618 1801 modestiam
1632 1780 1668 1801 ac
1685 1768 1880 1801 docilitatem
1893 1769 2104 1800 commendat.

1134 1812 1281 1844 Tandem
1304 1813 1396 1844 brevi
1420 1812 1645 1844 exhortatione
1668 1812 1788 1852 addita,
1812 1812 1979 1852 epistolam
1995 1822 2104 1852 preca-

1134 1856 1222 1888 tione
1252 1856 1382 1888 claudit.
1432 1854 1527 1887 Unde
1556 1860 1664 1887 autem
1696 1855 1824 1893 scribat,
1856 1864 1919 1886 non
1950 1854 2104 1886 convenit

1133 1899 1219 1930 inter
1242 1909 1368 1930 omnes:
1398 1909 1457 1930 nec
1486 1903 1596 1929 tamen
1627 1908 1755 1929 causam
1779 1898 1872 1929 video
1899 1907 1957 1929 cur
1981 1897 2107 1929 dubite-

1132 1952 1206 1973 mus
1229 1942 1336 1982 ipsum
1369 1946 1437 1973 tum
1461 1941 1559 1972 fuisse
1582 1940 1761 1981 Babylone,
1794 1940 1912 1972 diserte
1935 1941 2021 1972 enim
2046 1940 2106 1973 hoc

1133 1985 1284 2016 affirmat.
1331 1983 1396 2016 Sed
1420 1985 1571 2025 quoniam
1595 1983 1776 2015 invaluerat
1799 1984 1975 2024 persuasio,
1998 1983 2105 2023 ipsum

1134 2027 1308 2059 Antiochia
1331 2028 1470 2059 Romam
1502 2028 1668 2068 migrasse,
1692 2031 1722 2057 et
1745 2026 1870 2057 Romae
1898 2026 1998 2057 fuisse
2021 2036 2106 2058 mor-

1133 2074 1242 2102 tuum:
1266 2070 1327 2102 hoc
1351 2070 1417 2102 solo
1440 2075 1631 2111 argumento
1654 2069 1783 2100 adducti
1806 2074 1941 2107 veteres,
1965 2069 2104 2109 Babylo-

1133 2124 1206 2145 nem
1231 2113 1403 2154 allegorice
1422 2113 1562 2144 Romam
1587 2113 1693 2144 vocari
1715 2112 1889 2143 finxerunt.
1929 2111 2104 2143 Caeterum

1133 2167 1233 2197 quum
1257 2155 1347 2187 nulla
1380 2155 1540 2197 probabili
1563 2156 1746 2188 coniectura
1769 2159 1890 2186 temere
1912 2164 2104 2195 persuasum

1133 2199 1308 2231 habuerint
1337 2199 1493 2240 quidquid
1524 2198 1658 2230 tradunt
1681 2198 1720 2228 de
1750 2207 1883 2228 romano
1906 2197 1996 2228 Petri
2020 2197 2104 2236 epis—

1132 2248 1262 2283 copatu:
1293 2252 1352 2282 pro
1375 2241 1477 2273 nihilo
1500 2251 1626 2282 quoque
1655 2240 1840 2272 ducendum
1869 2245 1918 2271 est
1942 2240 2002 2271 hoc
2026 2239 2104 2271 alle-

1132 2286 1242 2326 goriae
1264 2284 1468 2326 figmentum.
1503 2284 1608 2316 Multo
1631 2293 1707 2315 sane
1727 2283 1936 2314 verisimilius
1959 2286 2018 2320 est,
2042 2282 2104 2313 Pe-

1133 2334 1230 2365 trum,
1264 2333 1301 2359 ut
1332 2327 1454 2359 ferebat
1481 2327 1678 2368 apostolatus
1708 2326 1800 2364 ratio,
1833 2335 2023 2366 peragrasse
2049 2334 2103 2356 eas

1133 2371 1283 2411 regiones
1301 2370 1334 2402 in
1351 2370 1467 2411 quibus
1484 2371 1593 2411 plures
1610 2369 1801 2400 habitabant
1815 2367 1937 2400 Iudaei.
1972 2368 2103 2400 Scimus

1132 2419 1240 2445 autem
1262 2413 1430 2455 Babylone
1463 2419 1495 2445 et
1518 2414 1549 2444 in
1574 2412 1636 2444 illis
1659 2412 1805 2452 partibus
1828 2421 1981 2453 magnam
2005 2410 2103 2442 fuisse

1132 2466 1268 2497 copiam.
