2513 3126
81 205 144 236 209

83 303 278 335 novitatem:
302 311 359 343 per
381 300 620 341 adspersionom
639 310 714 331 vero
730 300 899 339 sanguinis
915 299 1048 335 Christi,

83 345 303 377 remissionem
335 348 537 384 peccatorum
569 343 747 383 designare.

82 392 160 421 sunt
191 396 298 427 partes
327 386 377 418 vel
408 387 541 418 effectus
568 385 842 420 sanctificationis,
874 384 967 415 aliter
998 383 1050 414 hic

83 431 294 463 sanctificatio
316 430 440 469 capitur
463 439 559 469 quam
584 439 679 467 saepe
702 428 787 467 apud
812 427 959 463 Paulum,
991 426 1051 457 hoc

83 480 131 506 est
161 474 262 513 magis
291 472 494 513 generaliter.
539 471 728 503 Sanctifieat
758 480 835 510 ergo
867 480 924 500 nos
952 468 1050 508 Deus,

84 516 255 549 efficaciter
285 526 343 546 nos
367 515 519 546 vocando.
566 514 600 544 Id
625 519 731 545 autem
756 514 791 543 fit
815 513 891 542 dum
915 521 1050 542 renova-

83 570 158 591 mur
187 559 219 590 in
251 558 464 590 obedientiam
495 557 637 588 iustitiae
666 556 745 593 eius,
774 560 807 585 et
830 554 952 585 Christi
975 564 1050 584 san-

82 603 181 643 guine
210 601 353 641 adspersi
384 600 578 631 mundamur
607 609 625 630 3
659 597 804 638 peccatis.
850 597 898 626 Ac
922 595 1051 626 videtur

82 646 181 677 tacita
211 655 281 675 esse
311 644 425 674 allusio
452 642 492 674 ad
522 647 662 673 veterem
694 638 911 678 adspersionis
942 639 1049 676 ritum,

84 697 146 728 quo
169 687 228 718 sub
253 687 321 726 lege
345 688 526 717 utebantur.
566 681 848 721 Quemadmodum
873 680 960 711 enim
986 691 1050 711 non

81 731 161 762 satis
192 737 269 761 tunc
293 729 404 759 fuisset
426 725 559 758 mactari
587 724 725 755 hostiam
748 729 780 755 et
804 723 894 754 fundi
918 723 1048 762 sangui-

84 783 164 809 nem,
190 773 252 803 nisi
275 772 445 811 adspersus
469 768 584 798 fuisset
607 767 761 806 populus:
786 767 832 797 ita
849 766 930 796 nihil
955 765 1050 796 hodie

83 816 176 847 nobis
210 813 372 854 prodesset
408 812 514 842 fusum
549 809 674 842 Christi
711 810 902 849 sanguinem
942 809 1049 846 fuisse,

83 859 143 890 nisi
178 858 248 897 ipso
282 854 496 886 conscientiae
531 859 660 884 nostrae
693 851 913 883 abluerentur.
967 850 1051 883 Sub-

83 900 241 932 audienda
268 898 367 937 igitur
397 902 446 927 est
469 895 648 931 antithesis,
678 895 762 935 quod
785 895 868 926 sicut
890 894 966 925 olim
990 895 1050 925 sub

81 944 152 983 lege
175 951 272 972 manu
297 939 473 971 sacerdotis
495 939 594 969 fiebat
612 938 780 978 sanguinis
799 937 982 976 adspersio:
1006 938 1051 968 ita

81 995 168 1017 nnnc
198 984 329 1022 spiritus
359 988 492 1013 sanctus
523 981 647 1012 animas
679 987 806 1012 nostras
830 980 954 1012 Christi
977 991 1050 1011 san-

80 1029 179 1069 guine
206 1027 239 1057 in
270 1025 489 1065 expiationem
520 1024 692 1064 adspergit.
746 1024 840 1054 Nune
870 1022 1049 1063 colligenda

79 1075 128 1102 est
158 1079 299 1106 summa,
334 1068 471 1099 salutem
503 1074 646 1098 nostram
677 1077 809 1097 manare
839 1077 879 1097 ex
910 1066 1050 1106 gratuita

78 1113 235 1144 electione
259 1111 336 1142 Dei:
371 1109 426 1142 sed
456 1120 527 1141 eam
555 1109 653 1140 simul
684 1108 950 1141 considerandam
981 1119 1050 1140 esse

79 1156 155 1188 fidei
178 1153 388 1194 experientia,
412 1153 446 1183 in
469 1163 506 1184 eo
531 1153 617 1192 quod
642 1152 759 1192 spiritu
777 1162 834 1183 suo
855 1163 914 1183 nos
933 1152 1051 1183 sancti-

80 1199 165 1231 ficat.
200 1197 366 1228 Postremo
389 1195 468 1227 duos
491 1206 561 1227 esse
578 1196 756 1227 vocationis
773 1200 903 1226 nostrae
920 1195 1052 1225 effectus

82 1247 140 1272 aut
171 1241 267 1272 fines:
307 1249 423 1279 nempe
457 1243 493 1270 ut
524 1238 738 1269 reformemur
771 1239 802 1269 in
837 1238 1052 1269 obedientiam

83 1284 158 1324 Dei,
181 1289 212 1314 et
228 1281 350 1313 Christi
369 1282 528 1322 sanguine
544 1281 731 1312 abluamur:
755 1287 921 1321 praeterea
937 1287 1052 1311 utrun-

82 1337 144 1367 que
166 1336 235 1358 esse
259 1334 339 1364 opus
362 1325 494 1364 spiritus
519 1324 632 1356 sancti.
669 1324 766 1356 Unde
789 1324 970 1365 colligimus
994 1333 1053 1354 nec

82 1369 272 1401 electionem
296 1377 315 1399 a
334 1368 511 1405 vocatione,
536 1378 594 1399 nec
613 1367 786 1407 gratuitam
804 1367 878 1399 fidei
894 1367 1051 1398 iustitiam

82 1423 102 1443 a
123 1412 210 1444 vitae
233 1411 377 1442 novitate
400 1410 613 1450 separandam
639 1420 717 1441 esse.

168 1498 197 1529 3.
221 1497 409 1529 Benedictus
431 1496 520 1527 Deus
547 1498 573 1528 et
589 1499 683 1535 pater
704 1495 837 1527 Domini
859 1496 957 1527 nostri
980 1495 1054 1527 Iesu

84 1540 217 1578 Christi,
251 1541 305 1580 qui
334 1539 500 1571 secundum
529 1539 660 1570 mattam
688 1549 778 1570 suam
807 1539 1054 1570 misericordiam

82 1583 220 1625 reyenuit
240 1593 296 1615 nos
324 1584 357 1614 in
379 1593 465 1623 spem
486 1582 599 1620 vivam,
625 1592 684 1622 per
704 1582 957 1613 resurrectionem
980 1581 1055 1613 Iesu

85 1626 205 1660 Christi
227 1636 266 1657 ew
288 1627 424 1663 mortuis,
457 1625 488 1656 4.
504 1625 539 1656 in
559 1624 777 1656 haereditatem
792 1625 1054 1665 incorruptibilem

82 1674 111 1703 et
139 1669 413 1701 incontaminatam
439 1671 467 1700 et
495 1667 792 1708 immarcescibilem,
826 1669 993 1708 repositam
1019 1669 1054 1700 in

82 1713 173 1746 coelis
202 1722 277 1753 erqa
305 1722 373 1750 vos,
416 1711 446 1742 5.
476 1711 531 1750 qui
560 1711 671 1742 virtute
693 1711 756 1743 Dei
778 1712 977 1743 custodimini
994 1721 1055 1751 per

81 1756 173 1795 fidem
207 1756 241 1786 in
271 1755 401 1786 satutem
434 1764 511 1794 quae
539 1756 658 1792 parata
687 1757 730 1784 cst
762 1755 894 1786 revelari
922 1757 1055 1794 tempore

83 1799 200 1830 ultimo.

169 1883 198 1914 3.
222 1882 407 1915 Benedictus
429 1882 525 1915 Deus.
573 1883 724 1914 Diximus
752 1884 960 1924 praecipuum
985 1894 1054 1915 esse

86 1931 207 1957 statum
237 1926 404 1966 epistolae,
437 1932 473 1957 ut
507 1936 564 1957 nos
598 1937 696 1965 supra
730 1927 887 1957 mundum
921 1933 1054 1966 erectos,

84 1971 124 2000 ad
141 1969 330 2000 sustinenda
345 1969 481 2000 militiae
497 1970 676 2009 spiritualis
695 1970 873 2001 certamina
888 1976 1053 2010 comparet

84 2016 182 2052 atque
205 2012 336 2043 animet.
372 2011 423 2042 Ad
444 2022 515 2043 eam
539 2023 607 2043 rem
632 2023 697 2043 non
718 2023 830 2052 parum
853 2012 936 2043 valet
960 2014 1053 2044 bene-

83 2055 230 2086 ficiorum
260 2054 322 2085 Dei
351 2054 482 2094 agnitio,
534 2055 617 2087 Nam
653 2066 752 2095 quum
787 2056 927 2095 pretium
957 2066 1051 2087 suum

84 2097 169 2138 apud
199 2107 256 2128 nos
285 2097 441 2135 obtinent,
469 2098 561 2129 facile
592 2098 712 2139 reliqua
741 2099 850 2130 omnia
874 2098 1051 2130 vilescunt:

83 2140 273 2180 praesertim
311 2150 410 2179 quum
449 2146 635 2180 reputamus
673 2142 785 2181 quanti
823 2141 865 2173 sit
898 2141 1052 2173 Christus

84 2193 156 2214 cum
189 2183 255 2214 suis
285 2182 391 2219 bonis,
426 2183 581 2223 quidquid
607 2189 700 2215 extra
729 2186 833 2225 ipsum
864 2191 927 2225 est,
963 2185 1052 2217 nobis

84 2226 146 2257 erit
178 2226 281 2256 instar
311 2226 470 2257 stercoris.
515 2226 586 2257 Hac
614 2228 653 2258 de
676 2238 771 2259 causa
801 2228 972 2268 magnifice
1000 2229 1052 2260 hic

82 2267 211 2300 extollit
240 2269 404 2309 ingentem
429 2268 490 2299 Dei
516 2269 652 2309 gratiam
681 2271 715 2301 in
739 2271 880 2308 Christo,
912 2282 953 2302 ne
984 2282 1051 2303 mo-

84 2311 201 2342 lestum
225 2312 316 2342 nobis
339 2314 382 2342 sit
404 2321 462 2342 nos
485 2311 570 2351 ipsos
592 2317 625 2343 et
647 2313 804 2344 mundum
822 2314 992 2354 abnegare,
1016 2320 1051 2345 ut

85 2354 248 2393 potiamur
271 2353 497 2385 inaestimabili
520 2355 605 2386 vitae
627 2355 754 2387 futurae
777 2356 939 2388 thesauro.
984 2357 1050 2388 De-

84 2396 159 2428 inde
183 2407 223 2428 ne
246 2397 435 2437 frangamur
459 2398 681 2436 praesentibus
704 2400 885 2431 aerumnis:
917 2399 972 2431 sed
997 2410 1050 2440 pa-

85 2439 204 2470 tienter
215 2449 269 2472 eas
281 2440 430 2478 feramus,
447 2440 479 2471 in
492 2445 623 2471 aeterna
639 2440 790 2473 felicitate
802 2443 1051 2482 acquiescentes.

86 2482 188 2513 Porro
210 2492 311 2522 quum
334 2483 455 2523 gratias
478 2483 546 2523 agit
562 2482 643 2521 Deo,
665 2484 775 2515 fideles
791 2484 830 2516 ad
847 2485 1050 2525 spiritualem

86 2524 240 2556 laetitiam
272 2526 399 2564 invitat,
430 2536 512 2566 quae
540 2536 652 2557 omnes
683 2526 851 2559 absorbeat
873 2529 1052 2560 contrarios

82 2568 192 2599 carnis
214 2568 357 2599 affectus.

171 2609 215 2641 Et
232 2613 324 2650 pater
346 2610 485 2642 Domini.
532 2610 586 2642 Sic
609 2611 744 2650 resolve,
770 2612 860 2644 Deus
884 2614 936 2653 qui
961 2618 1052 2653 pater

84 2658 135 2684 est
152 2652 225 2684 Iesu
241 2653 375 2685 Christi.
410 2653 492 2685 Nam
517 2655 610 2685 sicuti
631 2654 706 2685 olim
727 2665 760 2686 se
776 2655 883 2686 Deum
900 2655 1052 2688 Abrahae

186 2711 296 2739 Calvimi
312 2720 406 2745 opera.
438 2713 498 2740 Vol.
515 2713 576 2739 LV.

982 202 1127 235 CAPUT
1151 203 1176 235 I.

793 341 886 381 Quod
913 342 939 372 si
970 342 1049 372 istae

2012 204 2076 235 210

1104 299 1254 338 vocando,
1288 300 1347 331 hac
1379 303 1456 332 nota
1485 311 1503 331 a
1531 300 1591 331 diis
1616 299 1765 331 omnibus
1788 299 1910 331 fictitiis
1934 299 2072 332 discerni

1105 342 1222 373 voluit:
1257 343 1301 373 ita
1334 348 1504 382 postquam
1534 353 1567 374 se
1597 343 1819 373 manifestavit
1849 343 1881 373 in
1913 342 1976 373 filio
2000 353 2070 383 suo,

1104 395 1167 415 non
1191 385 1285 416 alitor
1307 396 1402 425 quam
1427 387 1459 416 in
1484 386 1552 426 ipso
1575 385 1647 417 vult
1673 386 1832 425 cognosci.
1879 385 1993 425 Itaque
2017 387 2072 425 qui

1105 427 1223 458 nudam
1250 428 1310 459 Dei
1334 429 1534 459 maiestatem
1562 435 1655 459 extra
1679 427 1846 459 Christum
1871 435 1978 459 mente
1996 438 2073 460 con-

1103 470 1242 510 cipiunt,
1272 471 1394 502 idolum
1426 471 1546 502 habent
1575 471 1643 502 loco
1666 469 1746 501 Dei:
1775 471 1867 501 sicuti
1899 470 2010 502 Iudaei
2042 476 2073 501 et

1104 512 1236 543 Tui-cae.
1285 514 1426 545 Proinde
1456 514 1600 554 quisquis
1632 523 1746 544 verum
1777 512 1884 544 Deum
1917 524 1990 544 vere
2021 523 2072 545 co-

1104 564 1256 593 gnoscere
1294 557 1397 595 cupit
1438 557 1497 587 hoc
1535 557 1635 596 patris
1672 555 1796 587 Christi
1836 556 1927 586 titulo
1965 556 2073 594 ipsum

1106 598 1228 628 vestiat.
1290 598 1360 629 Nisi
1398 600 1483 630 enim
1521 599 1648 639 quoties
1690 609 1780 629 mens
1819 604 1927 629 nostra
1966 598 2072 629 Deum

1104 641 1239 678 quaerit,
1262 640 1413 672 Christus
1436 648 1594 680 occurrat,
1624 651 1707 682 vaga
1730 646 1762 672 et
1784 642 1918 672 confusa
1942 642 2072 679 errabit,

1104 682 1204 712 donec
1228 692 1358 721 prorsus
1382 684 1518 716 deficiat.
1553 685 1658 716 Simul
1678 684 1773 715 etiam
1794 683 1937 714 indicare
1957 684 2073 715 Petrus

1104 724 1206 755 voluit
1230 726 1386 763 quomodo
1410 733 1473 758 tam
1505 727 1646 759 liberalis
1674 730 1706 758 et
1729 726 1891 758 beneficus
1914 736 1992 766 erga
2015 736 2073 757 nos

1103 767 1145 798 sit
1178 767 1273 798 Deus.
1332 768 1402 798 Nisi
1436 770 1521 800 enim
1558 769 1681 801 medius
1714 774 1875 800 statuatur
1909 769 2073 807 Christus,

1104 819 1267 849 nunquam
1293 809 1381 841 illius
1406 810 1530 843 bonitas
1553 813 1635 843 serio
1660 823 1678 843 a
1702 812 1794 843 nobis
1814 812 1928 842 sentiri
1945 811 2073 851 poterit.

1192 853 1254 892 Qui
1269 853 1411 893 reyenuit
1426 864 1488 885 nos.
1525 854 1694 894 Significat
1711 855 1809 885 vitam
1828 853 2075 894 supernaturale

1103 905 1172 926 esse
1201 895 1336 926 donum:
1374 896 1450 935 quia
1478 896 1534 927 filii
1563 898 1630 928 irae
1660 898 1832 928 nascimur.
1878 897 1961 928 Nam
1991 896 2017 928 si
2041 896 2072 927 in

1104 949 1194 978 spem
1212 938 1297 969 vitae
1322 939 1422 978 geniti
1442 949 1586 970 essemus
1602 940 1780 971 secundum
1797 950 1939 979 earnem,
1963 950 2073 979 super-

1104 991 1240 1012 vacuum
1275 986 1360 1012 esset
1393 992 1452 1012 nos
1486 982 1613 1022 regigni
1647 992 1665 1012 a
1697 983 1774 1013 Deo.
1827 982 1932 1013 Docet
1965 982 2073 1022 itaque

1104 1024 1230 1061 Petrus,
1256 1033 1313 1054 nos
1336 1024 1389 1063 qui
1414 1026 1530 1055 natura
1554 1024 1649 1055 morti
1667 1029 1816 1055 aeternae
1833 1035 1961 1056 eramus
1978 1025 2074 1056 desti

1105 1067 1187 1103 nati,
1226 1067 1259 1097 in
1298 1067 1399 1098 vitam
1436 1067 1498 1098 Dei
1537 1067 1754 1098 misericordia
1792 1068 1957 1098 restitutos
1995 1077 2074 1098 esse.

1104 1109 1195 1140 Haec
1229 1115 1335 1140 autem
1368 1110 1467 1141 veluti
1501 1109 1643 1141 secunda
1677 1115 1724 1141 est
1754 1110 1886 1141 creatio:
1922 1109 2075 1150 quemad-

1104 1153 1235 1183 modum
1271 1152 1484 1192 Ephesiorum
1516 1153 1619 1192 primo
1649 1152 1794 1184 habetur.
1847 1153 1950 1192 Spes
1985 1154 2076 1183 viva

1105 1206 1162 1236 pro
1195 1206 1252 1235 spe
1287 1196 1372 1227 vitae
1410 1197 1551 1237 capitur:
1590 1203 1784 1236 quamquam
1815 1195 1942 1226 videtur
1979 1196 2076 1226 tacita

1105 1250 1175 1271 esse
1207 1238 1380 1270 antithesis
1410 1240 1496 1270 inter
1525 1248 1626 1278 spem,
1658 1248 1740 1278 quae
1762 1238 1794 1268 in
1819 1248 1918 1278 regno
1940 1238 2003 1268 Dei
2026 1238 2075 1268 in-

1105 1282 1307 1321 corruptibili
1330 1281 1436 1314 defixa
1459 1289 1516 1319 est,
1541 1286 1572 1313 et
1596 1282 1681 1312 inter
1697 1291 1770 1321 spes
1788 1281 1955 1311 hominum
1972 1281 2075 1311 fluxas

1106 1336 1142 1357 ac
1165 1324 1329 1356 evanidas.

1194 1368 1369 1400 Secundum
1396 1368 1525 1400 multam
1554 1366 1809 1399 misericordiam.
1863 1366 1974 1397 Primo
2002 1375 2077 1396 cau

1106 1422 1176 1443 sam
1193 1412 1385 1442 efficientem
1405 1412 1508 1451 ponit:
1529 1410 1645 1441 deinde
1662 1409 1803 1440 medium
1820 1408 1870 1450 (ut
1887 1408 2077 1448 loquuntur)

1107 1454 1265 1494 designat.
1301 1454 1408 1485 Deum
1432 1455 1563 1494 inquam
1589 1453 1688 1484 nullis
1705 1452 1823 1483 nostris
1839 1452 1964 1482 meritis
1981 1450 2078 1481 fuisse

1107 1503 1317 1537 provocatum
1335 1497 1436 1537 docet,
1453 1502 1488 1528 ut
1505 1507 1563 1528 nos
1580 1501 1786 1536 regeneraret
1802 1496 1835 1526 in
1852 1505 1939 1534 spem
1955 1494 2077 1525 vivam:

1107 1541 1183 1581 quia
1206 1540 1266 1572 hoc
1289 1544 1392 1571 totum
1416 1541 1485 1571 eius
1509 1538 1744 1570 misericordiae
1767 1538 1922 1578 assignat.
1971 1538 2077 1575 Atque

1107 1590 1143 1614 ut
1173 1583 1288 1614 melius
1311 1593 1443 1623 operum
1468 1583 1584 1613 merita
1606 1581 1732 1621 redigat
1762 1581 1796 1611 in
1821 1580 1970 1619 nihilum,
2000 1578 2078 1610 dicit

1107 1626 1269 1657 multam
1290 1625 1612 1658 misericordiam.
1645 1624 1807 1655 Fatentur
1822 1623 1951 1663 quidem
1966 1631 2078 1653 omnes

1108 1670 1214 1700 Deum
1248 1680 1317 1700 esse
1351 1669 1482 1701 unicum
1516 1668 1630 1700 salutis
1662 1672 1791 1697 nostrae
1825 1670 1986 1697 autorem:
2021 1664 2077 1695 sed

1107 1718 1279 1743 extraneas
1307 1722 1422 1744 causas
1445 1717 1555 1752 postea
1578 1711 1750 1750 affingunt,
1778 1719 1859 1749 quae
1883 1707 2075 1739 tantundem

1106 1756 1174 1786 eius
1209 1754 1448 1786 misericordiae
1483 1754 1666 1785 detrahant.
1721 1752 1837 1783 Petrus
1866 1762 1943 1783 vero
1975 1750 2075 1782 solam

1107 1797 1362 1829 misericordiam
1401 1797 1620 1834 commendat,
1662 1795 1717 1827 sed
1758 1795 1888 1826 modum
1929 1794 2076 1834 protinus

1107 1841 1276 1881 adscribit,
1314 1851 1429 1881 nempe
1466 1840 1733 1871 resurrectionem
1772 1838 1904 1869 Christi.
1964 1836 2076 1875 Neque

1107 1884 1193 1914 enim
1223 1884 1298 1915 alibi
1329 1890 1386 1915 aut
1410 1883 1505 1915 aliter
1527 1893 1618 1914 suam
1642 1892 1719 1922 erga
1743 1891 1800 1911 nos
1823 1879 2074 1911 misericordiam

1107 1926 1249 1967 explicat
1275 1927 1380 1958 Deus:
1409 1927 1479 1958 ideo
1502 1936 1627 1966 semper
1648 1925 1688 1955 ad
1712 1924 1798 1955 hunc
1821 1933 1953 1962 scopum
1977 1921 2077 1961 scrip-

1107 1975 1180 2000 tura
1215 1980 1272 2001 nos
1307 1969 1427 2010 dirigit.
1480 1969 1574 2008 Quod
1609 1972 1716 1999 autem
1753 1966 1924 2006 praeterita
1953 1963 2077 1997 Christi

1107 2017 1227 2053 morte,
1261 2013 1359 2044 solam
1394 2013 1661 2044 resurrectionem
1696 2014 1941 2047 commemorat,
1973 2009 2006 2039 in
2038 2017 2076 2038 eo

1107 2055 1187 2086 nihil
1219 2061 1268 2087 est
1298 2055 1440 2087 absurdi.
1494 2055 1557 2086 Illa
1591 2054 1675 2085 enim
1709 2053 1769 2083 sub
1800 2052 1860 2083 hac
1888 2051 2076 2089 includitur,

1106 2099 1180 2138 quia
1214 2099 1366 2138 perfectio
1395 2108 1460 2129 non
1491 2102 1616 2129 constat
1645 2098 1714 2127 sine
1744 2105 1800 2126 suo
1823 2094 1934 2125 initio:
1967 2104 2076 2126 resur-

1107 2142 1281 2173 rectionem
1313 2151 1389 2173 vero
1421 2141 1528 2182 potius
1558 2140 1703 2177 adduxit,
1733 2138 1808 2178 quia
1838 2137 1876 2168 de
1900 2147 1984 2169 nova
2008 2138 2076 2168 vita

1105 2184 1231 2226 agebat.

1191 2227 1221 2259 4.
1261 2227 1302 2258 In
1332 2227 1558 2259 haereditatem.
1603 2226 1680 2257 Tria
1717 2224 1869 2265 epitheta,
1909 2233 1992 2264 quae
2025 2233 2076 2254 se

1105 2277 1260 2311 quuntur,
1283 2270 1323 2302 ad
1347 2271 1471 2311 gratiae
1487 2270 1548 2301 Dei
1569 2269 1851 2309 amplificationem
1872 2267 1974 2307 posita
1990 2271 2075 2297 sunt.

1105 2314 1143 2345 In
1177 2314 1237 2345 hoc
1267 2314 1353 2345 enim
1384 2314 1510 2345 laborat
1534 2313 1650 2344 Petrus
1676 2310 1961 2352 (quemadmodum
1985 2309 2075 2349 prius

1105 2356 1186 2398 dixi)
1217 2361 1253 2387 ut
1283 2357 1352 2387 eius
1381 2356 1607 2387 excellentiam
1636 2354 1753 2386 animis
1784 2354 1902 2384 nostris
1933 2353 2015 2384 bene
2038 2361 2076 2382 ac

1105 2402 1233 2440 penitus
1249 2399 1373 2440 infigat.
1408 2400 1510 2431 Porro
1526 2398 1605 2430 haec
1621 2397 1683 2428 duo
1700 2395 1852 2434 membra,
1874 2396 1913 2426 in
1936 2395 2077 2427 haere-

1105 2442 1280 2474 ditatem
1315 2440 1714 2481 incorruptibilem,
1752 2445 1783 2469 et
1817 2439 1858 2469 in
1895 2438 2074 2470 salutem

1104 2496 1205 2526 quae
1235 2490 1379 2525 parata
1409 2491 1472 2516 est
1494 2483 1692 2519 revelari,
1723 2482 1902 2522 appositive
1924 2481 2008 2522 lego,
2039 2486 2077 2512 ut

1105 2529 1264 2568 posterius
1301 2529 1342 2560 sit
1379 2528 1495 2567 prioris
1529 2527 1695 2566 expositio.
1752 2525 1838 2556 Nam
1871 2534 1940 2555 rem
1974 2534 2075 2555 unam

1105 2571 1231 2603 duobus
1254 2572 1358 2603 modis
1383 2570 1545 2610 exprimit.
1592 2567 1739 2609 Singulis
1770 2567 1888 2607 verbis,
1920 2577 2001 2608 quae
2026 2578 2075 2599 se-

1105 2620 1264 2654 quuntur,
1299 2624 1394 2645 suum
1430 2614 1515 2643 inest
1546 2611 1678 2651 pondus.
1732 2609 1928 2642 Haereditas
1958 2609 2075 2641 dicitur

1104 2657 1139 2687 in
1174 2657 1271 2689 coelis
1304 2661 1510 2692 conservata,
1545 2659 1580 2685 ut
1609 2654 1747 2685 sciamus
1781 2663 1852 2684 eam
1883 2663 1953 2685 esse
1981 2657 2077 2685 extra

1823 2711 1856 2737 14
