<?xml version="1.0" encoding="UTF-8"?>
<!DOCTYPE html PUBLIC "-//W3C//DTD XHTML 1.0 Transitional//EN"
    "http://www.w3.org/TR/xhtml1/DTD/xhtml1-transitional.dtd">
<html xmlns="http://www.w3.org/1999/xhtml" xml:lang="en" lang="en">
 <head>
  <title>
</title>
<meta http-equiv="Content-Type" content="text/html;charset=utf-8" />
  <meta name='ocr-system' content='tesseract 3.04.00' />
  <meta name='ocr-capabilities' content='ocr_page ocr_carea ocr_par ocr_line ocrx_word'/>
</head>
<body>
  <div class='ocr_page' id='page_1' title='image "./ioanniscalviniop55calv_0053.png"; bbox 0 0 2513 3126; ppageno 0'>
   <div class='ocr_carea' id='block_1_1' title="bbox 187 200 2187 237">
    <p class='ocr_par' dir='ltr' id='par_1_1' title="bbox 187 200 2187 237">
     <span class='ocr_line' id='line_1_1' title="bbox 187 200 2187 237; baseline -0.003 -4"><span class='ocrx_word' id='word_1_1' title='bbox 187 202 226 233; x_wconf 79' lang='lat'>77</span> <span class='ocrx_word' id='word_1_2' title='bbox 1067 200 1217 232; x_wconf 76' lang='lat' dir='ltr'><strong>UAPU&#39;I&#39;</strong></span> <span class='ocrx_word' id='word_1_3' title='bbox 1248 201 1303 230; x_wconf 86' lang='lat' dir='ltr'>Vl.</span> <span class='ocrx_word' id='word_1_4' title='bbox 2148 206 2187 237; x_wconf 75' lang='lat'>78</span> 
     </span>
    </p>
   </div>
   <div class='ocr_carea' id='block_1_2' title="bbox 179 297 1162 2554">
    <p class='ocr_par' dir='ltr' id='par_1_2' title="bbox 180 297 1162 1312">
     <span class='ocr_line' id='line_1_2' title="bbox 187 297 1159 339; baseline -0.002 -10"><span class='ocrx_word' id='word_1_5' title='bbox 187 298 307 329; x_wconf 89' lang='lat' dir='ltr'>tionem</span> <span class='ocrx_word' id='word_1_6' title='bbox 324 299 465 339; x_wconf 86' lang='lat' dir='ltr'>opponit.</span> <span class='ocrx_word' id='word_1_7' title='bbox 501 298 589 339; x_wconf 86' lang='lat' dir='ltr'>Ergo</span> <span class='ocrx_word' id='word_1_8' title='bbox 612 299 745 339; x_wconf 81' lang='lat' dir='ltr'><strong>perinde</strong></span> <span class='ocrx_word' id='word_1_9' title='bbox 768 302 816 329; x_wconf 89' lang='lat' dir='ltr'>est</span> <span class='ocrx_word' id='word_1_10' title='bbox 840 308 875 329; x_wconf 83' lang='lat' dir='ltr'>ac</span> <span class='ocrx_word' id='word_1_11' title='bbox 898 297 925 329; x_wconf 87' lang='lat' dir='ltr'>si</span> <span class='ocrx_word' id='word_1_12' title='bbox 945 298 1064 328; x_wconf 87' lang='lat' dir='ltr'>diceret</span> <span class='ocrx_word' id='word_1_13' title='bbox 1087 307 1159 328; x_wconf 89' lang='lat' dir='ltr'>con-</span> 
     </span>
     <span class='ocr_line' id='line_1_3' title="bbox 187 339 1159 381; baseline -0.003 -9"><span class='ocrx_word' id='word_1_14' title='bbox 187 342 288 372; x_wconf 88' lang='lat' dir='ltr'>stanti</span> <span class='ocrx_word' id='word_1_15' title='bbox 319 342 419 372; x_wconf 88' lang='lat' dir='ltr'>animi</span> <span class='ocrx_word' id='word_1_16' title='bbox 449 341 618 372; x_wconf 82' lang='lat' dir='ltr'>alacritate</span> <span class='ocrx_word' id='word_1_17' title='bbox 646 351 726 381; x_wconf 88' lang='lat' dir='ltr'>opus</span> <span class='ocrx_word' id='word_1_18' title='bbox 753 351 830 372; x_wconf 88' lang='lat' dir='ltr'>esse.</span> <span class='ocrx_word' id='word_1_19' title='bbox 877 340 942 373; x_wconf 86' lang='lat' dir='ltr'>Sed</span> <span class='ocrx_word' id='word_1_20' title='bbox 974 340 1034 371; x_wconf 88' lang='lat' dir='ltr'>hoc</span> <span class='ocrx_word' id='word_1_21' title='bbox 1065 339 1159 379; x_wconf 89' lang='lat' dir='ltr'>longe</span> 
     </span>
     <span class='ocr_line' id='line_1_4' title="bbox 187 382 1159 425; baseline -0.003 -10"><span class='ocrx_word' id='word_1_22' title='bbox 187 385 260 424; x_wconf 90' lang='lat' dir='ltr'>plus</span> <span class='ocrx_word' id='word_1_23' title='bbox 286 384 381 415; x_wconf 87' lang='lat' dir='ltr'>babet</span> <span class='ocrx_word' id='word_1_24' title='bbox 406 385 566 425; x_wconf 87' lang='lat' dir='ltr'>ponderis,</span> <span class='ocrx_word' id='word_1_25' title='bbox 589 394 687 424; x_wconf 88' lang='lat' dir='ltr'>quum</span> <span class='ocrx_word' id='word_1_26' title='bbox 713 384 875 424; x_wconf 85' lang='lat' dir='ltr'>admonet,</span> <span class='ocrx_word' id='word_1_27' title='bbox 899 390 1006 423; x_wconf 83' lang='lat' dir='ltr'>patres</span> <span class='ocrx_word' id='word_1_28' title='bbox 1030 382 1159 412; x_wconf 89' lang='lat' dir='ltr'>nonnisi</span> 
     </span>
     <span class='ocr_line' id='line_1_5' title="bbox 186 426 1159 467; baseline -0.002 -10"><span class='ocrx_word' id='word_1_29' title='bbox 186 428 309 458; x_wconf 83' lang='lat' dir='ltr'>invicta</span> <span class='ocrx_word' id='word_1_30' title='bbox 332 427 406 458; x_wconf 83' lang='lat' dir='ltr'>fidei</span> <span class='ocrx_word' id='word_1_31' title='bbox 432 427 616 458; x_wconf 85' lang='lat' dir='ltr'>fortitudine</span> <span class='ocrx_word' id='word_1_32' title='bbox 637 433 800 466; x_wconf 82' lang='lat' dir='ltr'>compotes</span> <span class='ocrx_word' id='word_1_33' title='bbox 822 426 1072 467; x_wconf 75' lang='lat' dir='ltr'>promissionum</span> <span class='ocrx_word' id='word_1_34' title='bbox 1090 435 1159 455; x_wconf 89' lang='lat' dir='ltr'>esse</span> 
     </span>
     <span class='ocr_line' id='line_1_6' title="bbox 187 467 1158 510; baseline -0.004 -9"><span class='ocrx_word' id='word_1_35' title='bbox 187 470 296 501; x_wconf 82' lang='lat' dir='ltr'>factos.</span> <span class='ocrx_word' id='word_1_36' title='bbox 343 470 426 501; x_wconf 91' lang='lat' dir='ltr'>Nam</span> <span class='ocrx_word' id='word_1_37' title='bbox 451 470 599 510; x_wconf 83' lang='lat' dir='ltr'>exempla</span> <span class='ocrx_word' id='word_1_38' title='bbox 619 480 685 500; x_wconf 91' lang='lat' dir='ltr'>rem</span> <span class='ocrx_word' id='word_1_39' title='bbox 711 470 801 500; x_wconf 88' lang='lat' dir='ltr'>nobis</span> <span class='ocrx_word' id='word_1_40' title='bbox 824 469 938 500; x_wconf 87' lang='lat' dir='ltr'>melius</span> <span class='ocrx_word' id='word_1_41' title='bbox 961 467 1158 507; x_wconf 86' lang='lat' dir='ltr'>exprimunt.</span> 
     </span>
     <span class='ocr_line' id='line_1_7' title="bbox 187 511 1157 552; baseline -0.004 -8"><span class='ocrx_word' id='word_1_42' title='bbox 187 512 224 544; x_wconf 78' lang='lat' dir='ltr'>Si</span> <span class='ocrx_word' id='word_1_43' title='bbox 258 512 345 543; x_wconf 88' lang='lat' dir='ltr'>nuda</span> <span class='ocrx_word' id='word_1_44' title='bbox 379 513 525 543; x_wconf 86' lang='lat' dir='ltr'>doctrina</span> <span class='ocrx_word' id='word_1_45' title='bbox 555 518 799 552; x_wconf 82' lang='lat' dir='ltr'>proponeretur,</span> <span class='ocrx_word' id='word_1_46' title='bbox 833 522 898 542; x_wconf 92' lang='lat' dir='ltr'>non</span> <span class='ocrx_word' id='word_1_47' title='bbox 929 511 972 541; x_wconf 87' lang='lat' dir='ltr'>ita</span> <span class='ocrx_word' id='word_1_48' title='bbox 1006 511 1157 546; x_wconf 87' lang='lat' dir='ltr'>afficeret,</span> 
     </span>
     <span class='ocr_line' id='line_1_8' title="bbox 186 552 1159 595; baseline -0.004 -9"><span class='ocrx_word' id='word_1_49' title='bbox 186 555 459 595; x_wconf 84' lang='lat' dir='ltr'>quemadmodum</span> <span class='ocrx_word' id='word_1_50' title='bbox 493 555 546 586; x_wconf 91' lang='lat' dir='ltr'>ubi</span> <span class='ocrx_word' id='word_1_51' title='bbox 581 555 744 587; x_wconf 89' lang='lat' dir='ltr'>cernimus</span> <span class='ocrx_word' id='word_1_52' title='bbox 777 555 811 584; x_wconf 90' lang='lat' dir='ltr'>in</span> <span class='ocrx_word' id='word_1_53' title='bbox 847 564 983 593; x_wconf 89' lang='lat' dir='ltr'>persona</span> <span class='ocrx_word' id='word_1_54' title='bbox 1006 552 1159 584; x_wconf 88' lang='lat' dir='ltr'>Abrahae</span> 
     </span>
     <span class='ocr_line' id='line_1_9' title="bbox 186 595 1158 637; baseline -0.004 -9"><span class='ocrx_word' id='word_1_55' title='bbox 186 599 356 637; x_wconf 90' lang='lat' dir='ltr'>impletum</span> <span class='ocrx_word' id='word_1_56' title='bbox 380 598 465 637; x_wconf 85' lang='lat' dir='ltr'>quod</span> <span class='ocrx_word' id='word_1_57' title='bbox 490 609 508 628; x_wconf 87' lang='lat' dir='ltr'>a</span> <span class='ocrx_word' id='word_1_58' title='bbox 533 598 622 628; x_wconf 90' lang='lat' dir='ltr'>nobis</span> <span class='ocrx_word' id='word_1_59' title='bbox 650 597 802 636; x_wconf 80' lang='lat' dir='ltr'>exigitur.</span> <span class='ocrx_word' id='word_1_60' title='bbox 848 596 950 626; x_wconf 87' lang='lat' dir='ltr'>Porro</span> <span class='ocrx_word' id='word_1_61' title='bbox 974 595 1158 635; x_wconf 87' lang='lat' dir='ltr'>exemplum</span> 
     </span>
     <span class='ocr_line' id='line_1_10' title="bbox 186 637 1160 680; baseline -0.005 -8"><span class='ocrx_word' id='word_1_62' title='bbox 186 641 339 672; x_wconf 88' lang='lat' dir='ltr'>Abrahae</span> <span class='ocrx_word' id='word_1_63' title='bbox 369 640 554 672; x_wconf 78' lang='lat' dir='ltr'>adducitur:</span> <span class='ocrx_word' id='word_1_64' title='bbox 584 650 645 670; x_wconf 91' lang='lat' dir='ltr'>non</span> <span class='ocrx_word' id='word_1_65' title='bbox 669 640 745 680; x_wconf 91' lang='lat' dir='ltr'>quia</span> <span class='ocrx_word' id='word_1_66' title='bbox 769 639 899 669; x_wconf 90' lang='lat' dir='ltr'>unicum</span> <span class='ocrx_word' id='word_1_67' title='bbox 925 638 975 675; x_wconf 88' lang='lat' dir='ltr'>sit,</span> <span class='ocrx_word' id='word_1_68' title='bbox 1004 637 1060 668; x_wconf 88' lang='lat' dir='ltr'>sed</span> <span class='ocrx_word' id='word_1_69' title='bbox 1086 638 1160 676; x_wconf 88' lang='lat' dir='ltr'>quia</span> 
     </span>
     <span class='ocr_line' id='line_1_11' title="bbox 185 679 1159 723; baseline -0.005 -9"><span class='ocrx_word' id='word_1_70' title='bbox 185 694 263 723; x_wconf 87' lang='lat' dir='ltr'>prae</span> <span class='ocrx_word' id='word_1_71' title='bbox 287 684 357 714; x_wconf 89' lang='lat' dir='ltr'>aliis</span> <span class='ocrx_word' id='word_1_72' title='bbox 380 684 516 714; x_wconf 80' lang='lat' dir='ltr'>illustre.</span> <span class='ocrx_word' id='word_1_73' title='bbox 550 682 673 713; x_wconf 85' lang='lat' dir='ltr'>Habuit</span> <span class='ocrx_word' id='word_1_74' title='bbox 696 682 782 711; x_wconf 91' lang='lat' dir='ltr'>enim</span> <span class='ocrx_word' id='word_1_75' title='bbox 804 680 968 711; x_wconf 87' lang='lat' dir='ltr'>Abraham</span> <span class='ocrx_word' id='word_1_76' title='bbox 994 679 1053 711; x_wconf 91' lang='lat' dir='ltr'>hoc</span> <span class='ocrx_word' id='word_1_77' title='bbox 1076 690 1159 711; x_wconf 92' lang='lat' dir='ltr'>com-</span> 
     </span>
     <span class='ocr_line' id='line_1_12' title="bbox 186 722 1159 764; baseline -0.005 -7"><span class='ocrx_word' id='word_1_78' title='bbox 186 737 284 757; x_wconf 90' lang='lat' dir='ltr'>mune</span> <span class='ocrx_word' id='word_1_79' title='bbox 307 736 379 757; x_wconf 91' lang='lat' dir='ltr'>cnm</span> <span class='ocrx_word' id='word_1_80' title='bbox 404 726 552 756; x_wconf 86' lang='lat' dir='ltr'>omnibus</span> <span class='ocrx_word' id='word_1_81' title='bbox 576 725 652 764; x_wconf 89' lang='lat' dir='ltr'>piis:</span> <span class='ocrx_word' id='word_1_82' title='bbox 682 723 737 754; x_wconf 90' lang='lat' dir='ltr'>sed</span> <span class='ocrx_word' id='word_1_83' title='bbox 763 733 826 753; x_wconf 90' lang='lat' dir='ltr'>non</span> <span class='ocrx_word' id='word_1_84' title='bbox 850 723 1012 753; x_wconf 90' lang='lat' dir='ltr'>immerito</span> <span class='ocrx_word' id='word_1_85' title='bbox 1041 722 1159 753; x_wconf 89' lang='lat' dir='ltr'>consti—</span> 
     </span>
     <span class='ocr_line' id='line_1_13' title="bbox 186 765 1160 807; baseline -0.004 -8"><span class='ocrx_word' id='word_1_86' title='bbox 186 774 277 800; x_wconf 88' lang='lat' dir='ltr'>tutus</span> <span class='ocrx_word' id='word_1_87' title='bbox 299 769 358 799; x_wconf 85' lang='lat' dir='ltr'>fuit</span> <span class='ocrx_word' id='word_1_88' title='bbox 382 774 471 807; x_wconf 80' lang='lat' dir='ltr'>pater</span> <span class='ocrx_word' id='word_1_89' title='bbox 495 766 646 798; x_wconf 87' lang='lat' dir='ltr'>fidelium.</span> <span class='ocrx_word' id='word_1_90' title='bbox 693 765 802 803; x_wconf 83' lang='lat' dir='ltr'>Quare</span> <span class='ocrx_word' id='word_1_91' title='bbox 830 775 893 796; x_wconf 89' lang='lat' dir='ltr'>non</span> <span class='ocrx_word' id='word_1_92' title='bbox 919 765 1037 796; x_wconf 90' lang='lat' dir='ltr'>mirum</span> <span class='ocrx_word' id='word_1_93' title='bbox 1061 770 1111 796; x_wconf 87' lang='lat' dir='ltr'>est</span> <span class='ocrx_word' id='word_1_94' title='bbox 1133 765 1160 795; x_wconf 88' lang='lat' dir='ltr'>si</span> 
     </span>
     <span class='ocr_line' id='line_1_14' title="bbox 186 807 1160 850; baseline -0.005 -8"><span class='ocrx_word' id='word_1_95' title='bbox 186 821 259 843; x_wconf 91' lang='lat' dir='ltr'>eum</span> <span class='ocrx_word' id='word_1_96' title='bbox 293 810 498 850; x_wconf 77' lang='lat' dir='ltr'>peculiariter</span> <span class='ocrx_word' id='word_1_97' title='bbox 528 808 692 848; x_wconf 86' lang='lat' dir='ltr'>apostolus</span> <span class='ocrx_word' id='word_1_98' title='bbox 725 808 845 848; x_wconf 84' lang='lat' dir='ltr'>deligat</span> <span class='ocrx_word' id='word_1_99' title='bbox 877 818 917 838; x_wconf 88' lang='lat' dir='ltr'>ex</span> <span class='ocrx_word' id='word_1_100' title='bbox 945 807 1096 838; x_wconf 89' lang='lat' dir='ltr'>omnibus</span> <span class='ocrx_word' id='word_1_101' title='bbox 1126 807 1160 838; x_wconf 90' lang='lat' dir='ltr'>in</span> 
     </span>
     <span class='ocr_line' id='line_1_15' title="bbox 185 850 1161 894; baseline -0.004 -10"><span class='ocrx_word' id='word_1_102' title='bbox 185 863 277 894; x_wconf 91' lang='lat' dir='ltr'>quem</span> <span class='ocrx_word' id='word_1_103' title='bbox 307 852 465 883; x_wconf 86' lang='lat' dir='ltr'>lectorum</span> <span class='ocrx_word' id='word_1_104' title='bbox 490 852 598 882; x_wconf 90' lang='lat' dir='ltr'>oculos</span> <span class='ocrx_word' id='word_1_105' title='bbox 625 857 805 890; x_wconf 88' lang='lat' dir='ltr'>convertat,</span> <span class='ocrx_word' id='word_1_106' title='bbox 836 850 889 881; x_wconf 90' lang='lat' dir='ltr'>ubi</span> <span class='ocrx_word' id='word_1_107' title='bbox 914 850 952 881; x_wconf 93' lang='lat' dir='ltr'>de</span> <span class='ocrx_word' id='word_1_108' title='bbox 983 850 1161 882; x_wconf 85' lang='lat' dir='ltr'>clarissimo</span> 
     </span>
     <span class='ocr_line' id='line_1_16' title="bbox 183 893 1162 935; baseline -0.004 -8"><span class='ocrx_word' id='word_1_109' title='bbox 183 897 257 928; x_wconf 91' lang='lat' dir='ltr'>fidei</span> <span class='ocrx_word' id='word_1_110' title='bbox 292 894 422 935; x_wconf 87' lang='lat' dir='ltr'>speculo</span> <span class='ocrx_word' id='word_1_111' title='bbox 456 896 571 934; x_wconf 87' lang='lat' dir='ltr'>agitur.</span> <span class='ocrx_word' id='word_1_112' title='bbox 622 893 748 924; x_wconf 77' lang='lat' dir='ltr'>Fides</span> <span class='ocrx_word' id='word_1_113' title='bbox 782 899 822 924; x_wconf 87' lang='lat' dir='ltr'>et</span> <span class='ocrx_word' id='word_1_114' title='bbox 856 893 1069 933; x_wconf 83' lang='lat' dir='ltr'>patientia</span> <span class='ocrx_word' id='word_1_115' title='bbox 1105 903 1162 932; x_wconf 84' lang='lat' dir='ltr'>per</span> 
     </span>
     <span class='ocr_line' id='line_1_17' title="bbox 182 936 1160 980; baseline -0.003 -11"><span class='ocrx_word' id='word_1_116' title='bbox 182 937 387 980; x_wconf 80' lang='lat' dir='ltr'>hypallagen,</span> <span class='ocrx_word' id='word_1_117' title='bbox 422 947 481 977; x_wconf 87' lang='lat' dir='ltr'>pro</span> <span class='ocrx_word' id='word_1_118' title='bbox 508 937 571 968; x_wconf 88' lang='lat' dir='ltr'>fide</span> <span class='ocrx_word' id='word_1_119' title='bbox 600 937 771 973; x_wconf 78' lang='lat' dir='ltr'>constanti,</span> <span class='ocrx_word' id='word_1_120' title='bbox 805 941 838 967; x_wconf 88' lang='lat' dir='ltr'>et</span> <span class='ocrx_word' id='word_1_121' title='bbox 867 947 948 976; x_wconf 89' lang='lat' dir='ltr'>quae</span> <span class='ocrx_word' id='word_1_122' title='bbox 974 936 1160 976; x_wconf 83' lang='lat' dir='ltr'>patientiam</span> 
     </span>
     <span class='ocr_line' id='line_1_18' title="bbox 180 979 1160 1019; baseline -0.004 -6"><span class='ocrx_word' id='word_1_123' title='bbox 180 982 330 1013; x_wconf 85' lang='lat' dir='ltr'>comitem</span> <span class='ocrx_word' id='word_1_124' title='bbox 347 990 454 1012; x_wconf 82' lang='lat' dir='ltr'>secum</span> <span class='ocrx_word' id='word_1_125' title='bbox 473 979 578 1010; x_wconf 90' lang='lat' dir='ltr'>habet.</span> <span class='ocrx_word' id='word_1_126' title='bbox 614 979 696 1010; x_wconf 90' lang='lat' dir='ltr'>Nam</span> <span class='ocrx_word' id='word_1_127' title='bbox 715 980 793 1010; x_wconf 87' lang='lat' dir='ltr'>fides</span> <span class='ocrx_word' id='word_1_128' title='bbox 811 979 952 1019; x_wconf 88' lang='lat' dir='ltr'>primum</span> <span class='ocrx_word' id='word_1_129' title='bbox 970 980 1160 1019; x_wconf 83' lang='lat' dir='ltr'>requiritur:</span> 
     </span>
     <span class='ocr_line' id='line_1_19' title="bbox 181 1022 1162 1063; baseline -0.002 -9"><span class='ocrx_word' id='word_1_130' title='bbox 181 1023 238 1054; x_wconf 88' lang='lat' dir='ltr'>sed</span> <span class='ocrx_word' id='word_1_131' title='bbox 260 1023 336 1063; x_wconf 89' lang='lat' dir='ltr'>quia</span> <span class='ocrx_word' id='word_1_132' title='bbox 365 1023 459 1054; x_wconf 82' lang='lat' dir='ltr'>multi</span> <span class='ocrx_word' id='word_1_133' title='bbox 487 1023 541 1062; x_wconf 91' lang='lat' dir='ltr'>qui</span> <span class='ocrx_word' id='word_1_134' title='bbox 573 1022 669 1053; x_wconf 91' lang='lat' dir='ltr'>fidem</span> <span class='ocrx_word' id='word_1_135' title='bbox 701 1022 794 1053; x_wconf 87' lang='lat' dir='ltr'>initio</span> <span class='ocrx_word' id='word_1_136' title='bbox 823 1022 990 1053; x_wconf 88' lang='lat' dir='ltr'>mirificam</span> <span class='ocrx_word' id='word_1_137' title='bbox 1023 1032 1100 1062; x_wconf 88' lang='lat' dir='ltr'>prae</span> <span class='ocrx_word' id='word_1_138' title='bbox 1127 1032 1162 1053; x_wconf 85' lang='lat' dir='ltr'>se</span> 
     </span>
     <span class='ocr_line' id='line_1_20' title="bbox 182 1064 1162 1106; baseline -0.002 -9"><span class='ocrx_word' id='word_1_139' title='bbox 182 1068 337 1106; x_wconf 87' lang='lat' dir='ltr'>tulerant,</span> <span class='ocrx_word' id='word_1_140' title='bbox 368 1076 445 1096; x_wconf 89' lang='lat' dir='ltr'>mox</span> <span class='ocrx_word' id='word_1_141' title='bbox 474 1066 636 1101; x_wconf 83' lang='lat' dir='ltr'>fatiscunt,</span> <span class='ocrx_word' id='word_1_142' title='bbox 667 1075 743 1096; x_wconf 88' lang='lat' dir='ltr'>vera</span> <span class='ocrx_word' id='word_1_143' title='bbox 773 1064 847 1096; x_wconf 88' lang='lat' dir='ltr'>fidei</span> <span class='ocrx_word' id='word_1_144' title='bbox 885 1076 947 1096; x_wconf 90' lang='lat' dir='ltr'>non</span> <span class='ocrx_word' id='word_1_145' title='bbox 972 1065 1080 1096; x_wconf 90' lang='lat' dir='ltr'>fluxae</span> <span class='ocrx_word' id='word_1_146' title='bbox 1103 1075 1162 1096; x_wconf 89' lang='lat' dir='ltr'>nee</span> 
     </span>
     <span class='ocr_line' id='line_1_21' title="bbox 181 1107 1160 1148; baseline -0.002 -8"><span class='ocrx_word' id='word_1_147' title='bbox 181 1109 339 1140; x_wconf 88' lang='lat' dir='ltr'>evanidae</span> <span class='ocrx_word' id='word_1_148' title='bbox 361 1108 505 1148; x_wconf 79' lang='lat' dir='ltr'>probatio</span> <span class='ocrx_word' id='word_1_149' title='bbox 532 1115 581 1139; x_wconf 86' lang='lat' dir='ltr'>est</span> <span class='ocrx_word' id='word_1_150' title='bbox 609 1108 791 1139; x_wconf 73' lang='lat' dir='ltr'>tolerantia.</span> <span class='ocrx_word' id='word_1_151' title='bbox 836 1107 947 1147; x_wconf 80' lang='lat' dir='ltr'>Quum</span> <span class='ocrx_word' id='word_1_152' title='bbox 979 1107 1062 1138; x_wconf 86' lang='lat' dir='ltr'>fide</span> <span class='ocrx_word' id='word_1_153' title='bbox 1092 1108 1160 1138; x_wconf 87' lang='lat' dir='ltr'>ob-</span> 
     </span>
     <span class='ocr_line' id='line_1_22' title="bbox 181 1150 1160 1191; baseline -0.002 -8"><span class='ocrx_word' id='word_1_154' title='bbox 181 1152 312 1183; x_wconf 91' lang='lat' dir='ltr'>tineri</span> <span class='ocrx_word' id='word_1_155' title='bbox 336 1151 411 1182; x_wconf 88' lang='lat' dir='ltr'>dicit</span> <span class='ocrx_word' id='word_1_156' title='bbox 435 1151 752 1191; x_wconf 88' lang='lat' dir='ltr'>promissiones,</span> <span class='ocrx_word' id='word_1_157' title='bbox 781 1150 865 1181; x_wconf 89' lang='lat' dir='ltr'>tollit</span> <span class='ocrx_word' id='word_1_158' title='bbox 887 1150 1069 1191; x_wconf 89' lang='lat' dir='ltr'>opinionem</span> <span class='ocrx_word' id='word_1_159' title='bbox 1095 1161 1160 1181; x_wconf 92' lang='lat' dir='ltr'>me-</span> 
     </span>
     <span class='ocr_line' id='line_1_23' title="bbox 183 1192 1160 1234; baseline -0.001 -9"><span class='ocrx_word' id='word_1_160' title='bbox 183 1195 337 1226; x_wconf 87' lang='lat' dir='ltr'>ritorum:</span> <span class='ocrx_word' id='word_1_161' title='bbox 364 1195 419 1225; x_wconf 89' lang='lat' dir='ltr'>sed</span> <span class='ocrx_word' id='word_1_162' title='bbox 445 1194 546 1224; x_wconf 89' lang='lat' dir='ltr'>multo</span> <span class='ocrx_word' id='word_1_163' title='bbox 570 1194 601 1224; x_wconf 91' lang='lat' dir='ltr'>id</span> <span class='ocrx_word' id='word_1_164' title='bbox 625 1194 745 1225; x_wconf 83' lang='lat' dir='ltr'>clarius</span> <span class='ocrx_word' id='word_1_165' title='bbox 769 1204 869 1234; x_wconf 91' lang='lat' dir='ltr'>quum</span> <span class='ocrx_word' id='word_1_166' title='bbox 893 1194 982 1234; x_wconf 88' lang='lat' dir='ltr'>dicit,</span> <span class='ocrx_word' id='word_1_167' title='bbox 1012 1192 1160 1224; x_wconf 88' lang='lat' dir='ltr'>haeredi-</span> 
     </span>
     <span class='ocr_line' id='line_1_24' title="bbox 181 1236 1161 1277; baseline -0.001 -9"><span class='ocrx_word' id='word_1_168' title='bbox 181 1242 249 1268; x_wconf 89' lang='lat' dir='ltr'>tate</span> <span class='ocrx_word' id='word_1_169' title='bbox 278 1237 443 1268; x_wconf 84' lang='lat' dir='ltr'>obvenire.</span> <span class='ocrx_word' id='word_1_170' title='bbox 500 1236 612 1277; x_wconf 91' lang='lat' dir='ltr'>Neque</span> <span class='ocrx_word' id='word_1_171' title='bbox 640 1237 726 1268; x_wconf 91' lang='lat' dir='ltr'>enim</span> <span class='ocrx_word' id='word_1_172' title='bbox 757 1237 821 1268; x_wconf 88' lang='lat' dir='ltr'>alio</span> <span class='ocrx_word' id='word_1_173' title='bbox 851 1247 945 1277; x_wconf 88' lang='lat' dir='ltr'>quam</span> <span class='ocrx_word' id='word_1_174' title='bbox 980 1236 1161 1276; x_wconf 87' lang='lat' dir='ltr'>adoptionis</span> 
     </span>
     <span class='ocr_line' id='line_1_25' title="bbox 181 1279 575 1312; baseline -0.003 0"><span class='ocrx_word' id='word_1_175' title='bbox 181 1281 251 1312; x_wconf 90' lang='lat' dir='ltr'>iure</span> <span class='ocrx_word' id='word_1_176' title='bbox 274 1279 429 1310; x_wconf 65' lang='lat' dir='ltr'>haeredes</span> <span class='ocrx_word' id='word_1_177' title='bbox 452 1289 575 1311; x_wconf 88' lang='lat' dir='ltr'>sumus.</span> 
     </span>
    </p>

    <p class='ocr_par' dir='ltr' id='par_1_3' title="bbox 179 1321 1162 2552">
     <span class='ocr_line' id='line_1_26' title="bbox 268 1321 1162 1363; baseline -0.001 -9"><span class='ocrx_word' id='word_1_178' title='bbox 268 1322 318 1354; x_wconf 87' lang='lat'>13.</span> <span class='ocrx_word' id='word_1_179' title='bbox 341 1321 489 1353; x_wconf 78' lang='lat' dir='ltr'>Abrahae</span> <span class='ocrx_word' id='word_1_180' title='bbox 511 1323 600 1354; x_wconf 86' lang='lat' dir='ltr'>enim.</span> <span class='ocrx_word' id='word_1_181' title='bbox 648 1322 728 1353; x_wconf 83' lang='lat' dir='ltr'>Vult</span> <span class='ocrx_word' id='word_1_182' title='bbox 752 1323 900 1363; x_wconf 85' lang='lat' dir='ltr'>probare,</span> <span class='ocrx_word' id='word_1_183' title='bbox 924 1323 1046 1354; x_wconf 85' lang='lat' dir='ltr'>frustra</span> <span class='ocrx_word' id='word_1_184' title='bbox 1069 1322 1162 1354; x_wconf 88' lang='lat' dir='ltr'>nobis</span> 
     </span>
     <span class='ocr_line' id='line_1_27' title="bbox 180 1365 1160 1406; baseline -0.001 -9"><span class='ocrx_word' id='word_1_185' title='bbox 180 1365 289 1397; x_wconf 86' lang='lat' dir='ltr'>offerri</span> <span class='ocrx_word' id='word_1_186' title='bbox 309 1366 367 1396; x_wconf 91' lang='lat' dir='ltr'>Dei</span> <span class='ocrx_word' id='word_1_187' title='bbox 388 1367 537 1406; x_wconf 78' lang='lat' dir='ltr'>gratiam,</span> <span class='ocrx_word' id='word_1_188' title='bbox 562 1366 623 1396; x_wconf 91' lang='lat' dir='ltr'>nisi</span> <span class='ocrx_word' id='word_1_189' title='bbox 648 1365 710 1396; x_wconf 90' lang='lat' dir='ltr'>fide</span> <span class='ocrx_word' id='word_1_190' title='bbox 734 1366 876 1405; x_wconf 80' lang='lat' dir='ltr'>amplexi</span> <span class='ocrx_word' id='word_1_191' title='bbox 900 1365 1160 1405; x_wconf 79' lang='lat' dir='ltr'>promissionem,</span> 
     </span>
     <span class='ocr_line' id='line_1_28' title="bbox 180 1408 1159 1449; baseline -0.001 -10"><span class='ocrx_word' id='word_1_192' title='bbox 180 1410 342 1449; x_wconf 84' lang='lat' dir='ltr'>patienter</span> <span class='ocrx_word' id='word_1_193' title='bbox 364 1419 432 1439; x_wconf 85' lang='lat' dir='ltr'>eam</span> <span class='ocrx_word' id='word_1_194' title='bbox 458 1409 624 1440; x_wconf 85' lang='lat' dir='ltr'>foveamus</span> <span class='ocrx_word' id='word_1_195' title='bbox 646 1409 680 1439; x_wconf 87' lang='lat' dir='ltr'>in</span> <span class='ocrx_word' id='word_1_196' title='bbox 704 1409 809 1440; x_wconf 89' lang='lat' dir='ltr'>cordis</span> <span class='ocrx_word' id='word_1_197' title='bbox 833 1408 935 1440; x_wconf 90' lang='lat' dir='ltr'>nostri</span> <span class='ocrx_word' id='word_1_198' title='bbox 958 1409 1042 1440; x_wconf 88' lang='lat' dir='ltr'>sinu.</span> <span class='ocrx_word' id='word_1_199' title='bbox 1079 1408 1159 1440; x_wconf 90' lang='lat' dir='ltr'>Pro-</span> 
     </span>
     <span class='ocr_line' id='line_1_29' title="bbox 181 1451 1159 1492; baseline -0.001 -9"><span class='ocrx_word' id='word_1_200' title='bbox 181 1451 235 1483; x_wconf 86' lang='lat' dir='ltr'>bat</span> <span class='ocrx_word' id='word_1_201' title='bbox 258 1458 366 1483; x_wconf 75' lang='lat' dir='ltr'>autem</span> <span class='ocrx_word' id='word_1_202' title='bbox 393 1452 452 1483; x_wconf 89' lang='lat' dir='ltr'>hoc</span> <span class='ocrx_word' id='word_1_203' title='bbox 474 1457 676 1492; x_wconf 84' lang='lat' dir='ltr'>argumento,</span> <span class='ocrx_word' id='word_1_204' title='bbox 701 1452 775 1491; x_wconf 86' lang='lat' dir='ltr'>quia</span> <span class='ocrx_word' id='word_1_205' title='bbox 798 1462 898 1492; x_wconf 91' lang='lat' dir='ltr'>quum</span> <span class='ocrx_word' id='word_1_206' title='bbox 918 1452 1006 1483; x_wconf 89' lang='lat' dir='ltr'>Deus</span> <span class='ocrx_word' id='word_1_207' title='bbox 1022 1452 1159 1482; x_wconf 87' lang='lat' dir='ltr'>immen-</span> 
     </span>
     <span class='ocr_line' id='line_1_30' title="bbox 180 1494 1161 1534; baseline 0 -9"><span class='ocrx_word' id='word_1_208' title='bbox 180 1504 248 1526; x_wconf 87' lang='lat' dir='ltr'>sam</span> <span class='ocrx_word' id='word_1_209' title='bbox 277 1494 425 1525; x_wconf 84' lang='lat' dir='ltr'>Abrahae</span> <span class='ocrx_word' id='word_1_210' title='bbox 453 1494 595 1525; x_wconf 79' lang='lat' dir='ltr'>sobolem</span> <span class='ocrx_word' id='word_1_211' title='bbox 626 1494 787 1534; x_wconf 85' lang='lat' dir='ltr'>pollicitus</span> <span class='ocrx_word' id='word_1_212' title='bbox 816 1501 874 1532; x_wconf 88' lang='lat' dir='ltr'>est,</span> <span class='ocrx_word' id='word_1_213' title='bbox 906 1494 1010 1526; x_wconf 84' lang='lat' dir='ltr'>videri</span> <span class='ocrx_word' id='word_1_214' title='bbox 1034 1499 1161 1534; x_wconf 83' lang='lat' dir='ltr'>poterat</span> 
     </span>
     <span class='ocr_line' id='line_1_31' title="bbox 180 1536 1158 1569; baseline -0.001 0"><span class='ocrx_word' id='word_1_215' title='bbox 180 1548 233 1569; x_wconf 84' lang='lat' dir='ltr'>res</span> <span class='ocrx_word' id='word_1_216' title='bbox 256 1536 461 1569; x_wconf 89' lang='lat' dir='ltr'>incredibilis.</span> <span class='ocrx_word' id='word_1_217' title='bbox 509 1536 591 1569; x_wconf 80' lang='lat' dir='ltr'>Sara</span> <span class='ocrx_word' id='word_1_218' title='bbox 615 1543 680 1568; x_wconf 94' lang='lat' dir='ltr'>toto</span> <span class='ocrx_word' id='word_1_219' title='bbox 711 1539 797 1569; x_wconf 87' lang='lat' dir='ltr'>vitae</span> <span class='ocrx_word' id='word_1_220' title='bbox 826 1548 903 1568; x_wconf 91' lang='lat' dir='ltr'>suae</span> <span class='ocrx_word' id='word_1_221' title='bbox 927 1537 1064 1569; x_wconf 85' lang='lat' dir='ltr'>decursu</span> <span class='ocrx_word' id='word_1_222' title='bbox 1095 1543 1158 1568; x_wconf 90' lang='lat' dir='ltr'>ste-</span> 
     </span>
     <span class='ocr_line' id='line_1_32' title="bbox 180 1580 1159 1621; baseline 0 -10"><span class='ocrx_word' id='word_1_223' title='bbox 180 1580 250 1612; x_wconf 85' lang='lat' dir='ltr'>rilis</span> <span class='ocrx_word' id='word_1_224' title='bbox 273 1581 394 1611; x_wconf 81' lang='lat' dir='ltr'>fuerat:</span> <span class='ocrx_word' id='word_1_225' title='bbox 426 1580 521 1611; x_wconf 87' lang='lat' dir='ltr'>ambo</span> <span class='ocrx_word' id='word_1_226' title='bbox 544 1580 584 1611; x_wconf 91' lang='lat' dir='ltr'>ad</span> <span class='ocrx_word' id='word_1_227' title='bbox 608 1580 756 1611; x_wconf 87' lang='lat' dir='ltr'>effoetam</span> <span class='ocrx_word' id='word_1_228' title='bbox 780 1587 979 1612; x_wconf 87' lang='lat' dir='ltr'>senectutem</span> <span class='ocrx_word' id='word_1_229' title='bbox 1004 1590 1159 1621; x_wconf 90' lang='lat' dir='ltr'>pervene-</span> 
     </span>
     <span class='ocr_line' id='line_1_33' title="bbox 181 1623 1158 1664; baseline 0 -10"><span class='ocrx_word' id='word_1_230' title='bbox 181 1628 276 1654; x_wconf 84' lang='lat' dir='ltr'>rant:</span> <span class='ocrx_word' id='word_1_231' title='bbox 313 1633 412 1663; x_wconf 92' lang='lat' dir='ltr'>quum</span> <span class='ocrx_word' id='word_1_232' title='bbox 449 1623 596 1663; x_wconf 84' lang='lat' dir='ltr'>sepulcro</span> <span class='ocrx_word' id='word_1_233' title='bbox 627 1623 694 1654; x_wconf 84' lang='lat' dir='ltr'>fere</span> <span class='ocrx_word' id='word_1_234' title='bbox 724 1624 894 1664; x_wconf 89' lang='lat' dir='ltr'>propiores</span> <span class='ocrx_word' id='word_1_235' title='bbox 924 1629 1033 1655; x_wconf 86' lang='lat' dir='ltr'>essent</span> <span class='ocrx_word' id='word_1_236' title='bbox 1062 1633 1158 1663; x_wconf 89' lang='lat' dir='ltr'>quam</span> 
     </span>
     <span class='ocr_line' id='line_1_34' title="bbox 181 1665 1160 1707; baseline 0 -10"><span class='ocrx_word' id='word_1_237' title='bbox 181 1667 277 1698; x_wconf 88' lang='lat' dir='ltr'>thoro</span> <span class='ocrx_word' id='word_1_238' title='bbox 299 1666 472 1707; x_wconf 86' lang='lat' dir='ltr'>coniugali,</span> <span class='ocrx_word' id='word_1_239' title='bbox 505 1665 614 1697; x_wconf 87' lang='lat' dir='ltr'>nullus</span> <span class='ocrx_word' id='word_1_240' title='bbox 636 1672 720 1697; x_wconf 87' lang='lat' dir='ltr'>esset</span> <span class='ocrx_word' id='word_1_241' title='bbox 744 1666 784 1697; x_wconf 90' lang='lat' dir='ltr'>ad</span> <span class='ocrx_word' id='word_1_242' title='bbox 807 1666 1031 1707; x_wconf 86' lang='lat' dir='ltr'>generandum</span> <span class='ocrx_word' id='word_1_243' title='bbox 1055 1667 1160 1707; x_wconf 87' lang='lat' dir='ltr'>vigor,</span> 
     </span>
     <span class='ocr_line' id='line_1_35' title="bbox 181 1708 1160 1750; baseline 0 -10"><span class='ocrx_word' id='word_1_244' title='bbox 181 1708 283 1742; x_wconf 86' lang='lat' dir='ltr'>Sarae</span> <span class='ocrx_word' id='word_1_245' title='bbox 306 1709 413 1746; x_wconf 87' lang='lat' dir='ltr'>vulva,</span> <span class='ocrx_word' id='word_1_246' title='bbox 438 1719 520 1750; x_wconf 89' lang='lat' dir='ltr'>quae</span> <span class='ocrx_word' id='word_1_247' title='bbox 543 1714 658 1750; x_wconf 88' lang='lat' dir='ltr'>vegeta</span> <span class='ocrx_word' id='word_1_248' title='bbox 681 1715 786 1740; x_wconf 88' lang='lat' dir='ltr'>aetate</span> <span class='ocrx_word' id='word_1_249' title='bbox 808 1710 930 1741; x_wconf 87' lang='lat' dir='ltr'>sterilis</span> <span class='ocrx_word' id='word_1_250' title='bbox 953 1709 1070 1750; x_wconf 84' lang='lat' dir='ltr'>fuerat,</span> <span class='ocrx_word' id='word_1_251' title='bbox 1095 1711 1160 1740; x_wconf 91' lang='lat' dir='ltr'>iam</span> 
     </span>
     <span class='ocr_line' id='line_1_36' title="bbox 179 1752 1159 1793; baseline -0.001 -9"><span class='ocrx_word' id='word_1_252' title='bbox 179 1758 265 1784; x_wconf 87' lang='lat' dir='ltr'>esset</span> <span class='ocrx_word' id='word_1_253' title='bbox 287 1760 450 1784; x_wconf 84' lang='lat' dir='ltr'>emortua:</span> <span class='ocrx_word' id='word_1_254' title='bbox 481 1752 553 1792; x_wconf 92' lang='lat' dir='ltr'>quis</span> <span class='ocrx_word' id='word_1_255' title='bbox 576 1752 723 1784; x_wconf 87' lang='lat' dir='ltr'>crederet</span> <span class='ocrx_word' id='word_1_256' title='bbox 745 1758 876 1792; x_wconf 87' lang='lat' dir='ltr'>gentem</span> <span class='ocrx_word' id='word_1_257' title='bbox 901 1763 940 1784; x_wconf 89' lang='lat' dir='ltr'>ex</span> <span class='ocrx_word' id='word_1_258' title='bbox 964 1752 1029 1784; x_wconf 86' lang='lat' dir='ltr'>illis</span> <span class='ocrx_word' id='word_1_259' title='bbox 1052 1752 1159 1793; x_wconf 90' lang='lat' dir='ltr'>prodi·</span> 
     </span>
     <span class='ocr_line' id='line_1_37' title="bbox 179 1796 1160 1836; baseline 0.001 -11"><span class='ocrx_word' id='word_1_260' title='bbox 179 1797 289 1826; x_wconf 82' lang='lat' dir='ltr'>turam</span> <span class='ocrx_word' id='word_1_261' title='bbox 319 1805 401 1835; x_wconf 87' lang='lat' dir='ltr'>quae</span> <span class='ocrx_word' id='word_1_262' title='bbox 433 1805 605 1826; x_wconf 87' lang='lat' dir='ltr'>numerum</span> <span class='ocrx_word' id='word_1_263' title='bbox 636 1796 804 1826; x_wconf 83' lang='lat' dir='ltr'>stellarum</span> <span class='ocrx_word' id='word_1_264' title='bbox 835 1800 1000 1836; x_wconf 88' lang='lat' dir='ltr'>aequaret,</span> <span class='ocrx_word' id='word_1_265' title='bbox 1034 1805 1071 1827; x_wconf 92' lang='lat' dir='ltr'>ac</span> <span class='ocrx_word' id='word_1_266' title='bbox 1101 1805 1160 1836; x_wconf 87' lang='lat' dir='ltr'>par</span> 
     </span>
     <span class='ocr_line' id='line_1_38' title="bbox 180 1837 1158 1870; baseline 0.002 -2"><span class='ocrx_word' id='word_1_267' title='bbox 180 1844 266 1869; x_wconf 88' lang='lat' dir='ltr'>esset</span> <span class='ocrx_word' id='word_1_268' title='bbox 289 1847 408 1868; x_wconf 80' lang='lat' dir='ltr'>arenae</span> <span class='ocrx_word' id='word_1_269' title='bbox 435 1838 558 1869; x_wconf 79' lang='lat' dir='ltr'>maris?</span> <span class='ocrx_word' id='word_1_270' title='bbox 602 1837 641 1869; x_wconf 91' lang='lat' dir='ltr'>Id</span> <span class='ocrx_word' id='word_1_271' title='bbox 674 1848 749 1869; x_wconf 89' lang='lat' dir='ltr'>vero</span> <span class='ocrx_word' id='word_1_272' title='bbox 772 1838 968 1870; x_wconf 79' lang='lat' dir='ltr'>abhorrebat</span> <span class='ocrx_word' id='word_1_273' title='bbox 999 1838 1039 1870; x_wconf 88' lang='lat' dir='ltr'>ab</span> <span class='ocrx_word' id='word_1_274' title='bbox 1070 1839 1158 1870; x_wconf 90' lang='lat' dir='ltr'>omni</span> 
     </span>
     <span class='ocr_line' id='line_1_39' title="bbox 180 1880 1159 1921; baseline 0.002 -10"><span class='ocrx_word' id='word_1_275' title='bbox 180 1881 314 1912; x_wconf 87' lang='lat' dir='ltr'>ratione.</span> <span class='ocrx_word' id='word_1_276' title='bbox 360 1880 525 1912; x_wconf 87' lang='lat' dir='ltr'>Abraham</span> <span class='ocrx_word' id='word_1_277' title='bbox 551 1880 764 1912; x_wconf 90' lang='lat' dir='ltr'>nihilominus</span> <span class='ocrx_word' id='word_1_278' title='bbox 787 1885 969 1921; x_wconf 81' lang='lat' dir='ltr'>exspectat:</span> <span class='ocrx_word' id='word_1_279' title='bbox 993 1891 1054 1913; x_wconf 90' lang='lat' dir='ltr'>nec</span> <span class='ocrx_word' id='word_1_280' title='bbox 1077 1882 1159 1913; x_wconf 82' lang='lat' dir='ltr'>frus-</span> 
     </span>
     <span class='ocr_line' id='line_1_40' title="bbox 180 1924 1159 1965; baseline 0.001 -10"><span class='ocrx_word' id='word_1_281' title='bbox 180 1927 353 1955; x_wconf 82' lang='lat' dir='ltr'>trationem</span> <span class='ocrx_word' id='word_1_282' title='bbox 372 1931 512 1961; x_wconf 87' lang='lat' dir='ltr'>veretur,</span> <span class='ocrx_word' id='word_1_283' title='bbox 536 1924 692 1964; x_wconf 82' lang='lat' dir='ltr'>quamdiu</span> <span class='ocrx_word' id='word_1_284' title='bbox 716 1924 756 1955; x_wconf 91' lang='lat' dir='ltr'>ab</span> <span class='ocrx_word' id='word_1_285' title='bbox 771 1934 826 1955; x_wconf 85' lang='lat' dir='ltr'>ore</span> <span class='ocrx_word' id='word_1_286' title='bbox 845 1925 904 1955; x_wconf 90' lang='lat' dir='ltr'>Dei</span> <span class='ocrx_word' id='word_1_287' title='bbox 928 1924 1057 1965; x_wconf 81' lang='lat' dir='ltr'>pendet.</span> <span class='ocrx_word' id='word_1_288' title='bbox 1096 1924 1159 1956; x_wconf 85' lang='lat' dir='ltr'>No-</span> 
     </span>
     <span class='ocr_line' id='line_1_41' title="bbox 180 1966 1157 2007; baseline 0.002 -10"><span class='ocrx_word' id='word_1_289' title='bbox 180 1966 279 1997; x_wconf 89' lang='lat' dir='ltr'>tanda</span> <span class='ocrx_word' id='word_1_290' title='bbox 301 1976 378 2006; x_wconf 89' lang='lat' dir='ltr'>ergo</span> <span class='ocrx_word' id='word_1_291' title='bbox 406 1972 456 1998; x_wconf 85' lang='lat' dir='ltr'>est</span> <span class='ocrx_word' id='word_1_292' title='bbox 478 1967 541 1998; x_wconf 88' lang='lat' dir='ltr'>ista</span> <span class='ocrx_word' id='word_1_293' title='bbox 564 1968 717 2007; x_wconf 89' lang='lat' dir='ltr'>temporis</span> <span class='ocrx_word' id='word_1_294' title='bbox 739 1969 992 2005; x_wconf 82' lang='lat' dir='ltr'>circumstantia,</span> <span class='ocrx_word' id='word_1_295' title='bbox 1023 1973 1060 1998; x_wconf 89' lang='lat' dir='ltr'>ut</span> <span class='ocrx_word' id='word_1_296' title='bbox 1082 1977 1157 1999; x_wconf 88' lang='lat' dir='ltr'>con-</span> 
     </span>
     <span class='ocr_line' id='line_1_42' title="bbox 180 2008 1158 2051; baseline 0.002 -11"><span class='ocrx_word' id='word_1_297' title='bbox 180 2013 245 2040; x_wconf 87' lang='lat' dir='ltr'>stet</span> <span class='ocrx_word' id='word_1_298' title='bbox 268 2008 405 2049; x_wconf 84' lang='lat' dir='ltr'>apostoli</span> <span class='ocrx_word' id='word_1_299' title='bbox 429 2010 642 2041; x_wconf 83' lang='lat' dir='ltr'>ratiocinatio.</span> <span class='ocrx_word' id='word_1_300' title='bbox 691 2011 799 2050; x_wconf 89' lang='lat' dir='ltr'>Atque</span> <span class='ocrx_word' id='word_1_301' title='bbox 823 2010 884 2042; x_wconf 93' lang='lat' dir='ltr'>huc</span> <span class='ocrx_word' id='word_1_302' title='bbox 908 2011 1050 2051; x_wconf 89' lang='lat' dir='ltr'>pertinet</span> <span class='ocrx_word' id='word_1_303' title='bbox 1073 2010 1158 2050; x_wconf 91' lang='lat' dir='ltr'>quod</span> 
     </span>
     <span class='ocr_line' id='line_1_43' title="bbox 179 2051 1157 2093; baseline -0.001 -9"><span class='ocrx_word' id='word_1_304' title='bbox 179 2051 321 2093; x_wconf 79' lang='lat' dir='ltr'>subiicit,</span> <span class='ocrx_word' id='word_1_305' title='bbox 343 2059 524 2092; x_wconf 90' lang='lat' dir='ltr'>compotem</span> <span class='ocrx_word' id='word_1_306' title='bbox 546 2051 645 2084; x_wconf 92' lang='lat' dir='ltr'>huius</span> <span class='ocrx_word' id='word_1_307' title='bbox 674 2052 904 2085; x_wconf 88' lang='lat' dir='ltr'>benedictionis</span> <span class='ocrx_word' id='word_1_308' title='bbox 927 2062 997 2085; x_wconf 88' lang='lat' dir='ltr'>esse</span> <span class='ocrx_word' id='word_1_309' title='bbox 1020 2054 1157 2084; x_wconf 86' lang='lat' dir='ltr'>factum:</span> 
     </span>
     <span class='ocr_line' id='line_1_44' title="bbox 179 2095 1158 2136; baseline 0.001 -10"><span class='ocrx_word' id='word_1_310' title='bbox 179 2095 235 2126; x_wconf 87' lang='lat' dir='ltr'>sed</span> <span class='ocrx_word' id='word_1_311' title='bbox 260 2101 431 2135; x_wconf 85' lang='lat' dir='ltr'>postquam</span> <span class='ocrx_word' id='word_1_312' title='bbox 456 2101 676 2136; x_wconf 82' lang='lat' dir='ltr'>exspectasset</span> <span class='ocrx_word' id='word_1_313' title='bbox 699 2096 784 2136; x_wconf 89' lang='lat' dir='ltr'>quod</span> <span class='ocrx_word' id='word_1_314' title='bbox 810 2107 905 2127; x_wconf 90' lang='lat' dir='ltr'>nemo</span> <span class='ocrx_word' id='word_1_315' title='bbox 927 2101 1075 2136; x_wconf 85' lang='lat' dir='ltr'>putasset</span> <span class='ocrx_word' id='word_1_316' title='bbox 1097 2107 1158 2127; x_wconf 88' lang='lat' dir='ltr'>un-</span> 
     </span>
     <span class='ocr_line' id='line_1_45' title="bbox 179 2138 1157 2179; baseline 0.001 -10"><span class='ocrx_word' id='word_1_317' title='bbox 179 2148 276 2179; x_wconf 88' lang='lat' dir='ltr'>quam</span> <span class='ocrx_word' id='word_1_318' title='bbox 302 2139 378 2170; x_wconf 86' lang='lat' dir='ltr'>fore.</span> <span class='ocrx_word' id='word_1_319' title='bbox 424 2138 463 2169; x_wconf 93' lang='lat' dir='ltr'>In</span> <span class='ocrx_word' id='word_1_320' title='bbox 487 2138 573 2170; x_wconf 88' lang='lat' dir='ltr'>hunc</span> <span class='ocrx_word' id='word_1_321' title='bbox 597 2138 726 2169; x_wconf 90' lang='lat' dir='ltr'>modum</span> <span class='ocrx_word' id='word_1_322' title='bbox 750 2138 855 2170; x_wconf 86' lang='lat' dir='ltr'>danda</span> <span class='ocrx_word' id='word_1_323' title='bbox 878 2145 927 2170; x_wconf 88' lang='lat' dir='ltr'>est</span> <span class='ocrx_word' id='word_1_324' title='bbox 952 2139 1022 2170; x_wconf 91' lang='lat' dir='ltr'>Deo</span> <span class='ocrx_word' id='word_1_325' title='bbox 1044 2138 1157 2179; x_wconf 87' lang='lat' dir='ltr'>gloria,</span> 
     </span>
     <span class='ocr_line' id='line_1_46' title="bbox 180 2181 1159 2222; baseline 0.001 -10"><span class='ocrx_word' id='word_1_326' title='bbox 180 2187 218 2212; x_wconf 85' lang='lat' dir='ltr'>ut</span> <span class='ocrx_word' id='word_1_327' title='bbox 241 2182 339 2222; x_wconf 84' lang='lat' dir='ltr'>quieti</span> <span class='ocrx_word' id='word_1_328' title='bbox 369 2191 535 2221; x_wconf 83' lang='lat' dir='ltr'>speremus</span> <span class='ocrx_word' id='word_1_329' title='bbox 564 2181 649 2221; x_wconf 91' lang='lat' dir='ltr'>quod</span> <span class='ocrx_word' id='word_1_330' title='bbox 679 2182 824 2212; x_wconf 91' lang='lat' dir='ltr'>nondum</span> <span class='ocrx_word' id='word_1_331' title='bbox 856 2182 1007 2213; x_wconf 79' lang='lat' dir='ltr'>sensibus</span> <span class='ocrx_word' id='word_1_332' title='bbox 1039 2183 1159 2214; x_wconf 89' lang='lat' dir='ltr'>nostris</span> 
     </span>
     <span class='ocr_line' id='line_1_47' title="bbox 180 2224 1158 2266; baseline 0.001 -11"><span class='ocrx_word' id='word_1_333' title='bbox 180 2225 337 2255; x_wconf 86' lang='lat' dir='ltr'>ostendit:</span> <span class='ocrx_word' id='word_1_334' title='bbox 365 2224 421 2256; x_wconf 89' lang='lat' dir='ltr'>sed</span> <span class='ocrx_word' id='word_1_335' title='bbox 451 2224 592 2256; x_wconf 85' lang='lat' dir='ltr'>occultat</span> <span class='ocrx_word' id='word_1_336' title='bbox 614 2229 646 2256; x_wconf 91' lang='lat' dir='ltr'>et</span> <span class='ocrx_word' id='word_1_337' title='bbox 668 2225 701 2255; x_wconf 87' lang='lat' dir='ltr'>in</span> <span class='ocrx_word' id='word_1_338' title='bbox 730 2224 863 2265; x_wconf 87' lang='lat' dir='ltr'>longum</span> <span class='ocrx_word' id='word_1_339' title='bbox 887 2231 1015 2266; x_wconf 87' lang='lat' dir='ltr'>tempus</span> <span class='ocrx_word' id='word_1_340' title='bbox 1038 2225 1158 2264; x_wconf 81' lang='lat' dir='ltr'>differt,</span> 
     </span>
     <span class='ocr_line' id='line_1_48' title="bbox 180 2267 1160 2308; baseline 0.001 -10"><span class='ocrx_word' id='word_1_341' title='bbox 180 2276 243 2306; x_wconf 91' lang='lat' dir='ltr'>quo</span> <span class='ocrx_word' id='word_1_342' title='bbox 276 2273 385 2298; x_wconf 86' lang='lat' dir='ltr'>nostra</span> <span class='ocrx_word' id='word_1_343' title='bbox 420 2267 592 2298; x_wconf 88' lang='lat' dir='ltr'>tolerantia</span> <span class='ocrx_word' id='word_1_344' title='bbox 625 2272 824 2299; x_wconf 80' lang='lat' dir='ltr'>exerceatur.</span> <span class='ocrx_word' id='word_1_345' title='bbox 881 2267 949 2300; x_wconf 83' lang='lat' dir='ltr'>Cur</span> <span class='ocrx_word' id='word_1_346' title='bbox 975 2267 1068 2299; x_wconf 88' lang='lat' dir='ltr'>Deus</span> <span class='ocrx_word' id='word_1_347' title='bbox 1102 2278 1160 2308; x_wconf 90' lang='lat' dir='ltr'>per</span> 
     </span>
     <span class='ocr_line' id='line_1_49' title="bbox 181 2310 1158 2351; baseline 0.002 -11"><span class='ocrx_word' id='word_1_348' title='bbox 181 2319 216 2340; x_wconf 89' lang='lat' dir='ltr'>se</span> <span class='ocrx_word' id='word_1_349' title='bbox 239 2310 342 2351; x_wconf 90' lang='lat' dir='ltr'>ipsum</span> <span class='ocrx_word' id='word_1_350' title='bbox 367 2310 462 2348; x_wconf 86' lang='lat' dir='ltr'>iuret,</span> <span class='ocrx_word' id='word_1_351' title='bbox 485 2311 596 2342; x_wconf 86' lang='lat' dir='ltr'>statim</span> <span class='ocrx_word' id='word_1_352' title='bbox 622 2310 813 2342; x_wconf 90' lang='lat' dir='ltr'>videbimus.</span> <span class='ocrx_word' id='word_1_353' title='bbox 848 2310 935 2350; x_wconf 80' lang='lat' dir='ltr'>Quid</span> <span class='ocrx_word' id='word_1_354' title='bbox 952 2311 1063 2342; x_wconf 86' lang='lat' dir='ltr'>valeat</span> <span class='ocrx_word' id='word_1_355' title='bbox 1079 2310 1158 2343; x_wconf 85' lang='lat' dir='ltr'>haec</span> 
     </span>
     <span class='ocr_line' id='line_1_50' title="bbox 181 2351 1159 2395; baseline 0.002 -12"><span class='ocrx_word' id='word_1_356' title='bbox 181 2351 310 2383; x_wconf 88' lang='lat' dir='ltr'>iurandi</span> <span class='ocrx_word' id='word_1_357' title='bbox 326 2353 475 2392; x_wconf 78' lang='lat' dir='ltr'>formula,</span> <span class='ocrx_word' id='word_1_358' title='bbox 495 2353 584 2384; x_wconf 90' lang='lat' dir='ltr'>Nisi</span> <span class='ocrx_word' id='word_1_359' title='bbox 606 2352 864 2385; x_wconf 85' lang='lat' dir='ltr'>benedicens</span> <span class='ocrx_word' id='word_1_360' title='bbox 888 2354 1159 2395; x_wconf 86' lang='lat' dir='ltr'>benedixero,</span> 
     </span>
     <span class='ocr_line' id='line_1_51' title="bbox 182 2396 1159 2437; baseline 0.001 -11"><span class='ocrx_word' id='word_1_361' title='bbox 182 2397 391 2435; x_wconf 79' lang='lat' dir='ltr'>exposuimus</span> <span class='ocrx_word' id='word_1_362' title='bbox 413 2396 448 2427; x_wconf 87' lang='lat' dir='ltr'>in</span> <span class='ocrx_word' id='word_1_363' title='bbox 479 2397 611 2427; x_wconf 86' lang='lat' dir='ltr'>tertium</span> <span class='ocrx_word' id='word_1_364' title='bbox 642 2402 747 2436; x_wconf 82' lang='lat' dir='ltr'>caput.</span> <span class='ocrx_word' id='word_1_365' title='bbox 794 2397 907 2437; x_wconf 88' lang='lat' dir='ltr'>Neque</span> <span class='ocrx_word' id='word_1_366' title='bbox 937 2397 1023 2428; x_wconf 88' lang='lat' dir='ltr'>enim</span> <span class='ocrx_word' id='word_1_367' title='bbox 1052 2397 1159 2437; x_wconf 91' lang='lat' dir='ltr'>expri—</span> 
     </span>
     <span class='ocr_line' id='line_1_52' title="bbox 183 2437 1159 2479; baseline 0.003 -12"><span class='ocrx_word' id='word_1_368' title='bbox 183 2439 283 2468; x_wconf 88' lang='lat' dir='ltr'>mitur</span> <span class='ocrx_word' id='word_1_369' title='bbox 306 2438 358 2469; x_wconf 87' lang='lat' dir='ltr'>hic</span> <span class='ocrx_word' id='word_1_370' title='bbox 380 2437 444 2469; x_wconf 90' lang='lat' dir='ltr'>Dei</span> <span class='ocrx_word' id='word_1_371' title='bbox 469 2449 598 2477; x_wconf 83' lang='lat' dir='ltr'>nomen,</span> <span class='ocrx_word' id='word_1_372' title='bbox 625 2439 681 2470; x_wconf 85' lang='lat' dir='ltr'>sed</span> <span class='ocrx_word' id='word_1_373' title='bbox 705 2439 963 2471; x_wconf 84' lang='lat' dir='ltr'>subaudiendum</span> <span class='ocrx_word' id='word_1_374' title='bbox 988 2441 1053 2471; x_wconf 84' lang='lat' dir='ltr'>est:</span> <span class='ocrx_word' id='word_1_375' title='bbox 1084 2441 1159 2479; x_wconf 83' lang='lat' dir='ltr'>quia</span> 
     </span>
     <span class='ocr_line' id='line_1_53' title="bbox 184 2480 1159 2552; baseline 0.005 -43"><span class='ocrx_word' id='word_1_376' title='bbox 184 2480 244 2552; x_wconf 57' lang='lat' dir='ltr'>gisi</span> <span class='ocrx_word' id='word_1_377' title='bbox 266 2485 408 2520; x_wconf 78' lang='lat' dir='ltr'>praestet</span> <span class='ocrx_word' id='word_1_378' title='bbox 432 2483 516 2522; x_wconf 90' lang='lat' dir='ltr'>quod</span> <span class='ocrx_word' id='word_1_379' title='bbox 539 2482 708 2522; x_wconf 86' lang='lat' dir='ltr'>promittit,</span> <span class='ocrx_word' id='word_1_380' title='bbox 733 2492 766 2513; x_wconf 83' lang='lat' dir='ltr'>se</span> <span class='ocrx_word' id='word_1_381' title='bbox 782 2493 929 2515; x_wconf 87' lang='lat' dir='ltr'>veracem</span> <span class='ocrx_word' id='word_1_382' title='bbox 954 2492 1020 2514; x_wconf 91' lang='lat' dir='ltr'>non</span> <span class='ocrx_word' id='word_1_383' title='bbox 1038 2482 1159 2514; x_wconf 88' lang='lat' dir='ltr'>haben-</span> 
     </span>
    </p>

    <p class='ocr_par' dir='ltr' id='par_1_4' title="bbox 208 2526 432 2554">
     <span class='ocr_line' id='line_1_54' title="bbox 208 2526 432 2554; baseline 0.009 -2"><span class='ocrx_word' id='word_1_384' title='bbox 208 2531 261 2552; x_wconf 89' lang='lat' dir='ltr'>um</span> <span class='ocrx_word' id='word_1_385' title='bbox 286 2526 432 2554; x_wconf 81' lang='lat' dir='ltr'>testatur.</span> 
     </span>
    </p>
   </div>
   <div class='ocr_carea' id='block_1_3' title="bbox 184 2605 1160 2692">
    <p class='ocr_par' dir='ltr' id='par_1_5' title="bbox 184 2605 1160 2692">
     <span class='ocr_line' id='line_1_55' title="bbox 272 2605 1160 2650; baseline 0.007 -14"><span class='ocrx_word' id='word_1_386' title='bbox 272 2605 321 2637; x_wconf 91' lang='grc'>16.</span> <span class='ocrx_word' id='word_1_387' title='bbox 358 2606 444 2637; x_wconf 90' lang='lat' dir='ltr'>Nam</span> <span class='ocrx_word' id='word_1_388' title='bbox 470 2607 606 2641; x_wconf 78' lang='lat' dir='ltr'>homines</span> <span class='ocrx_word' id='word_1_389' title='bbox 633 2610 756 2650; x_wconf 79' lang='lat' dir='ltr'>quidem</span> <span class='ocrx_word' id='word_1_390' title='bbox 779 2620 840 2650; x_wconf 78' lang='lat' dir='ltr'>per</span> <span class='ocrx_word' id='word_1_391' title='bbox 868 2620 938 2642; x_wconf 87' lang='lat' dir='ltr'>eum</span> <span class='ocrx_word' id='word_1_392' title='bbox 965 2611 1076 2642; x_wconf 81' lang='lat' dir='ltr'>iurant</span> <span class='ocrx_word' id='word_1_393' title='bbox 1104 2610 1160 2650; x_wconf 78' lang='lat' dir='ltr'>qui</span> 
     </span>
     <span class='ocr_line' id='line_1_56' title="bbox 184 2648 1158 2692; baseline 0.006 -13"><span class='ocrx_word' id='word_1_394' title='bbox 184 2648 286 2680; x_wconf 85' lang='lat' dir='ltr'>maior</span> <span class='ocrx_word' id='word_1_395' title='bbox 307 2650 360 2687; x_wconf 80' lang='lat' dir='ltr'>est,</span> <span class='ocrx_word' id='word_1_396' title='bbox 383 2651 409 2679; x_wconf 87' lang='lat' dir='ltr'>et</span> <span class='ocrx_word' id='word_1_397' title='bbox 431 2651 531 2681; x_wconf 86' lang='lat' dir='ltr'>omnis</span> <span class='ocrx_word' id='word_1_398' title='bbox 557 2652 638 2691; x_wconf 80' lang='lat' dir='ltr'>ipsis</span> <span class='ocrx_word' id='word_1_399' title='bbox 669 2653 879 2685; x_wconf 70' lang='lat' dir='ltr'>controversia</span> <span class='ocrx_word' id='word_1_400' title='bbox 909 2653 985 2692; x_wconf 71' lang='lat' dir='ltr'>finis</span> <span class='ocrx_word' id='word_1_401' title='bbox 1018 2655 1061 2684; x_wconf 82' lang='lat' dir='ltr'>est</span> <span class='ocrx_word' id='word_1_402' title='bbox 1093 2654 1158 2685; x_wconf 78' lang='lat' dir='ltr'>ius-</span> 
     </span>
    </p>
   </div>
   <div class='ocr_carea' id='block_1_4' title="bbox 1211 297 2191 682">
    <p class='ocr_par' dir='ltr' id='par_1_6' title="bbox 1211 297 2191 682">
     <span class='ocr_line' id='line_1_57' title="bbox 1213 297 2189 339; baseline 0.004 -11"><span class='ocrx_word' id='word_1_403' title='bbox 1213 297 1394 333; x_wconf 82' lang='lat' dir='ltr'>iurandum,</span> <span class='ocrx_word' id='word_1_404' title='bbox 1426 298 1461 328; x_wconf 85' lang='lat' dir='ltr'>in</span> <span class='ocrx_word' id='word_1_405' title='bbox 1482 298 1750 336; x_wconf 70' lang='lat' dir='ltr'>confirmationem.</span> <span class='ocrx_word' id='word_1_406' title='bbox 1798 299 1847 331; x_wconf 79' lang='lat'>17.</span> <span class='ocrx_word' id='word_1_407' title='bbox 1872 300 1914 331; x_wconf 88' lang='lat' dir='ltr'>In</span> <span class='ocrx_word' id='word_1_408' title='bbox 1943 310 2003 339; x_wconf 79' lang='lat' dir='ltr'>quo</span> <span class='ocrx_word' id='word_1_409' title='bbox 2028 300 2115 332; x_wconf 80' lang='lat' dir='ltr'>Deus</span> <span class='ocrx_word' id='word_1_410' title='bbox 2141 312 2189 333; x_wconf 78' lang='lat' dir='ltr'>oo-</span> 
     </span>
     <span class='ocr_line' id='line_1_58' title="bbox 1212 340 2189 382; baseline 0.005 -12"><span class='ocrx_word' id='word_1_411' title='bbox 1212 340 1278 371; x_wconf 78' lang='lat' dir='ltr'>lens</span> <span class='ocrx_word' id='word_1_412' title='bbox 1299 340 1426 371; x_wconf 84' lang='lat' dir='ltr'>uberius</span> <span class='ocrx_word' id='word_1_413' title='bbox 1449 341 1600 372; x_wconf 78' lang='lat' dir='ltr'>ostendere</span> <span class='ocrx_word' id='word_1_414' title='bbox 1628 341 1813 373; x_wconf 73' lang='lat' dir='ltr'>haeredibus</span> <span class='ocrx_word' id='word_1_415' title='bbox 1831 343 2055 382; x_wconf 74' lang='lat' dir='ltr'>promissionis</span> <span class='ocrx_word' id='word_1_416' title='bbox 2076 344 2189 375; x_wconf 82' lang='lat' dir='ltr'>immu-</span> 
     </span>
     <span class='ocr_line' id='line_1_59' title="bbox 1212 383 2190 425; baseline 0.005 -12"><span class='ocrx_word' id='word_1_417' title='bbox 1212 383 1334 414; x_wconf 81' lang='lat' dir='ltr'>tabilem</span> <span class='ocrx_word' id='word_1_418' title='bbox 1368 383 1489 414; x_wconf 73' lang='lat' dir='ltr'>consilii</span> <span class='ocrx_word' id='word_1_419' title='bbox 1523 384 1575 414; x_wconf 83' lang='lat' dir='ltr'>sui</span> <span class='ocrx_word' id='word_1_420' title='bbox 1601 383 1836 423; x_wconf 69' lang='lat' dir='ltr'>firmitudinem,</span> <span class='ocrx_word' id='word_1_421' title='bbox 1870 386 2057 425; x_wconf 75' lang='lat' dir='ltr'>interposuit</span> <span class='ocrx_word' id='word_1_422' title='bbox 2088 387 2190 418; x_wconf 83' lang='lat' dir='ltr'>iusiu-</span> 
     </span>
     <span class='ocr_line' id='line_1_60' title="bbox 1211 425 2191 468; baseline 0.006 -13"><span class='ocrx_word' id='word_1_423' title='bbox 1211 425 1364 456; x_wconf 77' lang='lat' dir='ltr'>randum:</span> <span class='ocrx_word' id='word_1_424' title='bbox 1410 426 1459 458; x_wconf 86' lang='lat'>18.</span> <span class='ocrx_word' id='word_1_425' title='bbox 1490 425 1528 458; x_wconf 84' lang='lat' dir='ltr'>Ut</span> <span class='ocrx_word' id='word_1_426' title='bbox 1544 436 1604 466; x_wconf 79' lang='lat' dir='ltr'>per</span> <span class='ocrx_word' id='word_1_427' title='bbox 1625 427 1706 458; x_wconf 84' lang='lat' dir='ltr'>duas</span> <span class='ocrx_word' id='word_1_428' title='bbox 1727 437 1778 458; x_wconf 83' lang='lat' dir='ltr'>res</span> <span class='ocrx_word' id='word_1_429' title='bbox 1792 428 2008 467; x_wconf 68' lang='lat' dir='ltr'>immutabiles,</span> <span class='ocrx_word' id='word_1_430' title='bbox 2030 430 2065 460; x_wconf 86' lang='lat' dir='ltr'>in</span> <span class='ocrx_word' id='word_1_431' title='bbox 2080 429 2191 468; x_wconf 82' lang='lat' dir='ltr'>quibus</span> 
     </span>
     <span class='ocr_line' id='line_1_61' title="bbox 1212 467 2190 507; baseline 0.005 -9"><span class='ocrx_word' id='word_1_432' title='bbox 1212 467 1401 506; x_wconf 79' lang='lat' dir='ltr'>impossibile</span> <span class='ocrx_word' id='word_1_433' title='bbox 1425 469 1466 500; x_wconf 85' lang='lat' dir='ltr'>sit</span> <span class='ocrx_word' id='word_1_434' title='bbox 1489 469 1591 500; x_wconf 81' lang='lat' dir='ltr'>Deum</span> <span class='ocrx_word' id='word_1_435' title='bbox 1620 470 1753 507; x_wconf 84' lang='lat' dir='ltr'>mentiri,</span> <span class='ocrx_word' id='word_1_436' title='bbox 1783 471 1922 501; x_wconf 83' lang='lat' dir='ltr'>validam</span> <span class='ocrx_word' id='word_1_437' title='bbox 1952 472 2190 503; x_wconf 73' lang='lat' dir='ltr'>consolationem</span> 
     </span>
     <span class='ocr_line' id='line_1_62' title="bbox 1212 509 2189 554; baseline 0.006 -14"><span class='ocrx_word' id='word_1_438' title='bbox 1212 509 1378 542; x_wconf 71' lang='lat' dir='ltr'>habeamus</span> <span class='ocrx_word' id='word_1_439' title='bbox 1407 522 1462 543; x_wconf 81' lang='lat' dir='ltr'>nos</span> <span class='ocrx_word' id='word_1_440' title='bbox 1488 513 1543 551; x_wconf 85' lang='lat' dir='ltr'>qui</span> <span class='ocrx_word' id='word_1_441' title='bbox 1567 513 1759 553; x_wconf 59' lang='lat' dir='ltr'>confugimus</span> <span class='ocrx_word' id='word_1_442' title='bbox 1788 513 1830 543; x_wconf 87' lang='lat' dir='ltr'>ad</span> <span class='ocrx_word' id='word_1_443' title='bbox 1860 514 2054 545; x_wconf 78' lang='lat' dir='ltr'>obtinendam</span> <span class='ocrx_word' id='word_1_444' title='bbox 2074 525 2189 554; x_wconf 78' lang='lat' dir='ltr'>propo—</span> 
     </span>
     <span class='ocr_line' id='line_1_63' title="bbox 1212 553 2190 594; baseline 0.006 -12"><span class='ocrx_word' id='word_1_445' title='bbox 1212 553 1307 583; x_wconf 85' lang='lat' dir='ltr'>sitam</span> <span class='ocrx_word' id='word_1_446' title='bbox 1330 564 1425 594; x_wconf 78' lang='lat' dir='ltr'>spem,</span> <span class='ocrx_word' id='word_1_447' title='bbox 1476 555 1524 586; x_wconf 88' lang='lat'>19.</span> <span class='ocrx_word' id='word_1_448' title='bbox 1548 565 1642 594; x_wconf 80' lang='lat' dir='ltr'>quam</span> <span class='ocrx_word' id='word_1_449' title='bbox 1663 555 1745 587; x_wconf 81' lang='lat' dir='ltr'>velut</span> <span class='ocrx_word' id='word_1_450' title='bbox 1758 565 1904 587; x_wconf 76' lang='lat' dir='ltr'>ancoram</span> <span class='ocrx_word' id='word_1_451' title='bbox 1927 556 2072 589; x_wconf 75' lang='lat' dir='ltr'>habemus</span> <span class='ocrx_word' id='word_1_452' title='bbox 2090 560 2190 588; x_wconf 84' lang='lat' dir='ltr'>tutam</span> 
     </span>
     <span class='ocr_line' id='line_1_64' title="bbox 1213 596 2190 638; baseline 0.006 -13"><span class='ocrx_word' id='word_1_453' title='bbox 1213 597 1239 625; x_wconf 90' lang='lat' dir='ltr'>et</span> <span class='ocrx_word' id='word_1_454' title='bbox 1258 596 1393 634; x_wconf 74' lang='lat' dir='ltr'>sirmam,</span> <span class='ocrx_word' id='word_1_455' title='bbox 1416 600 1443 628; x_wconf 85' lang='lat' dir='ltr'>et</span> <span class='ocrx_word' id='word_1_456' title='bbox 1466 608 1545 637; x_wconf 80' lang='lat' dir='ltr'>quae</span> <span class='ocrx_word' id='word_1_457' title='bbox 1564 598 1739 638; x_wconf 77' lang='lat' dir='ltr'>inyreditur</span> <span class='ocrx_word' id='word_1_458' title='bbox 1760 598 1802 630; x_wconf 86' lang='lat' dir='ltr'>ad</span> <span class='ocrx_word' id='word_1_459' title='bbox 1820 609 1856 630; x_wconf 89' lang='lat' dir='ltr'>ea</span> <span class='ocrx_word' id='word_1_460' title='bbox 1879 609 1959 638; x_wconf 80' lang='lat' dir='ltr'>quae</span> <span class='ocrx_word' id='word_1_461' title='bbox 1981 600 2067 631; x_wconf 85' lang='lat' dir='ltr'>intra</span> <span class='ocrx_word' id='word_1_462' title='bbox 2089 600 2190 631; x_wconf 80' lang='lat' dir='ltr'>velum</span> 
     </span>
     <span class='ocr_line' id='line_1_65' title="bbox 1213 639 2188 682; baseline 0.007 -15"><span class='ocrx_word' id='word_1_463' title='bbox 1213 641 1300 668; x_wconf 82' lang='lat' dir='ltr'>sunt:</span> <span class='ocrx_word' id='word_1_464' title='bbox 1355 639 1405 670; x_wconf 82' lang='lat'>20.</span> <span class='ocrx_word' id='word_1_465' title='bbox 1428 650 1487 679; x_wconf 78' lang='lat' dir='ltr'>quo</span> <span class='ocrx_word' id='word_1_466' title='bbox 1504 651 1691 680; x_wconf 78' lang='lat' dir='ltr'>praecursor</span> <span class='ocrx_word' id='word_1_467' title='bbox 1716 643 1820 672; x_wconf 84' lang='lat' dir='ltr'>noster</span> <span class='ocrx_word' id='word_1_468' title='bbox 1841 641 2000 682; x_wconf 67' lang='lat' dir='ltr'>inqressus</span> <span class='ocrx_word' id='word_1_469' title='bbox 2022 644 2066 673; x_wconf 82' lang='lat' dir='ltr'>est</span> <span class='ocrx_word' id='word_1_470' title='bbox 2089 643 2188 681; x_wconf 81' lang='lat' dir='ltr'>Iesus,</span> 
     </span>
    </p>
   </div>
   <div class='ocr_carea' id='block_1_5' title="bbox 1209 681 2190 762">
    <p class='ocr_par' dir='ltr' id='par_1_7' title="bbox 1209 681 2190 762">
     <span class='ocr_line' id='line_1_66' title="bbox 1213 681 2190 762; baseline 0.005 -51"><span class='ocrx_word' id='word_1_471' title='bbox 1213 681 1379 762; x_wconf 57' lang='lat' dir='ltr'>secutrildurn</span> <span class='ocrx_word' id='word_1_472' title='bbox 1412 683 1552 714; x_wconf 84' lang='lat' dir='ltr'>ordinem</span> <span class='ocrx_word' id='word_1_473' title='bbox 1586 683 1795 723; x_wconf 77' lang='lat' dir='ltr'>Melchisedec,</span> <span class='ocrx_word' id='word_1_474' title='bbox 1826 685 1929 724; x_wconf 83' lang='lat' dir='ltr'>factus</span> <span class='ocrx_word' id='word_1_475' title='bbox 1962 685 1996 716; x_wconf 83' lang='lat' dir='ltr'>in</span> <span class='ocrx_word' id='word_1_476' title='bbox 2031 687 2190 717; x_wconf 71' lang='lat' dir='ltr'>aeternum</span> 
     </span>
     <span class='ocr_line' id='line_1_67' title="bbox 1209 732 1360 761; baseline 0.007 -8"><span class='ocrx_word' id='word_1_477' title='bbox 1209 732 1272 761; x_wconf 76' lang='lat' dir='ltr'>pon</span> <span class='ocrx_word' id='word_1_478' title='bbox 1288 734 1298 753; x_wconf 83' lang='lat' dir='ltr'>i</span> <span class='ocrx_word' id='word_1_479' title='bbox 1315 733 1360 754; x_wconf 74' lang='lat' dir='ltr'>ex.</span> 
     </span>
    </p>
   </div>
   <div class='ocr_carea' id='block_1_6' title="bbox 1211 807 2194 2693">
    <p class='ocr_par' dir='ltr' id='par_1_8' title="bbox 1211 807 2194 2693">
     <span class='ocr_line' id='line_1_68' title="bbox 1303 807 2189 852; baseline 0.007 -14"><span class='ocrx_word' id='word_1_480' title='bbox 1303 807 1351 839; x_wconf 84' lang='lat'>16.</span> <span class='ocrx_word' id='word_1_481' title='bbox 1377 808 1463 839; x_wconf 85' lang='lat' dir='ltr'>Nam</span> <span class='ocrx_word' id='word_1_482' title='bbox 1486 809 1633 842; x_wconf 76' lang='lat' dir='ltr'>homines.</span> <span class='ocrx_word' id='word_1_483' title='bbox 1678 812 1937 852; x_wconf 87' lang='lat' dir='ltr'>Argumentatur</span> <span class='ocrx_word' id='word_1_484' title='bbox 1959 822 1978 844; x_wconf 90' lang='lat' dir='ltr'>a</span> <span class='ocrx_word' id='word_1_485' title='bbox 2002 813 2120 844; x_wconf 88' lang='lat' dir='ltr'>minori</span> <span class='ocrx_word' id='word_1_486' title='bbox 2150 813 2189 844; x_wconf 89' lang='lat' dir='ltr'>ad</span> 
     </span>
     <span class='ocr_line' id='line_1_69' title="bbox 1216 849 2191 897; baseline 0.007 -17"><span class='ocrx_word' id='word_1_487' title='bbox 1216 849 1330 890; x_wconf 89' lang='lat' dir='ltr'>maius,</span> <span class='ocrx_word' id='word_1_488' title='bbox 1362 850 1397 883; x_wconf 87' lang='lat' dir='ltr'>Si</span> <span class='ocrx_word' id='word_1_489' title='bbox 1428 851 1561 891; x_wconf 89' lang='lat' dir='ltr'>homini,</span> <span class='ocrx_word' id='word_1_490' title='bbox 1592 854 1645 893; x_wconf 90' lang='lat' dir='ltr'>qui</span> <span class='ocrx_word' id='word_1_491' title='bbox 1670 861 1788 886; x_wconf 87' lang='lat' dir='ltr'>natura</span> <span class='ocrx_word' id='word_1_492' title='bbox 1814 855 1955 887; x_wconf 84' lang='lat' dir='ltr'>mendax</span> <span class='ocrx_word' id='word_1_493' title='bbox 1979 860 2037 897; x_wconf 85' lang='lat' dir='ltr'>est,</span> <span class='ocrx_word' id='word_1_494' title='bbox 2070 857 2191 887; x_wconf 81' lang='lat' dir='ltr'>iuranti</span> 
     </span>
     <span class='ocr_line' id='line_1_70' title="bbox 1215 892 2192 938; baseline 0.007 -15"><span class='ocrx_word' id='word_1_495' title='bbox 1215 892 1355 924; x_wconf 85' lang='lat' dir='ltr'>habetur</span> <span class='ocrx_word' id='word_1_496' title='bbox 1384 894 1472 931; x_wconf 86' lang='lat' dir='ltr'>fides,</span> <span class='ocrx_word' id='word_1_497' title='bbox 1508 896 1582 935; x_wconf 90' lang='lat' dir='ltr'>quia</span> <span class='ocrx_word' id='word_1_498' title='bbox 1612 896 1783 928; x_wconf 89' lang='lat' dir='ltr'>intercedit</span> <span class='ocrx_word' id='word_1_499' title='bbox 1813 898 2015 931; x_wconf 88' lang='lat' dir='ltr'>confirmatio</span> <span class='ocrx_word' id='word_1_500' title='bbox 2044 908 2103 938; x_wconf 87' lang='lat' dir='ltr'>per</span> <span class='ocrx_word' id='word_1_501' title='bbox 2130 899 2192 930; x_wconf 89' lang='lat' dir='ltr'>Dei</span> 
     </span>
     <span class='ocr_line' id='line_1_71' title="bbox 1217 938 2191 981; baseline 0.007 -15"><span class='ocrx_word' id='word_1_502' title='bbox 1217 946 1352 967; x_wconf 88' lang='lat' dir='ltr'>nomen:</span> <span class='ocrx_word' id='word_1_503' title='bbox 1387 942 1510 976; x_wconf 89' lang='lat' dir='ltr'>quanto</span> <span class='ocrx_word' id='word_1_504' title='bbox 1544 938 1617 977; x_wconf 88' lang='lat' dir='ltr'>plus</span> <span class='ocrx_word' id='word_1_505' title='bbox 1647 939 1720 970; x_wconf 90' lang='lat' dir='ltr'>fidei</span> <span class='ocrx_word' id='word_1_506' title='bbox 1753 947 1896 972; x_wconf 90' lang='lat' dir='ltr'>meretur</span> <span class='ocrx_word' id='word_1_507' title='bbox 1920 940 2009 973; x_wconf 87' lang='lat' dir='ltr'>Deus</span> <span class='ocrx_word' id='word_1_508' title='bbox 2039 941 2108 981; x_wconf 89' lang='lat' dir='ltr'>ipse</span> <span class='ocrx_word' id='word_1_509' title='bbox 2138 943 2191 981; x_wconf 89' lang='lat' dir='ltr'>qui</span> 
     </span>
     <span class='ocr_line' id='line_1_72' title="bbox 1216 980 2192 1023; baseline 0.007 -14"><span class='ocrx_word' id='word_1_510' title='bbox 1216 985 1348 1010; x_wconf 87' lang='lat' dir='ltr'>aeterna</span> <span class='ocrx_word' id='word_1_511' title='bbox 1364 986 1412 1010; x_wconf 90' lang='lat' dir='ltr'>est</span> <span class='ocrx_word' id='word_1_512' title='bbox 1429 980 1559 1018; x_wconf 85' lang='lat' dir='ltr'>veritas,</span> <span class='ocrx_word' id='word_1_513' title='bbox 1582 991 1680 1020; x_wconf 90' lang='lat' dir='ltr'>quum</span> <span class='ocrx_word' id='word_1_514' title='bbox 1706 992 1761 1021; x_wconf 89' lang='lat' dir='ltr'>per</span> <span class='ocrx_word' id='word_1_515' title='bbox 1784 994 1818 1013; x_wconf 89' lang='lat' dir='ltr'>se</span> <span class='ocrx_word' id='word_1_516' title='bbox 1840 985 1945 1023; x_wconf 91' lang='lat' dir='ltr'>ipsum</span> <span class='ocrx_word' id='word_1_517' title='bbox 1969 984 2080 1015; x_wconf 76' lang='lat' dir='ltr'>iurat?</span> <span class='ocrx_word' id='word_1_518' title='bbox 2116 984 2192 1016; x_wconf 87' lang='lat' dir='ltr'>Plu-</span> 
     </span>
     <span class='ocr_line' id='line_1_73' title="bbox 1216 1021 2193 1058; baseline 0.006 -6"><span class='ocrx_word' id='word_1_519' title='bbox 1216 1021 1305 1052; x_wconf 87' lang='lat' dir='ltr'>ribus</span> <span class='ocrx_word' id='word_1_520' title='bbox 1338 1029 1446 1053; x_wconf 90' lang='lat' dir='ltr'>antem</span> <span class='ocrx_word' id='word_1_521' title='bbox 1478 1023 1586 1054; x_wconf 87' lang='lat' dir='ltr'>verbis</span> <span class='ocrx_word' id='word_1_522' title='bbox 1615 1030 1754 1055; x_wconf 81' lang='lat' dir='ltr'>exornat</span> <span class='ocrx_word' id='word_1_523' title='bbox 1783 1025 1868 1057; x_wconf 87' lang='lat' dir='ltr'>hanc</span> <span class='ocrx_word' id='word_1_524' title='bbox 1891 1026 2098 1058; x_wconf 90' lang='lat' dir='ltr'>sententiam.</span> <span class='ocrx_word' id='word_1_525' title='bbox 2144 1027 2193 1058; x_wconf 88' lang='lat' dir='ltr'>Ac</span> 
     </span>
     <span class='ocr_line' id='line_1_74' title="bbox 1217 1065 2192 1109; baseline 0.006 -14"><span class='ocrx_word' id='word_1_526' title='bbox 1217 1065 1356 1104; x_wconf 88' lang='lat' dir='ltr'>primum</span> <span class='ocrx_word' id='word_1_527' title='bbox 1380 1065 1509 1105; x_wconf 92' lang='lat' dir='ltr'>quidem</span> <span class='ocrx_word' id='word_1_528' title='bbox 1535 1065 1623 1107; x_wconf 86' lang='lat' dir='ltr'>dicit,</span> <span class='ocrx_word' id='word_1_529' title='bbox 1653 1066 1802 1098; x_wconf 87' lang='lat' dir='ltr'>homines</span> <span class='ocrx_word' id='word_1_530' title='bbox 1825 1069 1957 1100; x_wconf 88' lang='lat' dir='ltr'>iurare</span> <span class='ocrx_word' id='word_1_531' title='bbox 1981 1080 2049 1109; x_wconf 89' lang='lat' dir='ltr'>per</span> <span class='ocrx_word' id='word_1_532' title='bbox 2072 1070 2192 1101; x_wconf 90' lang='lat' dir='ltr'>maio—</span> 
     </span>
     <span class='ocr_line' id='line_1_75' title="bbox 1216 1108 2192 1152; baseline 0.005 -14"><span class='ocrx_word' id='word_1_533' title='bbox 1216 1118 1305 1139; x_wconf 89' lang='lat' dir='ltr'>rem.</span> <span class='ocrx_word' id='word_1_534' title='bbox 1343 1108 1416 1147; x_wconf 78' lang='lat' dir='ltr'>Quo</span> <span class='ocrx_word' id='word_1_535' title='bbox 1432 1109 1604 1148; x_wconf 84' lang='lat' dir='ltr'>significat,</span> <span class='ocrx_word' id='word_1_536' title='bbox 1627 1119 1690 1148; x_wconf 84' lang='lat' dir='ltr'>eos,</span> <span class='ocrx_word' id='word_1_537' title='bbox 1714 1111 1789 1150; x_wconf 89' lang='lat' dir='ltr'>quia</span> <span class='ocrx_word' id='word_1_538' title='bbox 1805 1111 1889 1142; x_wconf 87' lang='lat' dir='ltr'>iusta</span> <span class='ocrx_word' id='word_1_539' title='bbox 1912 1113 2084 1143; x_wconf 85' lang='lat' dir='ltr'>autoritate</span> <span class='ocrx_word' id='word_1_540' title='bbox 2107 1112 2192 1152; x_wconf 88' lang='lat' dir='ltr'>apud</span> 
     </span>
     <span class='ocr_line' id='line_1_76' title="bbox 1216 1151 2192 1195; baseline 0.005 -14"><span class='ocrx_word' id='word_1_541' title='bbox 1216 1161 1251 1181; x_wconf 88' lang='lat' dir='ltr'>se</span> <span class='ocrx_word' id='word_1_542' title='bbox 1266 1157 1387 1188; x_wconf 84' lang='lat' dir='ltr'>carent,</span> <span class='ocrx_word' id='word_1_543' title='bbox 1412 1151 1543 1183; x_wconf 90' lang='lat' dir='ltr'>aliunde</span> <span class='ocrx_word' id='word_1_544' title='bbox 1560 1153 1712 1184; x_wconf 90' lang='lat' dir='ltr'>mutuari.</span> <span class='ocrx_word' id='word_1_545' title='bbox 1750 1153 1851 1184; x_wconf 88' lang='lat' dir='ltr'>Addit</span> <span class='ocrx_word' id='word_1_546' title='bbox 1875 1160 2001 1185; x_wconf 89' lang='lat' dir='ltr'>tantum</span> <span class='ocrx_word' id='word_1_547' title='bbox 2026 1155 2192 1195; x_wconf 82' lang='lat' dir='ltr'>religionis</span> 
     </span>
     <span class='ocr_line' id='line_1_77' title="bbox 1216 1193 2192 1237; baseline 0.005 -13"><span class='ocrx_word' id='word_1_548' title='bbox 1216 1193 1346 1225; x_wconf 86' lang='lat' dir='ltr'>subesse</span> <span class='ocrx_word' id='word_1_549' title='bbox 1377 1194 1567 1232; x_wconf 84' lang='lat' dir='ltr'>iuramento,</span> <span class='ocrx_word' id='word_1_550' title='bbox 1602 1201 1639 1226; x_wconf 92' lang='lat' dir='ltr'>ut</span> <span class='ocrx_word' id='word_1_551' title='bbox 1669 1195 1710 1226; x_wconf 89' lang='lat' dir='ltr'>ad</span> <span class='ocrx_word' id='word_1_552' title='bbox 1739 1197 2016 1228; x_wconf 88' lang='lat' dir='ltr'>confirmationem</span> <span class='ocrx_word' id='word_1_553' title='bbox 2044 1199 2192 1237; x_wconf 84' lang='lat' dir='ltr'>sufficiat,</span> 
     </span>
     <span class='ocr_line' id='line_1_78' title="bbox 1216 1237 2194 1277; baseline 0.004 -10"><span class='ocrx_word' id='word_1_554' title='bbox 1216 1237 1376 1276; x_wconf 89' lang='lat' dir='ltr'>finemque</span> <span class='ocrx_word' id='word_1_555' title='bbox 1399 1237 1545 1277; x_wconf 85' lang='lat' dir='ltr'>imponat</span> <span class='ocrx_word' id='word_1_556' title='bbox 1566 1238 1718 1269; x_wconf 90' lang='lat' dir='ltr'>omnibus</span> <span class='ocrx_word' id='word_1_557' title='bbox 1741 1240 1979 1276; x_wconf 84' lang='lat' dir='ltr'>controversiis,</span> <span class='ocrx_word' id='word_1_558' title='bbox 2002 1240 2057 1270; x_wconf 92' lang='lat' dir='ltr'>ubi</span> <span class='ocrx_word' id='word_1_559' title='bbox 2076 1240 2194 1272; x_wconf 84' lang='lat' dir='ltr'>desunt</span> 
     </span>
     <span class='ocr_line' id='line_1_79' title="bbox 1215 1278 2191 1324; baseline 0.006 -15"><span class='ocrx_word' id='word_1_560' title='bbox 1215 1278 1384 1311; x_wconf 92' lang='lat' dir='ltr'>hominum</span> <span class='ocrx_word' id='word_1_561' title='bbox 1428 1281 1615 1312; x_wconf 84' lang='lat' dir='ltr'>testimonia</span> <span class='ocrx_word' id='word_1_562' title='bbox 1652 1287 1684 1312; x_wconf 90' lang='lat' dir='ltr'>et</span> <span class='ocrx_word' id='word_1_563' title='bbox 1718 1282 1800 1312; x_wconf 87' lang='lat' dir='ltr'>aliae</span> <span class='ocrx_word' id='word_1_564' title='bbox 1833 1282 2046 1321; x_wconf 89' lang='lat' dir='ltr'>probationes.</span> <span class='ocrx_word' id='word_1_565' title='bbox 2103 1283 2191 1324; x_wconf 83' lang='lat' dir='ltr'>Ergo</span> 
     </span>
     <span class='ocr_line' id='line_1_80' title="bbox 1216 1323 2191 1365; baseline 0.004 -12"><span class='ocrx_word' id='word_1_566' title='bbox 1216 1333 1310 1362; x_wconf 91' lang='lat' dir='ltr'>quem</span> <span class='ocrx_word' id='word_1_567' title='bbox 1324 1333 1435 1354; x_wconf 89' lang='lat' dir='ltr'>omnes</span> <span class='ocrx_word' id='word_1_568' title='bbox 1448 1329 1561 1354; x_wconf 89' lang='lat' dir='ltr'>testem</span> <span class='ocrx_word' id='word_1_569' title='bbox 1581 1323 1753 1361; x_wconf 83' lang='lat' dir='ltr'>advocant,</span> <span class='ocrx_word' id='word_1_570' title='bbox 1772 1335 1881 1355; x_wconf 90' lang='lat' dir='ltr'>annon</span> <span class='ocrx_word' id='word_1_571' title='bbox 1899 1324 1958 1355; x_wconf 90' lang='lat' dir='ltr'>sibi</span> <span class='ocrx_word' id='word_1_572' title='bbox 1975 1326 2043 1365; x_wconf 89' lang='lat' dir='ltr'>ipse</span> <span class='ocrx_word' id='word_1_573' title='bbox 2059 1325 2191 1357; x_wconf 90' lang='lat' dir='ltr'>idoneus</span> 
     </span>
     <span class='ocr_line' id='line_1_81' title="bbox 1216 1366 2191 1405; baseline 0.004 -10"><span class='ocrx_word' id='word_1_574' title='bbox 1216 1366 1278 1396; x_wconf 90' lang='lat' dir='ltr'>erit</span> <span class='ocrx_word' id='word_1_575' title='bbox 1308 1366 1423 1397; x_wconf 81' lang='lat' dir='ltr'>testis?</span> <span class='ocrx_word' id='word_1_576' title='bbox 1475 1366 1541 1405; x_wconf 79' lang='lat' dir='ltr'>Qui</span> <span class='ocrx_word' id='word_1_577' title='bbox 1574 1377 1632 1397; x_wconf 86' lang='lat' dir='ltr'>sua</span> <span class='ocrx_word' id='word_1_578' title='bbox 1663 1368 1838 1398; x_wconf 84' lang='lat' dir='ltr'>autoritate</span> <span class='ocrx_word' id='word_1_579' title='bbox 1869 1367 2101 1399; x_wconf 85' lang='lat' dir='ltr'>dubitationem</span> <span class='ocrx_word' id='word_1_580' title='bbox 2125 1379 2191 1399; x_wconf 89' lang='lat' dir='ltr'>om-</span> 
     </span>
     <span class='ocr_line' id='line_1_82' title="bbox 1216 1408 2189 1446; baseline 0.004 -8"><span class='ocrx_word' id='word_1_581' title='bbox 1216 1418 1289 1439; x_wconf 92' lang='lat' dir='ltr'>nem</span> <span class='ocrx_word' id='word_1_582' title='bbox 1307 1408 1391 1439; x_wconf 88' lang='lat' dir='ltr'>tollit</span> <span class='ocrx_word' id='word_1_583' title='bbox 1406 1409 1492 1440; x_wconf 85' lang='lat' dir='ltr'>inter</span> <span class='ocrx_word' id='word_1_584' title='bbox 1508 1409 1600 1446; x_wconf 89' lang='lat' dir='ltr'>alios,</span> <span class='ocrx_word' id='word_1_585' title='bbox 1624 1420 1732 1441; x_wconf 90' lang='lat' dir='ltr'>annon</span> <span class='ocrx_word' id='word_1_586' title='bbox 1749 1411 1816 1441; x_wconf 90' lang='lat' dir='ltr'>suis</span> <span class='ocrx_word' id='word_1_587' title='bbox 1833 1409 1937 1441; x_wconf 86' lang='lat' dir='ltr'>dictus</span> <span class='ocrx_word' id='word_1_588' title='bbox 1953 1411 2189 1443; x_wconf 29' lang='lat' dir='ltr'>fidemfffaciet?</span> 
     </span>
     <span class='ocr_line' id='line_1_83' title="bbox 1215 1451 2191 1493; baseline 0.003 -11"><span class='ocrx_word' id='word_1_589' title='bbox 1215 1451 1241 1482; x_wconf 89' lang='lat' dir='ltr'>si</span> <span class='ocrx_word' id='word_1_590' title='bbox 1273 1455 1399 1482; x_wconf 86' lang='lat' dir='ltr'>tantum</span> <span class='ocrx_word' id='word_1_591' title='bbox 1431 1452 1529 1483; x_wconf 91' lang='lat' dir='ltr'>habet</span> <span class='ocrx_word' id='word_1_592' title='bbox 1559 1454 1777 1493; x_wconf 86' lang='lat' dir='ltr'>praestantiae</span> <span class='ocrx_word' id='word_1_593' title='bbox 1802 1453 1863 1485; x_wconf 91' lang='lat' dir='ltr'>Dei</span> <span class='ocrx_word' id='word_1_594' title='bbox 1888 1464 2015 1492; x_wconf 91' lang='lat' dir='ltr'>nomen,</span> <span class='ocrx_word' id='word_1_595' title='bbox 2050 1453 2191 1486; x_wconf 88' lang='lat' dir='ltr'>hominis</span> 
     </span>
     <span class='ocr_line' id='line_1_84' title="bbox 1214 1493 2190 1537; baseline 0.003 -13"><span class='ocrx_word' id='word_1_596' title='bbox 1214 1493 1327 1534; x_wconf 83' lang='lat' dir='ltr'>lingua</span> <span class='ocrx_word' id='word_1_597' title='bbox 1362 1496 1626 1534; x_wconf 84' lang='lat' dir='ltr'>pronuntiatum:</span> <span class='ocrx_word' id='word_1_598' title='bbox 1669 1501 1792 1536; x_wconf 89' lang='lat' dir='ltr'>quanto</span> <span class='ocrx_word' id='word_1_599' title='bbox 1826 1496 1899 1536; x_wconf 91' lang='lat' dir='ltr'>plus</span> <span class='ocrx_word' id='word_1_600' title='bbox 1934 1496 2054 1527; x_wconf 87' lang='lat' dir='ltr'>habere</span> <span class='ocrx_word' id='word_1_601' title='bbox 2085 1497 2190 1537; x_wconf 88' lang='lat' dir='ltr'>debet,</span> 
     </span>
     <span class='ocr_line' id='line_1_85' title="bbox 1214 1536 2190 1580; baseline 0.004 -13"><span class='ocrx_word' id='word_1_602' title='bbox 1214 1536 1270 1567; x_wconf 92' lang='lat' dir='ltr'>ubi</span> <span class='ocrx_word' id='word_1_603' title='bbox 1293 1537 1384 1569; x_wconf 90' lang='lat' dir='ltr'>Deus</span> <span class='ocrx_word' id='word_1_604' title='bbox 1414 1538 1474 1577; x_wconf 90' lang='lat' dir='ltr'>ipsi</span> <span class='ocrx_word' id='word_1_605' title='bbox 1505 1549 1562 1578; x_wconf 87' lang='lat' dir='ltr'>per</span> <span class='ocrx_word' id='word_1_606' title='bbox 1585 1548 1702 1570; x_wconf 91' lang='lat' dir='ltr'>nomen</span> <span class='ocrx_word' id='word_1_607' title='bbox 1727 1549 1821 1570; x_wconf 87' lang='lat' dir='ltr'>suum</span> <span class='ocrx_word' id='word_1_608' title='bbox 1847 1538 1953 1570; x_wconf 76' lang='lat' dir='ltr'>iurat?</span> <span class='ocrx_word' id='word_1_609' title='bbox 1998 1540 2071 1571; x_wconf 88' lang='lat' dir='ltr'>Hoc</span> <span class='ocrx_word' id='word_1_610' title='bbox 2093 1550 2190 1580; x_wconf 89' lang='lat' dir='ltr'>quan-</span> 
     </span>
     <span class='ocr_line' id='line_1_86' title="bbox 1214 1579 2191 1621; baseline 0.004 -11"><span class='ocrx_word' id='word_1_611' title='bbox 1214 1584 1284 1610; x_wconf 91' lang='lat' dir='ltr'>tum</span> <span class='ocrx_word' id='word_1_612' title='bbox 1319 1579 1358 1611; x_wconf 88' lang='lat' dir='ltr'>ad</span> <span class='ocrx_word' id='word_1_613' title='bbox 1395 1581 1606 1621; x_wconf 85' lang='lat' dir='ltr'>principalem</span> <span class='ocrx_word' id='word_1_614' title='bbox 1635 1591 1776 1613; x_wconf 86' lang='lat' dir='ltr'>causam.</span> <span class='ocrx_word' id='word_1_615' title='bbox 1823 1581 1889 1613; x_wconf 78' lang='lat' dir='ltr'>Sed</span> <span class='ocrx_word' id='word_1_616' title='bbox 1921 1582 1973 1613; x_wconf 89' lang='lat' dir='ltr'>hic</span> <span class='ocrx_word' id='word_1_617' title='bbox 2001 1583 2106 1614; x_wconf 87' lang='lat' dir='ltr'>obiter</span> <span class='ocrx_word' id='word_1_618' title='bbox 2129 1582 2191 1614; x_wconf 90' lang='lat' dir='ltr'>duo</span> 
     </span>
     <span class='ocr_line' id='line_1_87' title="bbox 1214 1622 2190 1665; baseline 0.004 -12"><span class='ocrx_word' id='word_1_619' title='bbox 1214 1622 1355 1654; x_wconf 85' lang='lat' dir='ltr'>notanda</span> <span class='ocrx_word' id='word_1_620' title='bbox 1370 1628 1465 1655; x_wconf 91' lang='lat' dir='ltr'>sunt:</span> <span class='ocrx_word' id='word_1_621' title='bbox 1488 1624 1663 1655; x_wconf 87' lang='lat' dir='ltr'>iurandum</span> <span class='ocrx_word' id='word_1_622' title='bbox 1686 1634 1756 1655; x_wconf 89' lang='lat' dir='ltr'>esse</span> <span class='ocrx_word' id='word_1_623' title='bbox 1778 1634 1835 1664; x_wconf 87' lang='lat' dir='ltr'>per</span> <span class='ocrx_word' id='word_1_624' title='bbox 1855 1625 1913 1656; x_wconf 90' lang='lat' dir='ltr'>Dei</span> <span class='ocrx_word' id='word_1_625' title='bbox 1937 1635 2066 1663; x_wconf 82' lang='lat' dir='ltr'>nomen,</span> <span class='ocrx_word' id='word_1_626' title='bbox 2090 1635 2190 1665; x_wconf 89' lang='lat' dir='ltr'>quum</span> 
     </span>
     <span class='ocr_line' id='line_1_88' title="bbox 1214 1666 2189 1706; baseline 0.004 -10"><span class='ocrx_word' id='word_1_627' title='bbox 1214 1676 1292 1696; x_wconf 90' lang='lat' dir='ltr'>usus</span> <span class='ocrx_word' id='word_1_628' title='bbox 1309 1666 1449 1706; x_wconf 85' lang='lat' dir='ltr'>postulat</span> <span class='ocrx_word' id='word_1_629' title='bbox 1465 1672 1500 1698; x_wconf 85' lang='lat' dir='ltr'>ut</span> <span class='ocrx_word' id='word_1_630' title='bbox 1516 1667 1678 1698; x_wconf 83' lang='lat' dir='ltr'>iuremus:</span> <span class='ocrx_word' id='word_1_631' title='bbox 1702 1667 1818 1698; x_wconf 85' lang='lat' dir='ltr'>deinde</span> <span class='ocrx_word' id='word_1_632' title='bbox 1841 1667 2060 1699; x_wconf 89' lang='lat' dir='ltr'>iuramentum</span> <span class='ocrx_word' id='word_1_633' title='bbox 2078 1668 2189 1700; x_wconf 86' lang='lat' dir='ltr'>Chris—</span> 
     </span>
     <span class='ocr_line' id='line_1_89' title="bbox 1215 1709 2189 1750; baseline 0.003 -11"><span class='ocrx_word' id='word_1_634' title='bbox 1215 1709 1311 1740; x_wconf 83' lang='lat' dir='ltr'>tianis</span> <span class='ocrx_word' id='word_1_635' title='bbox 1342 1709 1494 1749; x_wconf 86' lang='lat' dir='ltr'>permitti,</span> <span class='ocrx_word' id='word_1_636' title='bbox 1525 1710 1601 1750; x_wconf 85' lang='lat' dir='ltr'>quia</span> <span class='ocrx_word' id='word_1_637' title='bbox 1631 1709 1813 1750; x_wconf 82' lang='lat' dir='ltr'>legitimum</span> <span class='ocrx_word' id='word_1_638' title='bbox 1840 1716 1889 1742; x_wconf 88' lang='lat' dir='ltr'>est</span> <span class='ocrx_word' id='word_1_639' title='bbox 1913 1711 2103 1742; x_wconf 82' lang='lat' dir='ltr'>dirimendis</span> <span class='ocrx_word' id='word_1_640' title='bbox 2125 1710 2189 1742; x_wconf 88' lang='lat' dir='ltr'>liti-</span> 
     </span>
     <span class='ocr_line' id='line_1_90' title="bbox 1214 1751 2188 1794; baseline 0.002 -12"><span class='ocrx_word' id='word_1_641' title='bbox 1214 1751 1273 1782; x_wconf 85' lang='lat' dir='ltr'>bus</span> <span class='ocrx_word' id='word_1_642' title='bbox 1289 1752 1477 1784; x_wconf 91' lang='lat' dir='ltr'>remedium.</span> <span class='ocrx_word' id='word_1_643' title='bbox 1515 1751 1610 1784; x_wconf 91' lang='lat' dir='ltr'>Iubet</span> <span class='ocrx_word' id='word_1_644' title='bbox 1626 1752 1716 1784; x_wconf 87' lang='lat' dir='ltr'>Deus</span> <span class='ocrx_word' id='word_1_645' title='bbox 1739 1753 1835 1785; x_wconf 89' lang='lat' dir='ltr'>claris</span> <span class='ocrx_word' id='word_1_646' title='bbox 1860 1753 1966 1785; x_wconf 86' lang='lat' dir='ltr'>verbis</span> <span class='ocrx_word' id='word_1_647' title='bbox 1990 1764 2047 1794; x_wconf 90' lang='lat' dir='ltr'>per</span> <span class='ocrx_word' id='word_1_648' title='bbox 2069 1764 2188 1785; x_wconf 90' lang='lat' dir='ltr'>nomen</span> 
     </span>
     <span class='ocr_line' id='line_1_91' title="bbox 1213 1795 2187 1833; baseline 0.002 -8"><span class='ocrx_word' id='word_1_649' title='bbox 1213 1804 1307 1826; x_wconf 89' lang='lat' dir='ltr'>suum</span> <span class='ocrx_word' id='word_1_650' title='bbox 1331 1795 1457 1826; x_wconf 89' lang='lat' dir='ltr'>iurare:</span> <span class='ocrx_word' id='word_1_651' title='bbox 1480 1795 1507 1826; x_wconf 90' lang='lat' dir='ltr'>si</span> <span class='ocrx_word' id='word_1_652' title='bbox 1530 1795 1772 1827; x_wconf 83' lang='lat' dir='ltr'>admisceantur</span> <span class='ocrx_word' id='word_1_653' title='bbox 1796 1796 1902 1827; x_wconf 88' lang='lat' dir='ltr'>aliena</span> <span class='ocrx_word' id='word_1_654' title='bbox 1925 1797 2066 1833; x_wconf 80' lang='lat' dir='ltr'>nomina,</span> <span class='ocrx_word' id='word_1_655' title='bbox 2091 1797 2187 1828; x_wconf 86' lang='lat' dir='ltr'>iuris-</span> 
     </span>
     <span class='ocr_line' id='line_1_92' title="bbox 1212 1837 2189 1878; baseline 0.002 -10"><span class='ocrx_word' id='word_1_656' title='bbox 1212 1837 1341 1869; x_wconf 88' lang='lat' dir='ltr'>iurandi</span> <span class='ocrx_word' id='word_1_657' title='bbox 1365 1838 1621 1878; x_wconf 86' lang='lat' dir='ltr'>profanationem</span> <span class='ocrx_word' id='word_1_658' title='bbox 1646 1848 1716 1869; x_wconf 90' lang='lat' dir='ltr'>esse</span> <span class='ocrx_word' id='word_1_659' title='bbox 1740 1845 1884 1870; x_wconf 88' lang='lat' dir='ltr'>testatur.</span> <span class='ocrx_word' id='word_1_660' title='bbox 1922 1838 2030 1870; x_wconf 87' lang='lat' dir='ltr'>Huius</span> <span class='ocrx_word' id='word_1_661' title='bbox 2053 1839 2100 1870; x_wconf 89' lang='lat' dir='ltr'>rei</span> <span class='ocrx_word' id='word_1_662' title='bbox 2124 1845 2189 1871; x_wconf 88' lang='lat' dir='ltr'>tres</span> 
     </span>
     <span class='ocr_line' id='line_1_93' title="bbox 1213 1881 2188 1922; baseline 0.001 -10"><span class='ocrx_word' id='word_1_663' title='bbox 1213 1881 1416 1921; x_wconf 82' lang='lat' dir='ltr'>potissimum</span> <span class='ocrx_word' id='word_1_664' title='bbox 1440 1887 1517 1912; x_wconf 89' lang='lat' dir='ltr'>sunt</span> <span class='ocrx_word' id='word_1_665' title='bbox 1539 1891 1664 1913; x_wconf 86' lang='lat' dir='ltr'>causae.</span> <span class='ocrx_word' id='word_1_666' title='bbox 1706 1881 1791 1912; x_wconf 88' lang='lat' dir='ltr'>Nam</span> <span class='ocrx_word' id='word_1_667' title='bbox 1815 1882 1868 1913; x_wconf 91' lang='lat' dir='ltr'>ubi</span> <span class='ocrx_word' id='word_1_668' title='bbox 1893 1892 1951 1913; x_wconf 89' lang='lat' dir='ltr'>nos</span> <span class='ocrx_word' id='word_1_669' title='bbox 1976 1881 2188 1922; x_wconf 84' lang='lat' dir='ltr'>proferendae</span> 
     </span>
     <span class='ocr_line' id='line_1_94' title="bbox 1212 1923 2188 1956; baseline 0.002 -2"><span class='ocrx_word' id='word_1_670' title='bbox 1212 1925 1245 1955; x_wconf 88' lang='lat' dir='ltr'>in</span> <span class='ocrx_word' id='word_1_671' title='bbox 1269 1924 1373 1955; x_wconf 88' lang='lat' dir='ltr'>lucem</span> <span class='ocrx_word' id='word_1_672' title='bbox 1397 1923 1545 1955; x_wconf 83' lang='lat' dir='ltr'>veritatis</span> <span class='ocrx_word' id='word_1_673' title='bbox 1568 1923 1678 1955; x_wconf 87' lang='lat' dir='ltr'>deficit</span> <span class='ocrx_word' id='word_1_674' title='bbox 1701 1926 1798 1955; x_wconf 87' lang='lat' dir='ltr'>ratio:</span> <span class='ocrx_word' id='word_1_675' title='bbox 1828 1934 1891 1955; x_wconf 88' lang='lat' dir='ltr'>non</span> <span class='ocrx_word' id='word_1_676' title='bbox 1922 1925 1986 1955; x_wconf 91' lang='lat' dir='ltr'>alio</span> <span class='ocrx_word' id='word_1_677' title='bbox 2009 1925 2081 1956; x_wconf 89' lang='lat' dir='ltr'>eius</span> <span class='ocrx_word' id='word_1_678' title='bbox 2104 1935 2188 1956; x_wconf 83' lang='lat' dir='ltr'>asse-</span> 
     </span>
     <span class='ocr_line' id='line_1_95' title="bbox 1212 1966 2186 2008; baseline 0 -10"><span class='ocrx_word' id='word_1_679' title='bbox 1212 1966 1331 1998; x_wconf 89' lang='lat' dir='ltr'>rendae</span> <span class='ocrx_word' id='word_1_680' title='bbox 1363 1976 1460 1998; x_wconf 86' lang='lat' dir='ltr'>causa</span> <span class='ocrx_word' id='word_1_681' title='bbox 1492 1967 1541 1998; x_wconf 86' lang='lat' dir='ltr'>fas</span> <span class='ocrx_word' id='word_1_682' title='bbox 1573 1970 1622 1998; x_wconf 87' lang='lat' dir='ltr'>est</span> <span class='ocrx_word' id='word_1_683' title='bbox 1654 1968 1831 2008; x_wconf 84' lang='lat' dir='ltr'>confugere</span> <span class='ocrx_word' id='word_1_684' title='bbox 1864 1978 1961 2007; x_wconf 88' lang='lat' dir='ltr'>quam</span> <span class='ocrx_word' id='word_1_685' title='bbox 1996 1966 2037 1998; x_wconf 84' lang='lat' dir='ltr'>ad</span> <span class='ocrx_word' id='word_1_686' title='bbox 2070 1966 2186 2005; x_wconf 92' lang='lat' dir='ltr'>Deum,</span> 
     </span>
     <span class='ocr_line' id='line_1_96' title="bbox 1212 2010 2188 2050; baseline 0.001 -10"><span class='ocrx_word' id='word_1_687' title='bbox 1212 2010 1267 2050; x_wconf 90' lang='lat' dir='ltr'>qui</span> <span class='ocrx_word' id='word_1_688' title='bbox 1296 2010 1364 2049; x_wconf 89' lang='lat' dir='ltr'>ipse</span> <span class='ocrx_word' id='word_1_689' title='bbox 1393 2017 1442 2041; x_wconf 86' lang='lat' dir='ltr'>est</span> <span class='ocrx_word' id='word_1_690' title='bbox 1471 2015 1603 2041; x_wconf 88' lang='lat' dir='ltr'>aeterna</span> <span class='ocrx_word' id='word_1_691' title='bbox 1634 2011 1761 2041; x_wconf 78' lang='lat' dir='ltr'>veritae.</span> <span class='ocrx_word' id='word_1_692' title='bbox 1817 2010 1941 2041; x_wconf 86' lang='lat' dir='ltr'>Deinde</span> <span class='ocrx_word' id='word_1_693' title='bbox 1972 2020 2071 2050; x_wconf 88' lang='lat' dir='ltr'>quum</span> <span class='ocrx_word' id='word_1_694' title='bbox 2100 2010 2188 2041; x_wconf 86' lang='lat' dir='ltr'>solus</span> 
     </span>
     <span class='ocr_line' id='line_1_97' title="bbox 1212 2052 2186 2093; baseline -0.001 -9"><span class='ocrx_word' id='word_1_695' title='bbox 1212 2053 1254 2084; x_wconf 90' lang='lat' dir='ltr'>sit</span> <span class='ocrx_word' id='word_1_696' title='bbox 1276 2052 1421 2084; x_wconf 87' lang='lat' dir='ltr'>cordium</span> <span class='ocrx_word' id='word_1_697' title='bbox 1444 2053 1604 2092; x_wconf 85' lang='lat' dir='ltr'>cognitor,</span> <span class='ocrx_word' id='word_1_698' title='bbox 1626 2053 1764 2093; x_wconf 88' lang='lat' dir='ltr'>eripitur</span> <span class='ocrx_word' id='word_1_699' title='bbox 1786 2052 1834 2083; x_wconf 90' lang='lat' dir='ltr'>illi</span> <span class='ocrx_word' id='word_1_700' title='bbox 1857 2063 1952 2084; x_wconf 88' lang='lat' dir='ltr'>suum</span> <span class='ocrx_word' id='word_1_701' title='bbox 1975 2053 2127 2091; x_wconf 83' lang='lat' dir='ltr'>officium,</span> <span class='ocrx_word' id='word_1_702' title='bbox 2159 2053 2186 2084; x_wconf 88' lang='lat' dir='ltr'>si</span> 
     </span>
     <span class='ocr_line' id='line_1_98' title="bbox 1213 2095 2187 2137; baseline -0.001 -10"><span class='ocrx_word' id='word_1_703' title='bbox 1213 2096 1246 2127; x_wconf 88' lang='lat' dir='ltr'>in</span> <span class='ocrx_word' id='word_1_704' title='bbox 1270 2095 1365 2126; x_wconf 87' lang='lat' dir='ltr'>rebus</span> <span class='ocrx_word' id='word_1_705' title='bbox 1387 2095 1520 2127; x_wconf 84' lang='lat' dir='ltr'>occultis</span> <span class='ocrx_word' id='word_1_706' title='bbox 1542 2101 1576 2126; x_wconf 88' lang='lat' dir='ltr'>et</span> <span class='ocrx_word' id='word_1_707' title='bbox 1599 2106 1680 2137; x_wconf 88' lang='lat' dir='ltr'>quae</span> <span class='ocrx_word' id='word_1_708' title='bbox 1703 2096 1871 2127; x_wconf 88' lang='lat' dir='ltr'>hominum</span> <span class='ocrx_word' id='word_1_709' title='bbox 1895 2095 2050 2127; x_wconf 87' lang='lat' dir='ltr'>iudicium</span> <span class='ocrx_word' id='word_1_710' title='bbox 2075 2096 2187 2135; x_wconf 85' lang='lat' dir='ltr'>latent,</span> 
     </span>
     <span class='ocr_line' id='line_1_99' title="bbox 1212 2138 2185 2178; baseline 0 -9"><span class='ocrx_word' id='word_1_711' title='bbox 1212 2148 1424 2178; x_wconf 86' lang='lat' dir='ltr'>provocamus</span> <span class='ocrx_word' id='word_1_712' title='bbox 1439 2138 1477 2169; x_wconf 88' lang='lat' dir='ltr'>ad</span> <span class='ocrx_word' id='word_1_713' title='bbox 1502 2138 1601 2170; x_wconf 90' lang='lat' dir='ltr'>alium</span> <span class='ocrx_word' id='word_1_714' title='bbox 1624 2138 1772 2171; x_wconf 89' lang='lat' dir='ltr'>iudicem.</span> <span class='ocrx_word' id='word_1_715' title='bbox 1803 2139 1923 2177; x_wconf 75' lang='lat' dir='ltr'>Tertio,</span> <span class='ocrx_word' id='word_1_716' title='bbox 1946 2139 2021 2178; x_wconf 90' lang='lat' dir='ltr'>quia</span> <span class='ocrx_word' id='word_1_717' title='bbox 2040 2138 2185 2176; x_wconf 87' lang='lat' dir='ltr'>iurando,</span> 
     </span>
     <span class='ocr_line' id='line_1_100' title="bbox 1213 2180 2187 2221; baseline 0 -9"><span class='ocrx_word' id='word_1_718' title='bbox 1213 2192 1278 2212; x_wconf 90' lang='lat' dir='ltr'>non</span> <span class='ocrx_word' id='word_1_719' title='bbox 1295 2182 1400 2221; x_wconf 88' lang='lat' dir='ltr'>ipsum</span> <span class='ocrx_word' id='word_1_720' title='bbox 1420 2180 1513 2212; x_wconf 90' lang='lat' dir='ltr'>modo</span> <span class='ocrx_word' id='word_1_721' title='bbox 1535 2182 1674 2213; x_wconf 85' lang='lat' dir='ltr'>citamus</span> <span class='ocrx_word' id='word_1_722' title='bbox 1697 2185 1823 2219; x_wconf 85' lang='lat' dir='ltr'>testem,</span> <span class='ocrx_word' id='word_1_723' title='bbox 1847 2182 1902 2213; x_wconf 91' lang='lat' dir='ltr'>sed</span> <span class='ocrx_word' id='word_1_724' title='bbox 1927 2182 2024 2212; x_wconf 88' lang='lat' dir='ltr'>etiam</span> <span class='ocrx_word' id='word_1_725' title='bbox 2048 2181 2187 2212; x_wconf 90' lang='lat' dir='ltr'>obtesta-</span> 
     </span>
     <span class='ocr_line' id='line_1_101' title="bbox 1213 2224 2184 2264; baseline 0 -10"><span class='ocrx_word' id='word_1_726' title='bbox 1213 2234 1287 2255; x_wconf 84' lang='lat' dir='ltr'>mur</span> <span class='ocrx_word' id='word_1_727' title='bbox 1310 2229 1345 2255; x_wconf 90' lang='lat' dir='ltr'>ut</span> <span class='ocrx_word' id='word_1_728' title='bbox 1368 2224 1410 2255; x_wconf 88' lang='lat' dir='ltr'>sit</span> <span class='ocrx_word' id='word_1_729' title='bbox 1433 2224 1567 2264; x_wconf 91' lang='lat' dir='ltr'>periurii</span> <span class='ocrx_word' id='word_1_730' title='bbox 1591 2224 1711 2256; x_wconf 89' lang='lat' dir='ltr'>vindex</span> <span class='ocrx_word' id='word_1_731' title='bbox 1733 2225 1760 2256; x_wconf 91' lang='lat' dir='ltr'>si</span> <span class='ocrx_word' id='word_1_732' title='bbox 1784 2224 1938 2256; x_wconf 86' lang='lat' dir='ltr'>fallimus.</span> <span class='ocrx_word' id='word_1_733' title='bbox 1983 2224 2095 2263; x_wconf 79' lang='lat' dir='ltr'>Quare</span> <span class='ocrx_word' id='word_1_734' title='bbox 2119 2234 2184 2255; x_wconf 91' lang='lat' dir='ltr'>non</span> 
     </span>
     <span class='ocr_line' id='line_1_102' title="bbox 1213 2267 2186 2299; baseline 0.001 -2"><span class='ocrx_word' id='word_1_735' title='bbox 1213 2268 1329 2298; x_wconf 92' lang='lat' dir='ltr'>mirum</span> <span class='ocrx_word' id='word_1_736' title='bbox 1352 2272 1400 2297; x_wconf 88' lang='lat' dir='ltr'>est</span> <span class='ocrx_word' id='word_1_737' title='bbox 1420 2267 1447 2298; x_wconf 86' lang='lat' dir='ltr'>si</span> <span class='ocrx_word' id='word_1_738' title='bbox 1471 2272 1536 2298; x_wconf 86' lang='lat' dir='ltr'>tatu</span> <span class='ocrx_word' id='word_1_739' title='bbox 1561 2267 1772 2299; x_wconf 86' lang='lat' dir='ltr'>vehementer</span> <span class='ocrx_word' id='word_1_740' title='bbox 1794 2267 2010 2299; x_wconf 82' lang='lat' dir='ltr'>excandescat</span> <span class='ocrx_word' id='word_1_741' title='bbox 2030 2267 2186 2298; x_wconf 86' lang='lat' dir='ltr'>adversus</span> 
     </span>
     <span class='ocr_line' id='line_1_103' title="bbox 1212 2309 2183 2350; baseline -0.001 -9"><span class='ocrx_word' id='word_1_742' title='bbox 1212 2320 1266 2341; x_wconf 90' lang='lat' dir='ltr'>eos</span> <span class='ocrx_word' id='word_1_743' title='bbox 1289 2309 1343 2350; x_wconf 90' lang='lat' dir='ltr'>qui</span> <span class='ocrx_word' id='word_1_744' title='bbox 1367 2320 1425 2349; x_wconf 92' lang='lat' dir='ltr'>per</span> <span class='ocrx_word' id='word_1_745' title='bbox 1446 2309 1534 2341; x_wconf 89' lang='lat' dir='ltr'>aliud</span> <span class='ocrx_word' id='word_1_746' title='bbox 1558 2321 1677 2341; x_wconf 89' lang='lat' dir='ltr'>nomen</span> <span class='ocrx_word' id='word_1_747' title='bbox 1701 2311 1819 2342; x_wconf 87' lang='lat' dir='ltr'>iurant.</span> <span class='ocrx_word' id='word_1_748' title='bbox 1865 2310 2072 2341; x_wconf 76' lang='lat' dir='ltr'>Tantundem</span> <span class='ocrx_word' id='word_1_749' title='bbox 2096 2309 2183 2340; x_wconf 89' lang='lat' dir='ltr'>enim</span> 
     </span>
     <span class='ocr_line' id='line_1_104' title="bbox 1212 2352 2186 2392; baseline -0.001 -8"><span class='ocrx_word' id='word_1_750' title='bbox 1212 2353 1257 2384; x_wconf 94' lang='lat' dir='ltr'>illi</span> <span class='ocrx_word' id='word_1_751' title='bbox 1287 2352 1441 2383; x_wconf 87' lang='lat' dir='ltr'>adimitur</span> <span class='ocrx_word' id='word_1_752' title='bbox 1467 2363 1508 2383; x_wconf 88' lang='lat' dir='ltr'>ex</span> <span class='ocrx_word' id='word_1_753' title='bbox 1531 2363 1589 2384; x_wconf 90' lang='lat' dir='ltr'>suo</span> <span class='ocrx_word' id='word_1_754' title='bbox 1612 2353 1745 2385; x_wconf 88' lang='lat' dir='ltr'>honore.</span> <span class='ocrx_word' id='word_1_755' title='bbox 1790 2353 1885 2392; x_wconf 84' lang='lat' dir='ltr'>Quod</span> <span class='ocrx_word' id='word_1_756' title='bbox 1909 2359 2016 2384; x_wconf 87' lang='lat' dir='ltr'>autem</span> <span class='ocrx_word' id='word_1_757' title='bbox 2040 2352 2186 2384; x_wconf 84' lang='lat' dir='ltr'>diversae</span> 
     </span>
     <span class='ocr_line' id='line_1_105' title="bbox 1212 2395 2184 2436; baseline -0.002 -9"><span class='ocrx_word' id='word_1_758' title='bbox 1212 2395 1374 2427; x_wconf 89' lang='lat' dir='ltr'>interdum</span> <span class='ocrx_word' id='word_1_759' title='bbox 1406 2395 1563 2427; x_wconf 84' lang='lat' dir='ltr'>formulae</span> <span class='ocrx_word' id='word_1_760' title='bbox 1592 2404 1793 2436; x_wconf 83' lang='lat' dir='ltr'>usurpantur</span> <span class='ocrx_word' id='word_1_761' title='bbox 1823 2396 1857 2427; x_wconf 91' lang='lat' dir='ltr'>in</span> <span class='ocrx_word' id='word_1_762' title='bbox 1891 2398 2067 2435; x_wconf 85' lang='lat' dir='ltr'>scriptura,</span> <span class='ocrx_word' id='word_1_763' title='bbox 2102 2395 2184 2426; x_wconf 89' lang='lat' dir='ltr'>nihil</span> 
     </span>
     <span class='ocr_line' id='line_1_106' title="bbox 1211 2437 2186 2479; baseline -0.001 -9"><span class='ocrx_word' id='word_1_764' title='bbox 1211 2448 1284 2470; x_wconf 89' lang='lat' dir='ltr'>cum</span> <span class='ocrx_word' id='word_1_765' title='bbox 1315 2437 1375 2469; x_wconf 86' lang='lat' dir='ltr'>hac</span> <span class='ocrx_word' id='word_1_766' title='bbox 1402 2437 1550 2470; x_wconf 86' lang='lat' dir='ltr'>doctrina</span> <span class='ocrx_word' id='word_1_767' title='bbox 1572 2446 1706 2479; x_wconf 85' lang='lat' dir='ltr'>pugnat.</span> <span class='ocrx_word' id='word_1_768' title='bbox 1750 2438 1864 2479; x_wconf 90' lang='lat' dir='ltr'>Neque</span> <span class='ocrx_word' id='word_1_769' title='bbox 1887 2440 1973 2470; x_wconf 88' lang='lat' dir='ltr'>enim</span> <span class='ocrx_word' id='word_1_770' title='bbox 1996 2438 2105 2469; x_wconf 86' lang='lat' dir='ltr'>iurant</span> <span class='ocrx_word' id='word_1_771' title='bbox 2128 2448 2186 2479; x_wconf 81' lang='lat' dir='ltr'>per</span> 
     </span>
     <span class='ocr_line' id='line_1_107' title="bbox 1212 2480 2183 2522; baseline -0.002 -9"><span class='ocrx_word' id='word_1_772' title='bbox 1212 2481 1335 2513; x_wconf 91' lang='lat' dir='ltr'>coelum</span> <span class='ocrx_word' id='word_1_773' title='bbox 1364 2486 1396 2512; x_wconf 86' lang='lat' dir='ltr'>et</span> <span class='ocrx_word' id='word_1_774' title='bbox 1426 2486 1556 2517; x_wconf 87' lang='lat' dir='ltr'>terram,</span> <span class='ocrx_word' id='word_1_775' title='bbox 1586 2482 1677 2522; x_wconf 87' lang='lat' dir='ltr'>quasi</span> <span class='ocrx_word' id='word_1_776' title='bbox 1708 2492 1827 2513; x_wconf 91' lang='lat' dir='ltr'>numen</span> <span class='ocrx_word' id='word_1_777' title='bbox 1858 2482 1922 2513; x_wconf 86' lang='lat' dir='ltr'>illis</span> <span class='ocrx_word' id='word_1_778' title='bbox 1946 2480 2073 2521; x_wconf 87' lang='lat' dir='ltr'>aliquod</span> <span class='ocrx_word' id='word_1_779' title='bbox 2098 2481 2183 2512; x_wconf 86' lang='lat' dir='ltr'>defe—</span> 
     </span>
     <span class='ocr_line' id='line_1_108' title="bbox 1212 2523 2182 2565; baseline -0.002 -10"><span class='ocrx_word' id='word_1_780' title='bbox 1212 2528 1297 2563; x_wconf 86' lang='lat' dir='ltr'>rant,</span> <span class='ocrx_word' id='word_1_781' title='bbox 1330 2523 1381 2555; x_wconf 87' lang='lat' dir='ltr'>vel</span> <span class='ocrx_word' id='word_1_782' title='bbox 1415 2524 1584 2555; x_wconf 87' lang='lat' dir='ltr'>minimam</span> <span class='ocrx_word' id='word_1_783' title='bbox 1618 2524 1801 2556; x_wconf 87' lang='lat' dir='ltr'>divinitatis</span> <span class='ocrx_word' id='word_1_784' title='bbox 1835 2532 1961 2565; x_wconf 88' lang='lat' dir='ltr'>partem</span> <span class='ocrx_word' id='word_1_785' title='bbox 1994 2524 2059 2555; x_wconf 88' lang='lat' dir='ltr'>illis</span> <span class='ocrx_word' id='word_1_786' title='bbox 2092 2524 2182 2554; x_wconf 86' lang='lat' dir='ltr'>attri-</span> 
     </span>
     <span class='ocr_line' id='line_1_109' title="bbox 1213 2566 2182 2609; baseline -0.002 -11"><span class='ocrx_word' id='word_1_787' title='bbox 1213 2567 1325 2599; x_wconf 89' lang='lat' dir='ltr'>buant:</span> <span class='ocrx_word' id='word_1_788' title='bbox 1353 2566 1409 2597; x_wconf 87' lang='lat' dir='ltr'>sed</span> <span class='ocrx_word' id='word_1_789' title='bbox 1434 2566 1495 2597; x_wconf 86' lang='lat' dir='ltr'>hac</span> <span class='ocrx_word' id='word_1_790' title='bbox 1518 2566 1648 2607; x_wconf 90' lang='lat' dir='ltr'>obliqua</span> <span class='ocrx_word' id='word_1_791' title='bbox 1678 2566 1729 2608; x_wconf 92' lang='lat' dir='ltr'>(ut</span> <span class='ocrx_word' id='word_1_792' title='bbox 1751 2567 1796 2597; x_wconf 86' lang='lat' dir='ltr'>ita</span> <span class='ocrx_word' id='word_1_793' title='bbox 1820 2567 1937 2609; x_wconf 85' lang='lat' dir='ltr'>dicam)</span> <span class='ocrx_word' id='word_1_794' title='bbox 1968 2567 2182 2598; x_wconf 90' lang='lat' dir='ltr'>obtestatione</span> 
     </span>
     <span class='ocr_line' id='line_1_110' title="bbox 1212 2608 2182 2650; baseline -0.003 -9"><span class='ocrx_word' id='word_1_795' title='bbox 1212 2611 1245 2641; x_wconf 90' lang='lat' dir='ltr'>in</span> <span class='ocrx_word' id='word_1_796' title='bbox 1278 2619 1380 2640; x_wconf 91' lang='lat' dir='ltr'>unum</span> <span class='ocrx_word' id='word_1_797' title='bbox 1404 2608 1511 2640; x_wconf 91' lang='lat' dir='ltr'>Deum</span> <span class='ocrx_word' id='word_1_798' title='bbox 1542 2610 1728 2650; x_wconf 88' lang='lat' dir='ltr'>respiciunt.</span> <span class='ocrx_word' id='word_1_799' title='bbox 1774 2609 1862 2641; x_wconf 81' lang='lat' dir='ltr'>Sunt</span> <span class='ocrx_word' id='word_1_800' title='bbox 1885 2611 1972 2641; x_wconf 91' lang='lat' dir='ltr'>enim</span> <span class='ocrx_word' id='word_1_801' title='bbox 1997 2610 2106 2641; x_wconf 83' lang='lat' dir='ltr'>variae</span> <span class='ocrx_word' id='word_1_802' title='bbox 2127 2608 2182 2638; x_wconf 90' lang='lat' dir='ltr'>ob·</span> 
     </span>
     <span class='ocr_line' id='line_1_111' title="bbox 1211 2651 2182 2693; baseline -0.004 -9"><span class='ocrx_word' id='word_1_803' title='bbox 1211 2652 1392 2684; x_wconf 86' lang='lat' dir='ltr'>testationis</span> <span class='ocrx_word' id='word_1_804' title='bbox 1425 2652 1555 2693; x_wconf 84' lang='lat' dir='ltr'>species.</span> <span class='ocrx_word' id='word_1_805' title='bbox 1612 2652 1790 2693; x_wconf 84' lang='lat' dir='ltr'>Praecipua</span> <span class='ocrx_word' id='word_1_806' title='bbox 1823 2653 1895 2691; x_wconf 89' lang='lat' dir='ltr'>illa,</span> <span class='ocrx_word' id='word_1_807' title='bbox 1934 2652 2010 2684; x_wconf 89' lang='lat' dir='ltr'>dum</span> <span class='ocrx_word' id='word_1_808' title='bbox 2044 2651 2182 2682; x_wconf 89' lang='lat' dir='ltr'>iudicem</span> 
     </span>
    </p>
   </div>
  </div>
 </body>
</html>
