2513 3126
121 204 184 235 349
1002 200 1150 231 CAPUT
1175 199 1233 231 IV.
2054 206 2117 236 350

124 303 200 334 hinc
229 302 409 344 colligimus
433 302 520 342 prius
551 301 647 332 fuisse
675 298 757 338 apud
789 303 1021 345 patremaquo
1045 307 1093 328 os-

124 346 268 377 tenditur
304 350 435 377 aeterna
465 346 533 375 eius
564 342 726 374 divinitas.
772 339 881 379 Quum
917 340 994 371 dicit
1029 350 1094 371 ve-

125 389 239 420 nisse
258 389 299 419 in
319 398 457 427 carne,
480 385 640 426 signifieat
656 393 785 415 earnem
803 382 964 414 induendo
981 392 1094 413 verum

124 431 289 462 homiuem
321 440 390 462 esse
415 430 543 465 factum,
575 426 718 458 eiusdem
751 425 918 457 nobiscum
950 430 1094 463 naturae,

125 479 159 504 ut
182 474 284 505 frater
314 478 423 504 noster
444 472 552 502 fieret:
583 469 646 500 nisi
670 469 752 508 quod
783 468 822 499 ab
852 469 937 499 omni
962 468 1040 499 vitio
1063 473 1095 499 et

123 515 306 556 corruptela
334 515 394 546 fuit
414 513 575 544 immunis.
622 511 792 543 Postremo
816 521 917 551 quum
941 510 1017 542 dicit
1039 521 1094 558 rse-
1120 535 1121 550 ἦ

125 559 219 597 111888,
243 557 384 589 notanda
407 560 454 587 est
478 555 637 586 adventus
657 555 725 585 eius
748 563 860 585 causa:
885 563 989 594 neque
1007 563 1093 584 enim

123 603 247 632 frustra
269 611 288 631 a
310 602 400 640 patre
431 598 550 629 missus
580 601 638 629 est.
684 597 771 628 Hinc
802 596 920 637 pendet
952 596 1093 627 officium

124 643 248 675 Christi
281 653 318 674 ac
352 641 462 672 virtus.
512 640 600 680 Ergo
633 639 905 680 quemadmodum
939 639 1094 670 haeretici

124 691 248 718 veteres
281 685 320 715 ab
352 684 414 715 hac
447 682 512 713 fide
553 682 758 720 exciderunt,
798 683 914 723 partim
950 681 1092 713 divinam

123 728 246 761 Christi
269 731 430 766 naturam,
453 726 570 766 partim
594 725 771 757 humanam
788 725 947 766 negando,
971 725 1016 755 ita
1036 724 1092 755 ho-

123 771 174 802 die
197 770 348 811 papistae‚
372 768 447 799 licet
471 767 641 800 Christum
664 768 827 799 fateantur
850 767 956 799 Deum
981 771 1013 798 et
1037 767 1093 798 ho-

122 814 250 849 minem,
282 812 415 842 minime
445 815 554 842 tamen
578 810 813 842 confessionem
844 810 928 842 hanc
953 810 1094 841 retinent

122 865 215 896 quam
239 854 374 894 requirit
397 854 571 894 apostolus,
600 853 675 894 quia
698 853 867 884 Christum
892 854 1013 885 virtute
1036 863 1094 884 sua

121 897 270 938 spoliant.
307 896 392 928 Nam
415 896 469 927 ubi
490 896 626 928 liberum
643 907 738 928 suum
758 896 937 934 arbitrium,
960 905 1094 936 operum

122 940 247 977 merita,
270 940 400 971 fictitios
423 939 541 978 cultus,
565 939 808 975 satisfactiones,
832 944 1016 971 sanctorum
1038 949 1093 978 pa-

122 982 258 1014 trocinia
292 987 492 1023 statuerunt,
531 982 723 1022 quantulum
759 982 891 1013 Christo
930 981 1094 1013 residuum

121 1024 254 1057 manet?
299 1025 372 1056 Hoc
403 1035 480 1066 ergo
513 1025 611 1056 sentit-
644 1025 817 1065 apostolus,
852 1025 981 1065 quando
1011 1035 1095 1055 sum·

123 1078 209 1099 mam
239 1067 404 1100 doctrinae
436 1067 565 1108 pietatis
594 1068 627 1099 in
660 1078 693 1099 se
723 1067 949 1108 complectitur
972 1066 1094 1099 Christi

124 1111 249 1151 not-itia,
283 1121 411 1151 semper
442 1110 518 1142 illuc
546 1110 762 1142 coniiciendos
793 1116 824 1141 et
854 1110 998 1151 figendos
1026 1120 1095 1141 esse

124 1153 243 1191 oculos,
268 1164 308 1184 ne
330 1153 491 1185 fallamur.
527 1153 571 1184 Et
593 1159 679 1185 certe
697 1153 848 1185 Christus
871 1153 952 1193 legis
971 1157 1002 1184 et
1026 1163 1095 1193 pro-

124 1197 296 1236 phetarum
321 1197 394 1227 finis
422 1201 477 1228 est.
525 1196 592 1228 Nec
623 1196 708 1228 aliud
733 1207 773 1227 ex
803 1196 972 1237 evangelio
1002 1195 1094 1227 disci-

124 1249 197 1270 mus
220 1249 315 1279 quam
339 1239 407 1270 eius
430 1240 496 1270 vim
520 1244 553 1270 et
575 1240 723 1280 gratiam.

207 1282 236 1313 3.
258 1281 302 1313 Et
316 1281 365 1313 hic
379 1284 424 1313 est
434 1281 658 1313 Antichristus.
694 1282 765 1313 Hoc
783 1281 905 1313 addidit
919 1281 1094 1321 apostolus,

124 1335 186 1365 quo
220 1325 324 1364 magis
359 1324 565 1356 detestabiles
600 1325 749 1356 redderet
786 1325 981 1365 imposturas
1015 1334 1095 1364 quae

122 1377 181 1398 nos
212 1377 230 1398 a
254 1366 386 1399 Christo
415 1367 588 1399 abducunt.
638 1368 792 1399 Diximus
822 1368 907 1398 enim
937 1367 1093 1399 celebrem

122 1419 158 1441 ac
182 1410 292 1441 tritam
317 1411 415 1442 fuisse
439 1410 619 1442 doctrinam
644 1410 683 1442 de
706 1421 805 1451 regno
825 1410 1034 1442 Antichristi:
1060 1416 1095 1441 ut

122 1452 161 1483 de
203 1453 314 1484 futura
355 1453 508 1485 ecclesiae
546 1453 754 1493 dissipatione
792 1453 947 1484 admoniti
984 1453 1095 1485 fideles

122 1495 259 1527 sollicite
290 1495 350 1526 sibi
378 1499 541 1528 caverent.
587 1496 707 1527 Merito
736 1496 836 1537 igitur
865 1499 1020 1536 tanquam
1044 1497 1093 1527 in-

122 1538 207 1570 fame
234 1544 267 1569 et
297 1538 480 1570 ominosum
511 1539 686 1570 horrebant
717 1538 803 1570 istud
827 1549 954 1570 nomen.
1000 1538 1095 1570 Nunc

123 1580 198 1612 dicit
222 1581 396 1621 apostolus,
420 1581 565 1613 membra
585 1592 655 1613 esse
671 1582 768 1613 huius
784 1583 887 1622 regni,
910 1582 1094 1622 quicunque
1120 1588 1122 1621 ζ

123 1622 255 1655 Christo
279 1623 464 1655 detrahunt.
500 1624 586 1656 Dicit
607 1629 716 1656 autem
732 1625 883 1665 spiritum
900 1624 1093 1656 Antichristi
1120 1644 1122 1647 >

122 1670 343 1697 venturum
367 1671 399 1697 et
422 1667 500 1697 iam
524 1677 615 1699 esse
638 1668 670 1698 in
691 1667 821 1707 mundo,
843 1667 971 1698 diverso
986 1677 1092 1699 sensu.

122 1709 215 1740 Tunc
248 1709 335 1740 enim
370 1710 434 1740 iam
469 1710 501 1741 in
537 1710 658 1741 mundo
686 1711 784 1742 fuisse
814 1709 985 1750 intelligit:
1020 1711 1095 1751 quia

122 1751 316 1783 moliebatur
346 1752 526 1792 iniquitatis
555 1762 633 1784 suae
661 1763 824 1785 arcanum.
870 1752 955 1792 Quia
986 1759 1094 1785 tamen
1120 1755 1122 1763 '

122 1794 267 1825 nondum
298 1804 454 1835 oppressa
484 1801 554 1826 erat
577 1795 639 1827 Dei
663 1797 782 1827 veritas
805 1795 893 1827 falsis
917 1800 948 1826 et
970 1796 1093 1827 adulte·
1119 1803 1121 1819 ³

122 1837 203 1868 riuis
233 1837 449 1878 dogmatibus,
480 1838 622 1870 nondum
655 1844 807 1879 corrupto
832 1839 893 1870 Dei
925 1839 1013 1870 cultu
1044 1840 1093 1870 in·
1119 1870 1121 1877 ,

123 1880 271 1911 valuerat
294 1880 493 1921 superstitio,
517 1881 661 1912 nondum
682 1881 824 1912 mundus
843 1881 999 1913 scelerata
1022 1892 1093 1922 per-

122 1922 198 1954 fidia
214 1933 232 1954 a
249 1922 382 1954 Christo
398 1923 568 1964 defecerat,
594 1924 737 1955 nondum
755 1935 789 1955 se
809 1924 914 1964 palam
932 1925 1094 1956 extulerat
1119 1938 1120 1942 ¹

122 1966 281 2007 tyrannis,
299 1964 421 1997 Christi
436 1976 537 2007 regno
553 1967 715 2008 opposita:
733 1966 802 1998 ideo
817 1971 988 1999 venturum
1005 1967 1091 2000 dicit.
1118 1972 1121 2025 ᾳ

206 2051 235 2082 4.
268 2051 328 2083 Vos
357 2061 394 2082 eoe
417 2051 484 2083 Deo
511 2052 585 2084 estis
605 2051 705 2092 filioli,
733 2055 761 2084 et
782 2053 900 2084 vicistis
922 2063 988 2084 eos:
1017 2054 1092 2093 quia

119 2095 224 2126 maior
256 2097 301 2126 est
332 2095 387 2134 qui
420 2097 462 2126 est
495 2096 529 2126 in
562 2095 661 2133 vobis,
696 2105 791 2135 quam
823 2096 878 2135 qui
904 2096 939 2126 in
967 2096 1091 2128 mundo.

121 2137 151 2168 5.
175 2137 248 2177 Ipsi
263 2147 301 2168 ex
316 2137 431 2169 mundo
445 2141 532 2169 sunt:
549 2141 715 2178 propterea
733 2149 771 2169 ex
786 2138 900 2170 mundo
916 2138 1090 2178 loquuntur,

119 2182 146 2211 et
174 2181 310 2212 mundus
341 2190 390 2212 eos
415 2180 513 2212 audit.
565 2181 594 2212 6.
627 2180 694 2212 Nos
717 2191 754 2212 ea:
777 2181 844 2213 Deo
866 2190 982 2213 sumus.
1031 2182 1092 2221 Qui

119 2223 203 2254 novit
231 2222 350 2262 Deum,
384 2223 474 2255 audit
503 2233 572 2255 nos:
605 2224 660 2264 qui
688 2233 750 2255 ‘non
779 2227 822 2254 est
850 2234 886 2255 ex
915 2224 996 2262 Deo,
1030 2235 1091 2256 non

118 2265 208 2297 audit
235 2276 300 2298 nos.
347 2265 388 2297 In
417 2266 471 2298 hoc
500 2267 709 2307 cognoscimus
733 2267 879 2307 spiritum
901 2267 1043 2300 veritatis
1064 2270 1090 2299 et

119 2308 265 2347 spiritum
287 2309 413 2341 erroris.

204 2394 234 2425 4.
273 2394 332 2426 Vos
362 2405 399 2426 ex
421 2394 497 2426 Deo.
543 2395 594 2426 De
625 2406 688 2426 uno
712 2396 914 2427 Antichristo
940 2395 1089 2435 loquutus

120 2440 204 2467 erat:
234 2447 320 2468 nunc
352 2437 460 2477 plures
489 2444 727 2469 commemorat.
773 2438 838 2470 Sed
865 2438 999 2478 pluralis
1028 2449 1088 2470 nu-

121 2488 230 2510 merus
259 2479 298 2510 ad
328 2480 626 2521 pseudoprophetas
658 2482 812 2519 refertur,
847 2481 900 2521 qui
924 2481 987 2512 iam
1012 2486 1089 2513 tune

121 2525 330 2561 emerserant,
346 2524 532 2563 priusquam
549 2529 647 2564 caput
661 2530 814 2555 exstaret.
838 2524 940 2555 Porro
952 2524 1088 2564 apostoli

120 2563 289 2595 consilium
322 2569 378 2602 est,
407 2565 554 2598 fidelibus
586 2566 703 2598 addere
734 2567 867 2604 animos,
899 2569 935 2598 ut
963 2568 1089 2598 fortiter

120 2612 151 2637 et
182 2607 341 2646 intrepide
371 2608 599 2646 impostoribus
629 2610 791 2641 resistant.
838 2610 977 2641 Multum
1001 2610 1087 2641 enim

119 2649 294 2680 alacritatis
331 2650 469 2689 decedit,
504 2662 599 2691 quum
635 2652 730 2684 dubio
760 2657 877 2685 eventu
910 2657 1086 2693 pugnatur.

1148 297 1250 328 Porro
1275 298 1476 329 formidinem
1502 300 1593 331 bonis
1616 301 1759 331 incutere
1779 306 1912 341 poterat,
1936 301 2020 341 quod
2047 303 2114 332 vix-

1148 339 1225 370 dum
1256 346 1370 371 exorto
1394 341 1515 372 Christi
1549 352 1659 383 regu0‚
1691 344 1752 373 iani
1778 345 1807 374 in
1833 344 1899 374 acie
1922 349 2008 375 stare
2032 344 2117 375 vide-

1148 382 1227 413 bant
1251 382 1359 414 bostcs
1383 384 1421 413 ad
1447 385 1525 416 illud
1549 385 1807 425 opprimendum.
1847 387 1935 426 Ergo
1954 393 2117 427 utcunque

1147 425 1338 456 certandum
1361 426 1412 461 sit,
1437 427 1511 458 dicit
1536 433 1644 459 tamen
1668 438 1721 459 eos
1739 429 1868 460 vicisse:
1894 429 1968 469 quia
1993 430 2116 461 felicem

1148 467 1290 498 habituri
1314 468 1381 498 sint
1405 470 1536 501 exitum.
1573 472 1620 502 Ac
1636 471 1662 501 si
1680 471 1810 507 diceret,
1834 473 1866 502 in
1884 472 1989 503 media
2006 483 2117 513 pugna

1147 511 1212 540 iam
1247 515 1341 541 extra
1379 512 1555 550 periculum
1591 523 1645 544 eos
1682 523 1767 550 esse,
1806 515 1878 553 quia
1918 516 2017 546 futuri
2052 515 2118 546 sint

1120 554 1337 592 ,superiores
1393 556 1501 594 Atque
1535 556 1613 588 haec
1646 555 1790 587 doctrina
1822 557 1950 597 longius
1984 557 2116 589 extendi

1148 595 1251 626 debet.
1297 595 1459 636 Quidquid
1491 599 1576 629 enim
1606 599 1819 631 certaminum
1844 601 2039 631 sustinemus
2062 600 2117 632 ad-

1148 648 1261 669 versus
1296 639 1455 670 mundum
1490 646 1521 671 et
1550 651 1694 680 carnem,
1729 642 1934 673 coniunctum
1967 646 2016 673 est
2043 654 2117 674 cum

1147 687 1235 712 certa
1260 681 1400 713 victoria.
1440 682 1505 714 Nos
1536 684 1662 723 quidem
1687 684 1757 715 duri
1781 690 1814 715 et
1836 695 1925 716 acres
1949 686 2117 717 conflictus

1147 729 1291 761 manent,
1324 729 1356 755 et
1386 725 1439 756 alii
1469 726 1605 758 subinde
1635 727 1705 758 aliis
1736 727 1929 759 succedunt:
1964 728 2019 758 sed
2043 728 2119 768 quia

1148 766 1272 798 Christi
1300 767 1422 798 virtute
1452 779 1650 808 pugnamus,
1681 773 1713 800 et
1744 770 1894 802 instructi
1921 780 2032 802 sumus
2058 771 2118 802 Dei

1147 809 1256 848 armis,
1273 810 1447 850 pugnando
1466 817 1497 841 et
1514 811 1688 843 laborando
1704 823 1815 844 sumus
1832 813 1979 845 victores.
2008 812 2118 852 Quan-

1148 857 1216 883 tum
1241 852 1280 882 ad
1304 854 1579 885 circumstantiam
1604 855 1699 886 huius
1723 856 1781 887 loci
1806 856 1955 895 pertinet,
1978 856 2117 896 insignis

1148 900 1198 925 est
1213 895 1400 934 consolatio,
1423 896 1505 936 quod
1523 897 1764 938 quibuscunque
1780 898 1861 930 dolis
1878 909 1936 930 nos
1952 899 2118 930 adoriatur

1149 937 1262 976 Satan,
1294 943 1402 969 tamen
1433 939 1467 970 in
1497 939 1560 970 Dei
1589 941 1726 972 veritate
1754 942 1921 973 stabimus.
1967 941 2031 973 Sed
2062 952 2118 973 no-

1149 981 1246 1012 tanda
1277 986 1327 1012 est
1354 991 1437 1021 quae
1460 991 1536 1013 mox
1559 983 1729 1015 subiicitur
1753 984 1848 1015 ratio:
1877 985 1952 1025 quia
1975 984 2118 1022 maior,

1148 1023 1208 1054 hoc
1238 1026 1288 1055 est
1318 1024 1440 1063 fortior,
1472 1025 1515 1055 sit
1545 1025 1599 1065 qui
1629 1026 1660 1056 in
1685 1025 1776 1057 nobis
1799 1032 1857 1065 est,
1888 1037 1984 1067 quam
2007 1027 2119 1067 quiin

1149 1066 1279 1097 mundo.
1314 1067 1396 1098 Nam
1421 1078 1458 1098 ea
1481 1072 1530 1099 est
1552 1070 1664 1099 nostra
1683 1069 1867 1106 infirmitas,
1891 1075 1926 1101 ut
1945 1074 2119 1110 antequam

1149 1119 1264 1140 manus
1287 1119 1494 1141 conseramus
1513 1121 1585 1142 cum
1610 1111 1711 1149 hoste,
1734 1112 1941 1144 succumbere
1961 1118 2119 1153 oporteat.

1150 1151 1271 1184 Sumus
1301 1153 1386 1183 enim
1418 1153 1565 1193 impliciti
1595 1154 1790 1194 ignorantia,
1820 1155 1952 1195 ideoque
1980 1156 2119 1195 expositi

1148 1195 1188 1225 ad
1219 1205 1332 1226 omnes
1362 1195 1520 1228 fallacias:
1552 1195 1655 1228 Satan
1686 1203 1792 1228 autem
1817 1198 1917 1230 mirus
1940 1197 1980 1229 ad
2005 1198 2119 1230 fallen-

1149 1237 1226 1268 dum
1251 1239 1376 1269 artifex.
1424 1238 1459 1270 Si
1481 1240 1730 1270 sustinuerimus
1753 1241 1791 1270 ad
1816 1240 1899 1271 diem
1925 1251 2037 1281 unum,
2063 1240 2119 1272 ob·

1149 1285 1241 1321 repet
1278 1286 1386 1312 tamen
1424 1282 1540 1313 animis
1579 1283 1697 1314 nostris
1735 1282 1895 1315 dubitatio
1935 1284 2012 1323 quid
2050 1294 2121 1316 cras

1149 1324 1295 1355 futurum
1324 1324 1380 1355 sit:
1412 1324 1455 1355 ita
1485 1330 1638 1365 perpetuo
1668 1326 1787 1357 erimus
1810 1327 1909 1358 anxii.
1955 1326 2120 1357 Admonet

1148 1377 1225 1407 ergo
1260 1368 1425 1407 apostolus
1458 1378 1523 1398 non
1555 1368 1683 1408 propria
1712 1378 1784 1405 nos,
1817 1368 1873 1399 sed
1904 1368 1967 1400 Dei
1998 1369 2119 1401 virtute

1148 1420 1219 1441 esse
1250 1410 1358 1441 fortes.
1410 1410 1506 1442 Unde
1539 1410 1675 1451 colligit,
1710 1421 1774 1442 non
1809 1411 1914 1452 magis
1942 1421 2002 1443 nos
2032 1413 2119 1444 vinci

1148 1462 1241 1492 posse
1271 1462 1368 1492 quam
1393 1453 1497 1484 Deum
1528 1453 1644 1493 ipsum,
1676 1453 1729 1493 qui
1761 1464 1818 1485 nos
1852 1465 1911 1486 sua
1934 1456 2057 1486 virtute
2080 1454 2119 1486 ad

1147 1495 1246 1526 finem
1269 1505 1373 1536 usque
1396 1496 1507 1527 mundi
1531 1496 1699 1527 instruxit.
1744 1497 1851 1536 Atque
1874 1497 1907 1528 in
1932 1502 2000 1528 tota
2022 1498 2118 1538 spiri-

1148 1537 1227 1569 tuali
1263 1544 1375 1570 nostra
1407 1538 1523 1570 militia
1556 1538 1696 1570 insidere
1730 1539 1877 1571 cordibus
1913 1539 2006 1572 debet
2041 1541 2119 1573 haec

1147 1581 1309 1621 cogitatio,
1339 1587 1446 1613 actum
1479 1582 1625 1622 protinus
1656 1582 1722 1613 fore
1754 1582 1792 1613 de
1816 1582 1917 1620 nobis,
1948 1583 1975 1614 si
2000 1583 2119 1615 nostris

1149 1624 1273 1656 viribus
1310 1624 1522 1665 pugnandum
1560 1630 1653 1656 esset.
1710 1624 1881 1656 Caeterum
1919 1627 1994 1666 quia
2027 1626 2119 1658 nobis

1148 1667 1386 1707 quiescentibus
1418 1667 1506 1699 Deus
1537 1667 1645 1698 hostes
1675 1667 1816 1708 repellit,
1852 1667 2017 1700 indubiam
2050 1679 2119 1700 esse

1148 1710 1326 1742 victoriam.

1232 1753 1261 1785 5.
1293 1754 1365 1793 Ipsi
1391 1763 1427 1784 ecc
1455 1753 1568 1784 mundo
1597 1756 1678 1784 sunt.
1724 1753 1815 1785 Haec
1846 1764 1911 1785 non
1943 1763 2046 1794 parva
2069 1759 2118 1786 est

1147 1796 1332 1834 consolatio,
1357 1796 1442 1836 qnod
1466 1796 1520 1836 qui
1539 1796 1641 1827 Deum
1667 1796 1699 1827 in
1723 1796 1815 1827 nobis
1833 1797 1968 1837 aggredi
1988 1797 2118 1835 audent,

1148 1844 1275 1870 tantum
1299 1838 1409 1870 mundi
1434 1838 1602 1879 praesidiis
1617 1843 1694 1870 sunt
1709 1840 1871 1871 instructi.
1907 1840 2010 1870 Porro
2026 1850 2120 1871 mun-

1119 1886 1121 1897 *
1147 1881 1223 1913 dum
1255 1882 1407 1922 intelligit
1436 1882 1613 1922 apostolus,
1648 1888 1807 1922 quatenus
1840 1881 1940 1913 Satan
1969 1885 2018 1914 est
2049 1883 2119 1915 81118

1146 1925 1304 1965 princeps.
1359 1925 1465 1956 Simul
1499 1924 1629 1955 additur
1659 1925 1762 1955 altera
1792 1925 1982 1963 consolatio,
2018 1936 2118 1966 quum

1146 1967 1224 2000 dicit
1258 1967 1415 1998 mundum
1451 1967 1600 2007 amplecti
1636 1968 1669 1998 in
1710 1967 1998 2008 pseudoprophetis
2032 1969 2118 2009 quod

1145 2021 1240 2042 suum
1271 2010 1424 2051 agnoscit.
1471 2010 1629 2041 Videmus
1659 2015 1778 2050 quanta
1805 2011 1847 2041 sit
1876 2011 1915 2041 ad
1939 2011 2117 2043 vanitatem

1145 2053 1313 2084 hominum
1343 2053 1522 2093 propensio.
1568 2053 1686 2084 Falsae
1714 2053 1814 2093 igitur
1837 2053 2000 2085 doctrinae
2024 2054 2116 2086 facile

1117 2110 1119 2115 .
1144 2097 1255 2127 statim
1273 2101 1453 2136 penetrant,
1472 2101 1504 2127 et
1519 2096 1613 2136 longe
1630 2096 1757 2135 lateque
1773 2100 1973 2136 grassantur.
2009 2097 2116 2137 Negat

1144 2139 1308 2179 apostolus
1342 2149 1412 2170 esse
1445 2149 1502 2170 cur
1537 2144 1705 2179 propterea
1740 2139 1862 2170 turbari
1895 2149 1953 2171 nos
1987 2139 2113 2171 deceat:

1144 2183 1220 2222 quia
1250 2182 1332 2212 nihil
1363 2191 1484 2212 novum
1508 2182 1550 2213 sit
1572 2188 1628 2212 aut
1650 2181 1801 2218 insolens,
1832 2182 1857 2212 si
1881 2182 2029 2220 mundus,
2061 2183 2114 2222 qui

1144 2230 1231 2256 totus
1254 2230 1302 2256 est
1324 2223 1473 2261 mendax,
1498 2224 1634 2255 libenter
1657 2224 1860 2255 mendacium
1885 2225 1983 2256 audit.

1229 2269 1257 2299 6.
1290 2267 1358 2299 Nos
1386 2277 1422 2299 etc
1444 2267 1511 2299 Deo
1539 2277 1656 2299 sumus.
1708 2266 1916 2307 Quamquam
1947 2267 2007 2299 hoc
2038 2277 2114 2299 vere

1143 2312 1175 2342 in
1206 2321 1317 2342 omnes
1348 2310 1417 2351 pios
1447 2310 1620 2350 competit:
1651 2310 1778 2349 proprie
1809 2314 1916 2341 tamen
1940 2310 1980 2341 ad
2004 2309 2113 2342 fideles

1143 2354 1303 2394 evangelii
1328 2353 1494 2384 ministros
1516 2358 1646 2393 spectat.
1692 2352 1775 2383 Nam
1799 2353 1963 2392 apostolus
1987 2363 2026 2383 ex
2049 2354 2111 2393 spi-

1143 2398 1225 2428 ritus
1249 2396 1365 2427 fiducia
1382 2396 1433 2426 hic
1449 2396 1617 2436 gloriatur,
1641 2406 1674 2426 se
1690 2405 1726 2426 ac
1742 2405 1818 2426 suos
1834 2395 1972 2435 collegas
1989 2396 2112 2427 sincere

1142 2439 1213 2470 Deo
1243 2439 1374 2477 servire,
1406 2445 1438 2469 et
1460 2438 1500 2469 ab
1523 2449 1560 2470 8ο
1590 2438 1765 2478 sumpsisse
1788 2438 1944 2478 quidquid
1968 2438 2112 2470 tradunt.

1146 2482 1235 2513 Idem
1260 2481 1543 2522 pseudoapostolos
1566 2481 1686 2512 iactare
1706 2480 1880 2521 continget,
1904 2485 1940 2512 ut
1955 2491 2025 2512 mos
2048 2481 2112 2513 illis

1142 2530 1191 2556 est
1222 2525 1280 2556 sub
1312 2524 1373 2555 Dei
1405 2525 1496 2555 larva
1519 2523 1681 2564 decipere:
1717 2522 1773 2554 sed
1806 2525 1845 2554 ab
1876 2523 1940 2555 illis
1970 2524 2111 2555 multum

1142 2568 1325 2607 discrepant
1363 2566 1416 2598 fidi
1456 2568 1615 2604 doctores,
1653 2567 1708 2606 qui
1746 2566 1828 2597 nihil
1862 2565 1901 2597 de
1935 2576 1969 2597 se
2003 2567 2110 2598 verbis

1141 2610 1344 2651 praedicant,
1378 2609 1461 2650 quod
1492 2619 1556 2640 non
1587 2609 1762 2640 exhibeant
1792 2620 1827 2640 re
1850 2609 1927 2649 ipsa.
1974 2609 2110 2650 Semper

1141 2658 1250 2685 tamen
1284 2653 1438 2684 memoria
1476 2651 1650 2684 tenendum
1686 2656 1733 2683 est
1767 2662 1861 2692 quam
1896 2663 2024 2684 causam
2059 2653 2110 2683 hie
