2912 4368
370 774 431 801 δι’)
1177 770 1314 801 lil'lffi'r.
1342 771 1564 801 lOllAles
2305 774 2368 804 :320

369 868 527 906 cupidinis
567 867 765 900 dominatur,
801 872 829 894 ct
867 864 1028 894 hominem
1070 865 1113 894 ita
1148 864 1339 903 implicitum

371 916 459 940 tenet
485 918 513 940 ut
542 920 602 938 non
622 908 739 946 cogitet
764 907 801 937 do
825 907 953 937 coelesti
981 908 1055 944 vita,
1081 908 1143 938 illic
1169 915 1217 938 cst
1242 907 1339 938 belui-

371 965 428 984 uils
453 960 574 990 stupor.

458 993 688 1032 Siquisdilzyit
708 993 866 1023 natandum.
906 993 1106 1032 Argumenta>
1131 1005 1148 1024 a
1171 993 1341 1024 contrariis
1366 990 1368 1005 '¹

370 1038 478 1077 proluit
512 1046 604 1074 qnam
635 1046 763 1066 neccsse
794 1036 836 1066 sit
872 1036 981 1066 mundi
1017 1046 1159 1067 amorem
1194 1036 1341 1074 abiicere,

369 1081 394 1110 si
428 1080 562 1109 velimus
599 1078 722 1117 placere
754 1078 831 1108 Deo.
892 1078 991 1117 quue
1027 1084 1135 1118 postca
1170 1079 1369 1109 contirnmtl

369 1128 558 1161 argumento
576 1132 593 1151 ’.ι
612 1122 882 1160 repugnantibus:
908 1121 983 1159 quia
1008 1132 1087 1161 quac
1112 1122 1241 1161 propria
1265 1127 1342 1151 sunt
1368 1122 1369 1130 ¹

369 1164 497 1201 mundi,
532 1174 603 1194 cum
639 1164 706 1194 Deo
743 1175 872 1202 prorsus
908 1164 1093 1195 dissideant.
1150 1164 1340 1195 Tenendum

369 1214 415 1238 est
440 1206 522 1246 quod
549 1207 610 1237 inin
637 1207 714 1245 dixi,
741 1207 790 1236 hic
816 1207 918 1237 notari
947 1206 1115 1246 profanum
1141 1208 1225 1238 vitae
1250 1207 1340 1237 insti-

368 1252 491 1285 tutum,
517 1249 599 1289 quod
626 1249 705 1279 nihil
727 1249 821 1279 habet
846 1260 917 1280 cum
944 1261 1043 1290 regno
1071 1250 1129 1281 Dei
1153 1261 1340 1280 commune:
1367 1250 1369 1286 l

368 1292 422 1323 ubi
447 1293 491 1324 sic
517 1293 713 1332 degenerant
741 1292 904 1332 homines,
930 1298 964 1323 ut
989 1294 1149 1332 praesenti
1177 1294 1240 1323 vita
1264 1303 1340 1324 con-

367 1336 458 1367 tenti.
484 1335 584 1365 nihilo
609 1335 680 1374 plus
705 1334 743 1365 ‹lc
768 1335 942 1366 immortali
979 1337 1045 1366 vita
1073 1337 1215 1375 cogitent
1246 1345 1340 1374 quam

368 1378 482 1409 brutae
507 1378 651 1416 pecudes.
689 1378 774 1417 Ergo
799 1378 944 1417 quisquis
969 1380 1012 1409 ita
1036 1389 1068 1410 so
1094 1379 1231 1409 terrenis
1256 1379 1341 1417 cupi—

368 1421 521 1451 ditatibus
545 1421 716 1460 mancipat,
743 1431 805 1451 non
832 1428 936 1460 potest
962 1421 1022 1452 Dei
1047 1432 1124 1452 esse.

456 1464 503 1493 16.
535 1463 652 1503 Nempe
665 1464 910 1502 concupiscentia
927 1465 1040 1496 carnis.
1068 1465 1342 1502 Vetusinterpres

368 1507 476 1537 aliter:
513 1517 585 1536 nam
622 1518 659 1537 ex
694 1517 757 1537 una
788 1509 949 1537 sententia
981 1507 1061 1537 duas
1093 1507 1177 1537 facit.
1224 1506 1342 1536 Melius

369 1549 495 1586 Gracci,
520 1549 573 1588 qui
600 1560 663 1579 uno
688 1555 841 1580 contextu
866 1549 993 1590 legunt,
1020 1550 1089 1580 Non
1115 1560 1183 1580 esse
1208 1560 1246 1579 ex
1273 1549 1342 1579 Deo

369 1591 524 1632 quidquid
551 1596 597 1623 est
621 1592 749 1623 mundi:
773 1598 805 1622 et
829 1599 894 1623 trcs
918 1592 1196 1632 concupiscentiae
1220 1591 1342 1631 species

368 1635 577 1671 interserunt,
597 1635 743 1665 oratione
762 1646 823 1666 non
842 1636 987 1675 abrupta.
1021 1636 1101 1666 Nam
1121 1635 1342 1674 explicationis

368 1678 437 1709 vice
463 1678 653 1717 interposuit
677 1677 841 1709 Iohannes
866 1679 945 1709 haec
976 1679 1065 1718 quasi
1098 1678 1161 1708 tria
1184 1677 1343 1717 exempla,

368 1725 402 1751 ut
419 1721 605 1751 summatim
624 1721 809 1752 ostenderet
824 1721 932 1760 qualia
949 1726 1025 1752 sunt
1043 1721 1151 1751 studia
1177 1726 1207 1750 et
1230 1720 1342 1760 quales

368 1774 476 1794 eorum
508 1764 734 1794 meditationes
766 1764 820 1803 qui
851 1764 970 1794 mundo
1003 1764 1124 1794 vivunt.
1172 1763 1274 1793 Porro
1302 1773 1341 1793 an

368 1806 463 1846 plena
487 1806 528 1836 sit
552 1812 583 1836 et
607 1807 733 1846 integra
758 1807 901 1846 partitio,
926 1817 992 1837 non
1017 1816 1211 1846 magnopere
1235 1806 1342 1837 refert.

369 1849 574 1889 Quamquam
608 1860 668 1879 non
702 1850 841 1889 reperies
872 1849 1033 1880 hominem
1058 1849 1277 1888 mundanum,
1308 1849 1342 1879 in

370 1902 431 1932 qno
463 1902 527 1922 non
553 1897 689 1931 regnent
714 1893 793 1922 istac
823 1892 1029 1931 cupiditates,
1064 1892 1112 1922 vel
1141 1892 1254 1923 saltem
1280 1902 1343 1923 una

368 1945 489 1965 earum.
526 1934 641 1965 Restat
665 1941 698 1965 ut
715 1934 882 1966 videamus
905 1935 980 1974 quid
1005 1945 1062 1975 per
1079 1944 1341 1974 unamquamque

368 1977 538 2016 intelligat.
584 1977 731 2008 Primum
756 1978 935 2008 membrum
968 1978 1164 2018 generaliter
1188 1977 1226 2008 de
1251 1977 1341 2008 vitio-

369 2022 412 2051 sis
436 2019 586 2051 omnibus
610 2020 880 2060 concupiscentiis
904 2022 1021 2061 exponi
1045 2021 1140 2052 solet:
1170 2020 1245 2061 quia
1268 2030 1341 2051 caro

369 2069 469 2094 totam
493 2062 632 2093 hominis
656 2068 840 2103 corruptam
872 2069 1021 2094 naturam
1053 2064 1224 2104 significat.
1270 2063 1342 2103 Ego

369 2106 499 2136 tametsi
525 2105 622 2135 nolim
649 2105 858 2143 contendere,
890 2106 1096 2137 dissimulare
1125 2111 1234 2137 tamen
1259 2107 1342 2146 nolo,

371 2148 537 2180 diversum
555 2159 684 2179 sensum
705 2148 785 2179 mihi
810 2148 949 2189 probari.
984 2149 1093 2188 Quum
1116 2154 1204 2181 vetat
1221 2149 1343 2180 Paulus

369 2191 428 2222 Ro.
455 2191 503 2229 13,
530 2191 577 2229 14,
601 2192 705 2222 carnis
730 2202 840 2222 curam
866 2192 976 2224 haberi
1001 2191 1040 2222 ad
1057 2192 1343 2232 concupiscentias,

368 2234 447 2265 mihi
488 2234 616 2265 videtur
653 2234 795 2274 optimus
830 2245 901 2266 esse
938 2235 1035 2266 huius
1074 2235 1133 2267 loci
1172 2237 1342 2275 interpres.
1369 2237 1371 2266 l

370 2276 458 2315 Quid
475 2282 521 2308 est
538 2277 603 2308 illic
619 2286 711 2308 caro:
730 2277 853 2318 Nempe
869 2288 986 2318 corpus
998 2282 1031 2309 et
1049 2278 1119 2310 eius
1132 2278 1342 2310 accessiones.

369 2319 457 2358 Quid
480 2329 556 2359 ergo
580 2326 628 2350 est
651 2320 759 2351 carnis
781 2320 954 2360 cupiditas,
985 2321 1047 2352 nisi
1072 2332 1170 2361 quum
1195 2321 1343 2352 homines
1370 2322 1372 2360 l

369 2363 489 2393 terreni
520 2362 661 2394 molliter
693 2369 725 2394 et
753 2362 886 2395 delicate
910 2365 1018 2395 vivere
1042 2368 1245 2404 appetentes,
1278 2364 1344 2395 suis
1370 2365 1372 2396 l

370 2409 497 2436 tantum
511 2406 688 2437 commodis
704 2406 822 2437 intenti
839 2414 930 2438 sunt:
954 2407 1039 2438 Nota
1062 2412 1111 2439 est
1134 2418 1173 2438 ex
1187 2407 1309 2439 Cicerr·
1370 2403 1372 2420 ¹

371 2453 403 2478 et
421 2448 492 2479 aliis
521 2449 716 2479 trimembris
729 2449 863 2488 Epicuri
881 2451 1022 2489 partitio,
1040 2461 1102 2490 qua
1118 2450 1203 2481 inter
1220 2461 1253 2482 ct

370 2495 453 2522 tates
478 2491 645 2522 discernit:
671 2502 771 2532 quum
798 2492 878 2523 alias
897 2493 972 2524 facit
994 2492 1158 2524 naturales
1181 2499 1212 2524 et
1236 2504 1271 2523 nt

371 2533 487 2564 sarias:
512 2533 590 2564 alias
613 2534 786 2572 naturales,
812 2546 875 2566 non
898 2542 1005 2566 tamen
1030 2536 1241 2567 necessarias:
1265 2546 1293 2567 ai

372 2586 430 2606 nec
448 2576 622 2613 naturales,
647 2587 705 2608 nec
723 2579 931 2609 necessarias.
963 2577 1085 2609 Verum
1102 2577 1276 2615 Iohannes,
1294 2588 1319 2609 ci

371 2624 450 2648 nota
483 2624 552 2649 erat
586 2619 689 2650 cordis
724 2619 859 2651 humani
894 2620 1022 2660 ἀταξία,
1058 2632 1171 2653 secure
1210 2621 1328 2652 damna

372 2660 583 2700 cupiditatem
630 2662 751 2699 carnis,
796 2663 871 2701 quia
916 2674 1043 2703 semper
1087 2664 1341 2704 intemperanter

371 2703 506 2740 diffluat,
532 2714 590 2735 nec
614 2704 869 2736 mediocritatem
895 2712 1011 2737 servet.
1043 2706 1160 2737 Postea
1183 2706 1342 2747 gradatim

372 2746 558 2777 conscendit
594 2746 632 2777 ad
664 2747 821 2778 crassiora
857 2748 943 2779 vitia.
990 2749 1218 2788 Cupiditas
1250 2759 1343 2780 ocu-

371 2789 504 2819 lorum
529 2788 613 2829 (meo
637 2789 768 2830 iudicio)
786 2796 851 2820 tam
869 2791 1054 2823 libidinosos
1071 2792 1241 2832 adspectus
1258 2803 1343 2824 com-

371 2831 552 2871 prehendit,
576 2842 671 2871 quam
696 2833 873 2863 vanitatem
894 2844 975 2873 quae
999 2835 1029 2865 in
1051 2835 1177 2874 pompis
1201 2841 1232 2865 et
1255 2835 1343 2865 inani

372 2874 543 2914 splendore
568 2879 714 2915 vagatur.
755 2874 911 2915 Sequitur
935 2882 1094 2916 postremo
1120 2878 1186 2909 loco
1210 2878 1344 2909 fastus

372 2922 427 2948 aut
451 2917 617 2957 superbia,
647 2917 697 2949 cui
728 2918 898 2950 coniuncta
922 2924 970 2950 est
1002 2919 1149 2956 ambitio,
1181 2920 1343 2958 iactantia,

372 2959 509 2991 aliorum
547 2964 766 3000 contemptus,
808 2971 921 2992 caecus
960 2971 1049 2992 amor
1086 2962 1148 3001 sui,
1193 2973 1344 3002 praeceps

372 3002 577 3034 confidentia.
610 3002 746 3034 Summa
770 3009 828 3042 est,
851 3004 947 3035 simul
971 3014 1006 3035 ac
1023 3005 1164 3036 mundus
1187 3015 1221 3036 se
1239 3005 1343 3044 offert,

373 3045 536 3085 appetitus
571 3051 713 3083 nostros,
748 3050 783 3077 ut
813 3056 867 3078 cor
898 3051 1045 3078 nostrum
1070 3058 1259 3087 perversum
1287 3054 1343 3085 est,

373 3089 463 3127 quasi
502 3088 658 3120 effraenes
696 3088 822 3127 beluas,
864 3089 940 3121 illuc
978 3090 1064 3130 rapi:
1103 3090 1147 3121 ita
1186 3090 1344 3121 dominari

373 3131 479 3161 varias
514 3132 798 3172 concupiscentias,
833 3143 913 3173 quae
944 3143 1054 3164 omnes
1080 3132 1149 3163 Deo
1184 3138 1259 3164 sunt
1293 3133 1345 3164 ad-

374 3183 497 3204 versae.
544 3174 607 3205 Pro
634 3175 734 3212 vita,
759 3185 873 3215 graece
896 3180 945 3207 est
968 3174 1041 3217 βίος,
1066 3175 1125 3207 hoc
1149 3181 1195 3208 est
1213 3176 1343 3208 vivendi

375 3226 478 3256 genus
503 3223 534 3248 et
558 3222 649 3248 ratio.

1481 867 1577 905 11(qu
1603 866 1882 896 »211uzlnstr11›zsil.
1941 866 2024 904 Quia
2058 866 2089 895 in
2131 866 2251 896 mundo
2288 867 2365 898 nihil

1394 914 1444 939 cst
1479 910 1538 939 nisi
1573 910 1726 939 caducum
1763 914 1793 939 et
1825 908 1917 947 quusi
1953 913 2231 947 momentaneum,
2266 920 2306 939 cx
2331 919 2367 940 eo

1393 951 1515 991 colligit
1539 962 1632 991 qnam
1658 952 1738 982 male
1763 956 1793 980 ot
1822 952 1936 981 inisero
1959 951 2017 982 sibi
2042 951 2212 982 consulant
2236 952 2289 991 qui
2315 951 2366 982 hic

1394 994 1453 1025 sibi
1490 994 1672 1025 felicitatem
1708 993 1926 1024 constituunt:
1968 995 2157 1034 pracsertim
2193 1005 2291 1033 quum
2328 994 2368 1025 ad

1395 1036 1518 1067 beatam
1536 1043 1686 1067 aeternae
1704 1037 1789 1066 vitae
1814 1036 1948 1076 gloriam
1970 1047 2026 1067 nos
2044 1036 2133 1067 Dens
2158 1041 2263 1068 vocet:
2290 1047 2325 1068 ac
2342 1037 2367 1067 si

1396 1079 1531 1110 diceret:
1558 1079 1641 1110 Vera
1667 1080 1811 1118 solicitus,
1836 1090 1931 1118 quam
1958 1080 2046 1110 Deus
2076 1079 2150 1110 tiliis
2170 1080 2236 1110 suis
2264 1080 2368 1117 oss'crt,

1395 1129 1526 1153 aeterua
1550 1128 1611 1153 cst:
1639 1123 1806 1161 indignum
1830 1128 1877 1151 cst
1901 1122 2010 1162 igitur,
2036 1133 2094 1153 nos
2119 1122 2238 1152 mundo
2263 1122 2367 1162 impli-

1396 1164 1477 1201 cari,
1510 1166 1563 1204 qui
1600 1175 1673 1195 mox
1709 1176 1781 1196 cuin
1808 1164 1898 1195 bonis
1926 1165 1992 1195 suis
2017 1165 2166 1196 omnibus
2189 1169 2368 1196 evanescet.

1368 1241 1369 1245 Ἰ
1396 1208 1794 1247 Concupiscentiam
1832 1208 1881 1239 liic
1914 1208 2109 1247 interpretor
2142 1209 2368 1248 metonymice,

1396 1250 1549 1290 quidquid
1575 1251 1821 1290 concupiscitur,
1846 1255 1878 1280 ct
1895 1250 2064 1280 hominum
2089 1250 2247 1281 desideria
2270 1251 2309 1280 ad
2335 1262 2369 1282 so

1396 1293 1488 1331 rapit.
1535 1294 1656 1325 Sensus
1681 1296 1739 1330 cst,
1771 1292 1927 1333 quidquid
1961 1294 1992 1323 in
2025 1293 2144 1324 mundo
2177 1293 2369 1333 pretiosissi-

1397 1346 1485 1366 mum
1510 1341 1540 1366 ct
1573 1338 1712 1367 maxime
1742 1337 1881 1376 optabile
1906 1336 2044 1375 ducitur,
2076 1335 2156 1366 nihil
2180 1346 2276 1375 quam
2300 1346 2367 1366 um—

1396 1378 1511 1409 bratile
1535 1389 1603 1409 esso
1627 1385 1799 1419 spectrum.
1836 1379 1943 1417 Quum
1969 1378 2055 1415 dicit,
2082 1384 2281 1418 perpetuo
2306 1388 2370 1408 ma-

1397 1432 1473 1452 nere
1490 1422 1544 1460 qui
1569 1422 1690 1452 faciunt
1710 1423 1766 1452 Dei
1794 1422 2009 1452 voluntatem:
2034 1422 2195 1461 significat
2214 1427 2369 1461 perpetuo

1397 1464 1464 1495 fore
1489 1464 1596 1494 beatos
1628 1465 1681 1504 qui
1706 1465 1744 1495 ad
1770 1465 1875 1495 Deum
1900 1464 2073 1504 adspirant.
2121 1465 2157 1494 Si
2189 1465 2260 1504 quis
2292 1463 2370 1495 obii-

1396 1509 1468 1545 ciat,
1494 1508 1654 1538 neminem
1681 1508 1782 1539 facere
1806 1507 1889 1547 quod
1917 1508 2005 1538 Deus
2030 1507 2202 1547 praecipit:
2237 1516 2368 1546 respon-

1397 1550 1443 1580 sio
1468 1550 1499 1579 in
1525 1556 1675 1590 promptu
1700 1556 1757 1587 est,
1790 1562 1852 1581 non
1879 1550 1916 1580 dc
1947 1550 2093 1580 absoluta
2117 1550 2197 1591 legis
2221 1551 2369 1581 observa-

1397 1593 1485 1623 tione
1509 1592 1560 1624 hic
1584 1593 1644 1633 agi,
1669 1593 1724 1624 sed
1743 1593 1779 1623 de
1797 1593 1871 1623 fidei
1888 1593 2080 1629 obedientia,
2105 1603 2187 1632 quae
2206 1598 2368 1632 utcunque

1397 1636 1538 1674 perfecta
1569 1646 1631 1666 non
1662 1636 1714 1674 sit,
1745 1636 1814 1666 Deo
1847 1636 2057 1666 nihilominus
2088 1636 2251 1675 probatur.
2304 1636 2369 1666 Vo-

1397 1678 1506 1708 luntas
1532 1678 1593 1709 Doi
1624 1680 1765 1718 primum
1798 1680 1829 1709 in
1854 1679 1924 1719 lege
1949 1678 2038 1709 nobis
2069 1684 2284 1709 monstratur:
2314 1677 2370 1709 sed

1396 1721 1471 1760 quia
1495 1721 1556 1761 legi
1592 1731 1686 1752 nemo
1711 1721 1876 1759 satisfacit,
1907 1721 1995 1752 nulla
2025 1721 2114 1752 illinc
2137 1720 2274 1752 felicitas
2298 1730 2370 1760 spe-

1397 1764 1461 1795 rari
1497 1769 1612 1803 potest.
1670 1764 1794 1795 Verum
1834 1765 2011 1804 desperatis
2046 1765 2185 1795 occurrit
2219 1764 2371 1795 Christus

1397 1816 1470 1837 cum
1496 1817 1579 1837 novo
1603 1806 1754 1844 subsidio,
1779 1807 1915 1847 quinon
1941 1812 2066 1837 tantum
2092 1808 2209 1847 spiritu
2232 1817 2289 1838 nos
2313 1816 2370 1838 suo

1397 1854 1570 1888 regenerat
1599 1855 1633 1880 ut
1668 1850 1856 1881 obediamus
1888 1850 1972 1881 Deo:
2008 1850 2063 1881 sed
2099 1851 2174 1880 facit
2205 1850 2300 1880 etiam
2337 1854 2372 1879 ut

1396 1891 1629 1932 qualiscunque
1654 1897 1763 1924 noster
1786 1897 1920 1924 conatus
1938 1893 2050 1933 plenae
2075 1893 2216 1924 iustitiae
2242 1893 2371 1923 laudem

1396 1935 1549 1966 obtineat.

1484 2020 1533 2051 18.
1560 2019 1679 2060 Filioli,
1707 2021 1877 2053 novissima
1900 2021 1977 2052 hora
2000 2024 2057 2053 est:
2088 2023 2113 2052 et
2136 2022 2214 2052 sicut
2237 2020 2373 2052 audistis

1396 2064 1477 2104 quod
1500 2062 1712 2096 Antichristus
1735 2066 1881 2095 venturus
1904 2065 1952 2101 sit,
1977 2065 2070 2095 etiam
2094 2074 2173 2095 nunc
2196 2063 2373 2095 antichristi

1397 2106 1485 2138 multi
1515 2109 1675 2145 coeperunt
1704 2117 1785 2138 esse.-
1817 2107 1898 2138 unde
1928 2108 2042 2139 scimus
2076 2117 2139 2138 esse
2172 2106 2373 2138 novissimam

1396 2150 1515 2180 horam.
1563 2148 1611 2179 19.
1637 2149 1689 2181 Ex
1711 2150 1796 2181 nobis
1819 2151 1933 2190 eyressi
1955 2152 2035 2189 sunt,
2065 2150 2120 2181 sed
2142 2159 2203 2181 non
2226 2150 2312 2180 erant
2335 2158 2373 2180 ex

1397 2192 1496 2223 nobis.
1544 2192 1628 2223 Nam
1651 2193 1681 2224 si
1701 2193 1834 2232 fuissent
1857 2203 1894 2223 ex
1917 2192 2015 2233 nobis,
2041 2192 2288 2232 permansissent
2314 2191 2372 2223 uti-

1397 2246 1454 2275 que
1477 2235 1650 2277 nobiscum:
1671 2236 1724 2268 sed
1748 2238 1780 2266 ut
1802 2236 1963 2275 manifesti
1980 2236 2088 2274 fierent
2105 2235 2186 2275 quod
2207 2245 2267 2266 non
2285 2237 2374 2266 erant

1398 2288 1499 2310 omnes
1522 2288 1560 2310 ex
1581 2278 1679 2310 nobis.

1485 2363 1533 2395 18.
1560 2364 1743 2396 Novissima
1758 2364 1844 2396 hora.
1880 2364 2062 2396 Confirmat
2085 2363 2196 2396 fideles
2215 2363 2371 2396 adversus

1399 2407 1595 2448 offendicula
1624 2406 1741 2448 quibus
1771 2413 1920 2448 poterant
1951 2407 2085 2438 turbari.
2138 2406 2208 2438 Iam
2240 2411 2371 2439 exortae

1402 2463 1406 2467 ·
1439 2455 1491 2480 .nt
1523 2450 1631 2481 variae
1654 2456 1761 2482 sectae
1788 2460 1869 2490 quae
1900 2455 1931 2482 et
1954 2450 2027 2481 fidei
2058 2449 2215 2481 unitatem
2245 2449 2371 2482 scinde-

1510 2497 1541 2524 et
1565 2492 1767 2534 dissipabant
1786 2492 1945 2525 ecclesias.
1982 2492 2158 2533 Apostolus
2179 2497 2288 2524 autem
2304 2502 2371 2524 non

1513 2549 1519 2559 =
1556 2535 1666 2567 fideles
1693 2535 1809 2573 munit,
1841 2546 1882 2566 ne
1907 2535 2063 2567 turbent:
2094 2535 2150 2567 sed
2180 2535 2214 2567 in
2241 2538 2370 2568 contra·

1542 2589 1608 2610 em
1638 2578 1700 2610 hoc
1730 2583 1834 2610 totum
2043 2578 2174 2610 dmonet
2196 2578 2284 2616 enim
2307 2588 2370 2616 eos,

1566 2636 1572 2639 ·
2095 2631 2135 2653 ue
2158 2630 2213 2653 eos
2240 2620 2281 2653 ad
2305 2629 2371 2652 ma-

2110 2663 2242 2702 dir-aret,
2280 2663 2370 2695 Dum

2219 2718 2247 2727 ›·
2271 2705 2278 2712 '
2313 2715 2374 2746 vos

1399 2931 1420 3079 eufe‘

1399 3092 1423 3164 “2:⁹⁶

1400 3188 1426 3207 r(

1401 3230 1450 3261 ΒΡ.
