2513 3126
148 185 202 215 121

145 282 222 313 tiam
257 283 451 321 peccatorum
494 281 637 314 haberent
675 282 805 314 cultores
849 281 941 313 semel
979 281 1123 320 puryati.

145 324 174 356 3.
203 324 303 364 Atqui
333 325 367 355 in
395 324 445 355 his
472 324 507 363 fit
531 326 699 365 quotannis
727 324 971 357 commemoratio
987 325 1122 362 peccato-

144 377 229 441 {digit
246 413 383 449 peccata.

234 496 260 527 1.
292 495 438 527 Umbram
459 496 550 536 enim,
573 499 625 528 etc.
668 494 922 527 Similitudinem
947 492 1029 524 hanc
1053 503 1120 523 mu-

146 543 254 570 tuatus
286 543 333 570 est
363 537 403 569 ab
426 542 496 570 arte
517 538 664 578 pictoria.
708 537 790 569 Nam
815 535 931 567 umbra
953 534 1006 566 hic
1028 535 1122 566 aliter

146 591 242 621 quam
276 581 316 612 ad
346 580 555 613 Colossenses
587 581 690 621 capite
713 580 746 618 2,
775 579 827 617 17,
858 577 1030 617 accipitur:
1066 578 1120 609 ubi

144 624 364 657 caeremonias
379 627 506 656 veteres
527 625 572 656 sic
588 622 736 663 appellat,
750 622 825 662 quia
843 619 980 651 solidam
1001 630 1120 659 rerum,

144 677 224 707 quas
253 666 447 708 figurabant,
477 666 692 698 substantiam
720 664 810 695 intus
839 672 904 693 non
935 662 1119 695 habuerint.

144 710 240 743 Nunc
263 719 340 741 vero
368 707 492 740 similes
520 708 617 739 fnisse
647 707 724 738 dicit
747 705 880 737 rudibus
902 705 1119 746 lineamentis,

144 762 225 793 quae
246 756 322 784 sunt
346 750 446 783 veluti
469 749 672 781 adumbratio
696 750 791 781 vivae
814 749 969 789 picturae.
1005 747 1120 780 Solent

143 796 230 827 enim
261 794 407 834 pictores,
437 797 611 833 antequam
636 793 727 823 vivos
755 792 877 823 colores
901 791 1050 831 penicillo
1072 792 1117 822 in-

143 839 275 875 ducant,
308 836 446 867 carbone
479 834 673 866 adumbrare
707 845 804 875 quam
839 834 900 865 sibi
934 839 1119 874 proponunt

139 879 393 920 exprimendam.
428 877 520 909 Haec
538 878 704 910 obscurior
723 878 850 918 pictura
869 876 1004 908 Graecis
1029 887 1117 908 σκια-

138 921 255 964 γραφία
294 926 443 952 vocatur:
487 922 579 961 quasi
615 921 714 952 latine
753 921 858 957 dicas,
901 920 1116 953 umbratilem.

138 964 241 997 Sicuti
274 964 368 995 εἰκὼν
402 963 467 996 11118
500 969 549 996 est
582 974 735 1003 expressa
769 963 903 1004 effigies.
957 962 1052 994 Unde
1086 968 1118 995 et

137 1007 296 1039 ciconicae
330 1007 489 1047 imagines
518 1006 615 1038 etiam
646 1007 777 1038 Latinis
812 1006 930 1043 dictae,
965 1016 1046 1046 quae
1076 1006 1116 1037 ad

138 1051 248 1083 vivum
269 1050 554 1090 repraesentabant
572 1049 623 1080 vel
643 1049 822 1087 hominum,
846 1048 897 1080 vel
914 1048 1116 1088 animalium,

135 1093 187 1124 vel
210 1093 351 1124 locorum
365 1092 488 1125 faciem.
523 1092 595 1124 Hoc
614 1103 690 1133 ergo
707 1092 881 1124 discrimen
899 1092 983 1122 inter
1000 1092 1115 1132 legem,

135 1141 167 1167 et
189 1136 395 1177 evangelium
420 1136 535 1167 statuit
558 1136 732 1176 apostolus,
759 1135 842 1175 quod
866 1134 925 1166 sub
948 1134 1003 1165 illa
1027 1135 1113 1165 rudi-

135 1178 195 1210 bus
219 1179 378 1210 duntaxat
405 1182 437 1210 et
465 1178 626 1210 inchoatis
649 1178 743 1210 lineis
766 1178 863 1209 fuerit
886 1177 1114 1209 adumbratum

136 1221 222 1261 quod
257 1221 351 1253 hodie
385 1222 468 1254 vivis
501 1227 534 1253 et
566 1222 720 1262 graphice
758 1221 921 1252 distinctis
955 1220 1115 1252 coloribus

135 1274 324 1305 expressum
354 1268 412 1296 est.
457 1264 531 1296 Hoc
560 1264 655 1296 modo
684 1265 805 1295 iterum
836 1264 1007 1295 confirmat
1030 1263 1114 1303 quod

135 1308 223 1347 prius
254 1307 350 1347 dixit,
382 1318 446 1339 non
477 1307 611 1338 otiosam
640 1307 740 1339 fuisse
768 1307 888 1348 legem,
918 1316 978 1338 nee
1001 1307 1114 1338 inanes

135 1349 204 1381 eius
235 1351 465 1382 caeremonias.
516 1350 601 1381 Nam
632 1351 691 1381 etsi
722 1361 786 1381 non
818 1350 881 1381 fuit
910 1349 974 1380 illic
1003 1359 1114 1380 rerum

134 1393 320 1425 coelestium
345 1394 476 1434 effigies,
505 1394 597 1433 quasi
620 1398 763 1424 extrema
787 1391 884 1434 (quod
909 1392 1014 1433 aiunt)
1036 1393 1113 1424 arti-

133 1435 203 1468 ficis
221 1446 319 1467 manu
335 1437 495 1468 absoluta:
517 1441 625 1467 tamen
642 1436 699 1467 illa
715 1436 945 1476 qualiscunque
961 1435 1113 1466 indicatio
1140 1468 1141 1473 ¹

133 1478 279 1519 patribus
310 1489 372 1510 non
402 1489 517 1519 parum
541 1479 630 1511 utilis
652 1479 721 1517 fuit,
752 1478 880 1510 etiamsi
902 1483 1016 1509 nostra
1038 1489 1114 1510 con·
1140 1500 1142 1510 .

1140 1519 1340 1561 lquotannis
1376 1520 1605 1560 repetebantur
1643 1521 1682 1552 ad
1721 1523 1958 1561 impetrandam
1998 1525 2140 1555 veniam:

1140 1562 1142 1565 ’
1167 1563 1279 1595 eadem
1301 1573 1435 1604 prorsus
1451 1563 1576 1595 ratione
1591 1564 1698 1605 colligi
1715 1565 1840 1604 poterit,
1864 1565 2029 1597 infirmum
2047 1567 2143 1598 fuisse

134 1520 214 1552 ditio
237 1522 278 1553 sit
300 1523 413 1561 potior.
459 1523 507 1553 Ac
531 1522 710 1554 notandum
735 1526 794 1560 est,
825 1521 950 1552 easdem
975 1521 1038 1552 illis
1062 1532 1114 1553 res

133 1564 261 1596 eminus
292 1565 390 1596 fuisse
421 1570 567 1596 ostensas
597 1575 677 1605 quae
707 1576 792 1596 nunc
817 1565 875 1595 sub
899 1564 998 1595 oculis
1022 1565 1114 1596 nobis

132 1612 308 1647 ponuntur.
361 1607 451 1639 Idem
483 1609 592 1648 itaque
622 1608 775 1640 Christus
806 1608 965 1646 utrisque,
1001 1607 1111 1638 eadem

132 1649 272 1689 iustitia,
310 1651 522 1683 sanctificatio
554 1656 588 1682 et
620 1650 715 1682 salus.
775 1651 916 1681 Tantum
950 1650 983 1680 in
1018 1651 1113 1681 modo

131 1692 289 1734 pingendi
326 1698 376 1724 est
413 1693 650 1726 dissimilitudo.
710 1694 738 1725 F
749 1704 768 1724 u
778 1698 791 1724 t
800 1704 818 1724 11
830 1704 845 1724 r
853 1705 872 1725 a
913 1694 931 1725 b
941 1704 959 1724 o
969 1704 988 1724 11
999 1704 1018 1724 a
1055 1704 1113 1733 pro

132 1737 276 1768 aeternis
299 1737 361 1768 dici
385 1742 473 1777 puto.
510 1737 632 1768 Fateor
654 1737 794 1776 quidem,
818 1737 964 1768 futurum
988 1736 1112 1768 Christi
1139 1732 1141 1743 ¹

132 1788 279 1819 regnum,
303 1778 388 1820 quod
405 1779 497 1811 nobis
520 1789 674 1821 praesens
693 1786 751 1817 est,
779 1780 855 1811 olim
880 1780 1111 1811 annuntiatum

132 1821 242 1854 fuisse.
288 1822 354 1855 Sed
384 1823 520 1863 apostoli
544 1823 644 1855 verba
672 1828 799 1860 sonant,
832 1823 941 1854 vivam
972 1833 1031 1853 nos
1058 1823 1111 1853 ha-

131 1864 209 1897 bere
239 1865 423 1897 futurorum
453 1866 612 1898 bonorum
640 1866 790 1907 effigiem.
841 1865 1003 1906 Intelligit
1033 1875 1111 1906 ergo

133 1907 302 1949 spirituale
325 1908 406 1940 illud
429 1908 623 1950 exemplum,
647 1909 738 1940 cuius
762 1909 857 1949 plena
880 1909 990 1940 fruitio
1011 1919 1112 1949 usque

132 1950 167 1982 111
201 1951 476 1984 resurrectionem
511 1956 543 1983 et
576 1952 723 1983 futurum
755 1951 917 1983 saeculum
949 1951 1110 1983 differtur.

132 1993 338 2035 Quamquam
365 1994 477 2032 fateor,
508 2005 622 2027 rursus
651 1995 690 2026 ab
713 1994 846 2026 exordio
870 1994 963 2035 regni
987 1994 1110 2026 Christi

131 2036 211 2068 haec
247 2038 329 2069 bona
366 2037 505 2068 revelari
539 2042 652 2078 coepta
690 2048 768 2069 esse.
825 2037 891 2070 Sed
928 2037 989 2069 hoc
1023 2048 1110 2069 nunc

132 2080 250 2120 agitur,
274 2090 337 2111 non
357 2081 476 2111 veteris
499 2081 594 2111 modo
619 2081 806 2112 testamenti
830 2085 980 2120 respectu
999 2080 1110 2112 futura

131 2122 216 2154 bona
238 2123 318 2154 dici:
343 2122 398 2154 sed
423 2123 498 2162 quia
516 2133 535 2154 a
551 2123 644 2154 nobis
660 2123 767 2155 adhuc
783 2133 909 2164 quoque
925 2132 1108 2163 sperantur.

220 2166 305 2205 Quae
327 2166 493 2205 quotannis
511 2167 625 2197 eadem.
661 2167 807 2198 Maxime
826 2166 865 2198 de
884 2167 1109 2198 anniversario

132 2208 287 2240 sacrificio
310 2208 462 2248 loquitur,
486 2209 576 2241 cuius
599 2209 720 2241 mentio
744 2209 781 2240 fit
803 2209 909 2241 Levit.
926 2209 1029 2250 capite
1054 2209 1108 2240 17:

133 2252 262 2283 tametsi
285 2262 387 2292 genus
407 2255 510 2282 totum
525 2251 584 2283 sub
600 2252 705 2292 specie
723 2251 1019 2292 comprehenditur.
1053 2252 1109 2284 Sic

131 2301 240 2326 autem
265 2298 528 2335 argumentatur:
562 2294 616 2326 ubi
640 2294 729 2326 nulla
752 2297 800 2326 est
823 2294 963 2335 amplius
986 2296 1109 2336 peccati

132 2337 340 2377 conscientia,
364 2337 430 2368 illic
453 2337 624 2369 oblationis
647 2347 726 2369 usus
750 2348 812 2369 non
836 2342 894 2369 est.
929 2337 1029 2378 Atqui
1049 2338 1108 2370 sub

132 2379 214 2420 lege,
242 2380 386 2412 eiusdem
411 2380 560 2411 victimae
589 2379 709 2411 oblatio
731 2380 868 2412 subinde
890 2381 1108 2421 repetebatur.

131 2421 221 2463 Ergo
244 2433 304 2455 nec
322 2422 393 2455 Deo
415 2423 616 2455 satisfactum
640 2428 718 2461 erat,
741 2433 801 2454 nec
822 2422 968 2455 sublatus
990 2427 1107 2461 reatus,

133 2474 192 2497 nee
214 2470 346 2506 pacatae
368 2471 462 2498 erant
484 2466 714 2498 eonscientiae:
743 2466 862 2506 alioqui
890 2466 965 2497 finis
987 2466 1108 2498 sacrifi-

132 2507 227 2539 candi
256 2508 360 2540 factus
390 2514 484 2540 esset.
537 2509 640 2540 Porro
668 2508 840 2549 diligenter
869 2508 1108 2541 observandum

132 2550 217 2590 quod
240 2550 368 2583 easdem
397 2551 540 2592 appellat
562 2552 711 2583 victimas
739 2561 877 2592 quarum
899 2551 1016 2583 similis
1039 2556 1109 2584 erat

132 2594 224 2625 ratio.
263 2593 347 2625 Nam
370 2593 410 2625 ab
433 2593 546 2626 eodem
570 2594 631 2626 Dei
655 2594 804 2626 instituto
827 2595 935 2634 potius
957 2595 1107 2626 aestima-

133 2636 254 2668 bantur
290 2646 388 2677 quam
421 2646 440 2667 a
477 2637 616 2670 diversis
654 2637 845 2679 pecudibus:
884 2636 969 2679 qued
1007 2648 1106 2669 unum

1033 184 1183 217 CAPUT
1206 184 1250 216 X.

275 367 305 398 4.
334 367 516 407 Impossible
549 369 631 399 enim
664 370 708 400 est
734 371 768 400 ut
801 366 932 407 sanquis
961 369 1123 397 taurorum
1149 380 1150 390 1

2087 189 2145 220 122

1176 279 1303 312 abunde
1334 280 1420 312 valet
1447 280 1486 312 ad
1517 281 1720 313 refutandam
1752 284 1949 324 papistarum
1978 286 2150 325 argutiam,

1176 332 1239 362 qua
1270 323 1331 354 sibi
1362 323 1531 364 ingeniose
1561 323 1712 356 videntur
1746 327 1889 368 effugere
1918 326 2149 360 absurditatem

1176 365 1208 395 in
1243 366 1428 397 excusando
1461 367 1578 398 missae
1613 367 1779 400 sacrificio.
1836 369 1919 401 Nam
1949 379 2050 410 quum
2086 371 2150 402 illis

1175 407 1337 448 obiicitur,
1367 419 1600 448 supervacuam
1631 420 1701 442 esse
1731 412 1960 452 repetitionem
1989 413 2150 453 sacrificii,

1175 460 1274 488 quum
1297 456 1472 493 perpetuus
1496 452 1538 483 eit
1560 452 1648 484 illius
1664 453 1758 494 vigor
1781 454 1865 494 quod
1884 454 1982 486 semel
1998 455 2150 488 Christus

1173 492 1308 524 obtulit:
1330 493 1479 534 protinus
1503 495 1667 535 excipiunt
1687 507 1751 528 non
1768 497 1855 528 aliud
1871 507 1940 529 esse
1955 498 2148 531 sacrificium

1174 535 1257 574 quod
1292 537 1458 578 peragitur
1490 538 1522 568 in
1557 539 1669 579 missa⁷
1703 539 1759 571 sed
1792 539 1872 570 illud
1906 540 2001 572 idem.
2058 541 2149 574 Haec

1174 587 1283 608 eorum
1314 581 1364 610 est
1392 578 1526 611 solutio:
1561 580 1617 612 sed
1648 581 1725 621 quid
1753 582 1929 614 exadverso
1961 585 2149 623 apostolus?

1175 618 1377 653 Sacrificium
1406 623 1492 662 quod
1522 623 1638 655 iterato
1665 624 1809 662 offertur,
1840 625 1965 656 etiamsi
1988 626 2073 657 idem
2096 629 2148 666 sit,

1174 662 1288 693 efficax
1322 666 1379 695 aut
1410 662 1565 697 idoneum
1603 666 1643 697 ad
1680 668 1898 707 expiationem
1937 677 2006 699 esse
2039 677 2146 710 negat.

1173 703 1269 735 Nunc
1300 708 1347 754 ut·
1364 705 1484 754 millies
1507 708 1646 740 clament
1677 710 1830 750 papistae,
1863 710 1948 742 idem
1973 721 2037 742 nou
2060 712 2147 743 aliud

1173 757 1242 778 esse
1266 747 1459 797 sacrificium
1483 751 1566 790 quod
1588 753 1689 784 semel
1715 754 1748 784 in
1771 763 1865 785 cruce
1887 753 2013 794 peregit
2035 753 2147 785 Chris-

1173 793 1234 826 tus,
1258 795 1290 821 et
1301 789 1398 838 ‘quod
1420 793 1483 831 1psi
1506 794 1647 832 quotidie
1670 801 1848 836 peragunt:
1883 806 2008 837 semper
2032 807 2070 828 ex
2094 807 2147 829 ore

1172 833 1310 871 apostoli
1337 832 1541 873 contendam,
1570 837 1597 866 si
1628 838 1667 868 ad
1698 839 1889 878 placandum
1912 838 2020 871 Deum
2046 840 2147 871 valuit

1173 874 1297 906 Christi
1324 875 1454 915 oblatio,
1485 887 1547 908 non
1578 883 1707 911 tantum
1736 882 1807 912 aliis
1831 882 1928 913 finem
1952 892 2022 913 esse
2044 882 2146 923 impo-

1171 918 1284 956 situm,
1315 917 1372 950 sed
1402 918 1493 950 illam
1522 920 1635 952 iterari
1666 923 1756 954 nefas
1786 935 1871 955 esse:
1906 924 1990 956 unde
2020 931 2146 957 constat

1170 961 1362 1002 sacrilegam
1385 971 1456 993 esse
1478 962 1510 993 in
1533 963 1633 995 missa
1655 965 1777 997 Christi
1801 967 2003 999 oblationem.

1256 1004 1284 1035 3.
1322 1003 1495 1044 Quotamzis
1522 1005 1559 1044 fit
1580 1010 1827 1040 commemoratio.
1874 1010 1981 1049 Quum
2007 1021 2146 1052 evange-

1169 1046 1248 1078 lium
1279 1051 1411 1079 nostrae
1441 1056 1514 1079 cum
1544 1048 1615 1080 Deo
1646 1051 1913 1083 reconciliationis
1946 1053 2065 1093 legatio
2094 1055 2146 1094 sit,

1169 1100 1256 1121 nunc
1280 1090 1378 1121 etiam
1402 1090 1547 1130 quotidie
1570 1097 1699 1131 peccata
1721 1093 1807 1125 inter
1827 1105 1883 1125 nos
1902 1098 2146 1128 commemorari

1169 1143 1300 1165 necesse
1333 1137 1391 1165 est.
1443 1131 1510 1165 Sed
1540 1135 1705 1174 apostolus
1739 1137 1913 1176 significat,
1948 1140 2083 1177 proferri
2112 1140 2145 1170 in

1168 1175 1312 1207 medium
1335 1179 1468 1216 peecata
1490 1182 1525 1208 ut
1548 1177 1689 1209 remedio
1713 1181 1891 1218 praesentis
1914 1181 2062 1212 sacrificii
2088 1183 2144 1213 tol-

1167 1218 1254 1249 latur
1283 1223 1403 1251 reatus.
1448 1218 1522 1251 Non
1553 1220 1653 1260 igitur
1681 1222 1856 1261 quamlibet
1880 1224 2067 1255 memoriam
2092 1225 2145 1256 ‹le-

1168 1262 1293 1302 signat:
1325 1261 1381 1294 sed
1411 1271 1492 1302 quae
1522 1262 1618 1294 talem
1651 1269 1760 1295 reatus
1790 1266 2022 1296 confessionem
2052 1268 2146 1298 affert

1168 1315 1276 1337 coram
1291 1304 1371 1343 Deo,
1394 1310 1431 1336 ut
1453 1306 1611 1337 sacrificio
1634 1307 1675 1337 sit
1698 1317 1778 1347 opus
1802 1308 1841 1338 ad
1861 1308 2053 1340 medicinam
2070 1310 2143 1340 affe-

1168 1348 1313 1381 rendam.
1353 1347 1433 1380 'Pale
1456 1351 1505 1379 est
1528 1349 1645 1380 missae
1668 1351 1861 1382 sacrificium
1885 1351 1970 1390 apud
1994 1352 2145 1392 papistas.

1168 1392 1253 1423 Nam
1285 1390 1352 1423 11110
1384 1390 1499 1423 mortis
1532 1391 1656 1423 Christi
1693 1394 1831 1433 gratiam
1866 1394 1958 1425 nobis
1992 1395 2145 1434 applicari

1167 1435 1298 1475 fingunt
1327 1439 1363 1466 ut
1393 1432 1563 1466 deleantur
1593 1441 1733 1475 peccata.
1778 1435 1874 1475 Quod
1898 1437 1924 1468 81
1948 1437 2028 1477 legis
2051 1439 2145 1469 saeri-

1166 1478 1238 1509 ficia
1261 1477 1337 1509 inde
1360 1476 1524 1518 apostolus
1546 1478 1626 1509 scite
1648 1479 1770 1519 colligit
1793 1480 1922 1510 infirma
1942 1481 2046 1518 fuisse,
2070 1482 2144 1521 quia

1167 1606 1281 1639 mortis
1307 1605 1432 1638 Christi
1461 1606 1667 1645 sacrificium,
1697 1608 1724 1638 si
1755 1607 1896 1647 quotidie
1925 1610 2143 1649 peragendum

1167 1655 1215 1681 est
1249 1654 1286 1681 ut
1318 1651 1370 1681 vis
1404 1649 1473 1682 eius
1510 1650 1603 1681 nobis
1641 1651 1831 1690 applicetur.
1888 1650 2144 1692 Quibuscunque

1166 1703 1244 1733 ergo
1266 1692 1351 1724 fucis
1372 1692 1504 1725 missam
1521 1703 1612 1724 suam
1633 1693 1784 1731 colorent,
1809 1704 1974 1733 nunquam
1992 1701 2144 1735 poterunt

1166 1735 1283 1767 atrocis
1303 1735 1339 1767 in
1360 1733 1531 1768 Christum
1556 1735 1776 1776 blasphemiae
1799 1737 1921 1768 crimen
1946 1738 2099 1778 effugere.

1250 1778 1281 1809 4.
1305 1776 1503 1818 Impaesibile
1525 1780 1616 1810 enim.
1651 1779 1833 1811 Confirmat
1851 1781 2049 1819 superiorem
2073 1792 2142 1812 sen—

1138 1818 1139 1828 *
1166 1822 1300 1853 tentiam
1318 1821 1442 1860 eadem,
1471 1831 1568 1862 quam
1600 1823 1690 1862 prius
1714 1822 1859 1860 adduxit,
1891 1823 2025 1864 ratione,
2056 1824 2143 1864 quod

1165 1864 1297 1905 sanguis
1327 1863 1487 1904 pecudum
1518 1865 1644 1896 animas
1674 1876 1739 1897 non
1770 1866 1924 1906 purgarit.
1970 1866 2142 1898 Habebant

1165 1908 1295 1948 quidem
1318 1906 1432 1939 Iudaei
1460 1906 1527 1939 illic
1549 1918 1645 1940 verae
1673 1909 1874 1949 purgationis
1897 1909 2082 1949 symbolum
2106 1920 2142 1941 ac

1164 1951 1297 1991 pignus,
1330 1949 1388 1981 sed
1417 1949 1479 1982 alio
1508 1956 1673 1990 respectu:
1707 1962 1824 1991 nempe
1857 1956 2017 1992 quatenus
2048 1952 2142 1984 vituli

1163 1993 1298 2034 sanguis
1321 1992 1447 2025 Christi
1470 1994 1663 2034 sanguinem
1686 1995 1856 2035 figurabat.
1892 1994 1956 2026 Hic
1980 2006 2055 2027 vero
2080 1996 2141 2026 dis-

1163 2040 1257 2077 putat
1286 2035 1452 2076 apostolus
1478 2037 1556 2076 quid
1586 2047 1644 2077 per
1673 2047 1707 2069 se
1730 2038 1869 2069 valuerit
1892 2038 2027 2078 sanguis
2051 2048 2143 2078 pecu-

1164 2079 1251 2111 dum.
1295 2078 1435 2110 Proinde
1465 2079 1580 2111 merito
1604 2080 1672 2111 vim
1702 2080 1766 2112 illis
1797 2080 1957 2121 purgandi
1990 2080 2140 2112 detrahit.

1164 2123 1225 2154 Est
1254 2123 1362 2153 autem
1392 2121 1669 2163 subintelligenda
1698 2124 1858 2164 oppositio
1888 2133 1971 2163 quae
2000 2134 2064 2155 nen
2087 2135 2142 2154 ex-

1163 2165 1333 2206 primitur:
1364 2173 1400 2196 ac
1423 2165 1451 2196 si
1474 2165 1616 2204 dixisset,
1640 2171 1767 2198 veteres
1788 2166 1910 2197 hostias
1933 2176 1998 2197 non
2021 2167 2139 2197 mirum

1163 2213 1211 2239 est
1247 2207 1345 2240 fuisse
1382 2207 1556 2246 invalidas,
1598 2213 1635 2240 ut
1674 2210 1880 2241 continenter
1920 2209 1993 2240 illas
2030 2209 2137 2240 offerri

1163 2251 1358 2292 oportuerit:
1395 2250 1461 2282 illic
1499 2251 1585 2282 enim
1622 2251 1705 2283 nihil
1740 2256 1809 2283 erat
1842 2261 1941 2291 quam
1979 2251 2139 2291 pecudum

1162 2294 1297 2335 sanguis
1331 2293 1386 2334 qui
1419 2303 1520 2334 usque
1553 2294 1588 2325 in
1622 2295 1747 2326 animas
1780 2304 1845 2325 non
1879 2297 2039 2334 penetrat.
2095 2295 2140 2325 At

1163 2346 1241 2369 vero
1263 2336 1433 2377 sanguinis
1456 2335 1577 2368 Christi
1606 2337 1701 2378 longe
1723 2337 1786 2368 alia
1808 2337 1915 2368 virtus
1937 2341 1996 2369 est.
2041 2336 2140 2369 Obla-

1162 2380 1283 2411 tionem
1317 2389 1394 2420 ergo
1426 2379 1467 2410 ab
1499 2380 1571 2420 ipso
1602 2384 1765 2420 peractam
1800 2389 1842 2411 ex
1879 2379 2042 2419 prioribus
2074 2379 2140 2411 illis

1162 2423 1268 2454 metiri
1291 2432 1357 2453 11011
1379 2423 1540 2455 convenit.

1248 2508 1278 2539 5.
1297 2508 1488 2548 Quapropter
1502 2508 1684 2548 inor-edicas
1699 2508 1733 2539 in
1748 2507 1910 2546 nzundwm,
1926 2508 2018 2539 dicit:
2040 2508 2140 2540 sacri-

1159 2552 1265 2592 ficium
1297 2553 1324 2582 et
1356 2550 1536 2582 oblationem
1568 2549 1711 2589 noluisti,
1743 2559 1856 2590 corpus
1889 2553 1990 2582 autem
2023 2552 2140 2590 aptasti

1161 2594 1250 2626 mihi.
1289 2594 1317 2624 6.
1342 2593 1531 2625 Holocausta
1553 2595 1579 2624 et
1600 2593 1742 2625 victimas
1759 2603 1822 2632 pro
1840 2595 1963 2633 peceato
1984 2603 2046 2625 non
2062 2604 2138 2634 pro·

1161 2637 1256 2669 hasti.-
1292 2636 1320 2667 7.
1343 2639 1415 2668 tunc
1436 2636 1523 2667 dim’:
1544 2645 1605 2668 ecce
1627 2635 1755 2668 adsum:
1777 2636 1811 2668 in
1833 2636 1932 2676 capite
1950 2636 2026 2668 libri
2040 2637 2139 2677 scrip-
