2513 3126
281 230 347 261 499
1123 222 1266 256 EPIS'P.

283 331 316 359 et
340 324 588 365 trepidationem
613 331 673 353 nos
695 331 765 352 esse
788 320 956 361 proclives,
981 325 1017 352 ut
1040 329 1133 351 nemo
1150 319 1257 350 Deum

283 378 399 400 vocare
416 372 539 407 patrem
556 365 651 403 ausit,
678 364 739 395 nisi
755 363 809 394 illo
832 363 943 394 eodem
967 363 1082 403 spiritu
1106 362 1257 394 dictante.

284 411 367 444 Nam
389 410 463 441 hinc
483 407 676 444 sollicitudo,
693 406 768 438 hino
785 405 881 437 ardor
897 410 930 437 et
947 405 1163 445 vehementia,
1181 404 1258 437 hino

284 453 441 488 alacritas.
466 451 541 482 hine
558 450 675 482 fiducia
697 449 873 486 obtinendi,
898 448 973 480 hino
996 448 1133 488 denique
1155 447 1257 489 gemi-

283 501 334 528 tus
354 495 400 526 illi
418 493 652 525 inenarrabiles
668 503 803 532 quorum
828 492 976 522 meminit
992 491 1112 522 Paulus
1128 491 1167 521 ad
1193 490 1256 521 Ro-

283 548 395 570 manos
412 537 442 577 8,
458 536 510 568 26.
545 536 635 577 Ergo
651 545 716 566 non
734 535 790 566 abs
807 545 841 566 re
857 534 955 566 Iudas
979 534 1070 566 docet
1093 534 1256 565 neminem

283 590 376 622 posse
399 590 492 611 orare
516 584 553 610 ut
575 584 713 618 oportet,
737 578 797 609 nisi
823 577 980 608 directore
1003 576 1129 616 spiritu.

368 623 419 654 21.
451 622 572 654 Vosmet
594 622 628 653 in
651 622 782 653 caritate
803 622 931 652 servate.
967 619 1145 651 Caritatcm
1170 617 1259 650 velut

281 665 448 698 custodem
480 675 517 697 ac
548 664 728 705 praesidem
761 664 845 695 vitae
876 667 1007 694 nostrae
1031 662 1158 694 statuit:
1193 671 1258 692 non

281 714 317 740 ut
347 718 417 739 eam
449 712 592 748 opponat
615 706 677 738 Dei
708 706 842 747 gratiae,
876 705 932 737 sed
963 705 1039 745 quia
1070 704 1122 736 hic
1152 710 1259 736 rectus

281 751 464 783 vocationis
492 755 623 781 nostrae
654 760 767 781 cursus
793 754 852 788 est,
883 749 909 780 si
933 749 1098 789 pergimus
1120 748 1153 779 in
1177 747 1258 779 cari-

282 799 359 826 tate.
416 793 579 832 Quoniam
617 802 696 824 vero
734 791 839 824 multa
876 801 935 823 nos
972 790 1013 822 ad
1047 790 1258 822 desectionem

283 837 469 874 sollicitant,
504 842 540 867 ut
573 835 703 867 difficile
734 836 776 866 sit
806 844 866 866 nos
896 843 1027 866 servare
1058 834 1128 865 Deo
1157 842 1260 873 usque

283 880 317 911 in
341 881 439 911 finem
463 879 618 919 integros,
646 877 686 909 ad
710 877 859 909 ultimum
884 877 968 908 diem
993 876 1104 908 fideles
1120 879 1259 907 revocat.

281 921 359 955 Sola
390 921 477 953 enim
500 922 570 953 eius
594 921 794 961 exspectatio
817 920 978 952 sustinere
1000 930 1058 951 nos
1082 919 1187 959 debet,
1218 929 1260 951 ne

281 975 425 1005 unquam
461 965 588 996 animos
625 963 896 1004 despondeamus.
953 962 1086 1002 Alioqui
1123 961 1260 1002 singulis

281 1007 456 1040 momentis
487 1007 623 1038 deficere
655 1016 784 1039 necesse
815 1007 887 1038 erit.
932 1005 1121 1038 Notandum
1151 1009 1260 1036 autem

281 1050 364 1090 quod
399 1051 501 1082 vitam
536 1055 704 1082 aeternam
737 1059 802 1080 non
838 1049 909 1082 vult
942 1048 1083 1089 sperari,
1122 1047 1185 1079 nisi
1219 1058 1260 1079 ex

281 1093 405 1126 Christi
428 1093 662 1124 misericordia.
698 1092 783 1124 Nam
806 1091 852 1123 ita
874 1091 973 1123 iudex
997 1096 1107 1122 noster
1131 1090 1260 1122 futurus

281 1141 339 1174 est,
374 1140 412 1167 ut
441 1136 622 1177 gratuitum
653 1135 888 1175 redemptionis
917 1145 937 1166 a
967 1144 1001 1165 se
1027 1138 1140 1174 partae
1164 1134 1260 1165 bene-

281 1179 390 1211 ficium
415 1189 473 1219 pro
497 1178 664 1210 iudicandi
687 1178 801 1218 regula
824 1177 953 1209 habeat.

367 1221 420 1254 22.
444 1221 513 1253 Hos
541 1222 667 1262 quidem
688 1221 896 1252 miseramini.
941 1219 1103 1261 Adiungit
1125 1219 1260 1251 alteram

282 1264 556 1302 exhortationem,
581 1264 722 1304 qualiter
739 1274 774 1295 se
797 1273 910 1304 gerere
933 1262 1070 1294 debeant
1093 1262 1203 1294 fideles
1226 1263 1261 1294 in

283 1307 485 1348 corrigendis
509 1307 672 1346 fratribus,
696 1311 734 1338 ut
757 1317 810 1338 eos
834 1306 873 1337 ad
890 1305 1070 1337 Dominum
1095 1305 1260 1337 reducant.

283 1350 384 1382 Varie
414 1353 524 1381 autem
548 1349 735 1381 tractandos
758 1359 827 1380 esse
850 1348 1012 1386 admonet,
1045 1358 1259 1388 unumquem-

284 1403 346 1434 que
369 1393 493 1425 scilicet
516 1402 574 1433 pro
597 1403 655 1424 suo
678 1392 820 1432 ingenio.
864 1391 949 1423 Nam
973 1402 1051 1432 erga
1073 1395 1261 1423 mansuetos

284 1442 316 1468 et
346 1435 465 1467 dociles
493 1435 667 1467 clementia
698 1435 854 1466 utendum
885 1440 942 1466 est.
987 1434 1135 1465 Aliorum
1159 1434 1261 1465 maior

285 1485 334 1511 est
357 1478 492 1510 duritia:
523 1489 601 1519 ergo
626 1481 750 1509 terrore
773 1477 943 1518 subigendi
967 1482 1054 1508 sunt.
1099 1476 1191 1507 Haec
1213 1481 1261 1508 est

285 1521 472 1553 diiudicatio
487 1522 580 1553 cuius
595 1521 754 1552 meminit.
791 1520 1004 1560 Participium
1024 1519 1260 1561 διακρινόμενα,

285 1564 395 1596 nescio
413 1574 471 1596 cur
487 1564 645 1595 Erasmus
668 1564 796 1604 passive
819 1563 953 1594 reddere
976 1563 1136 1600 maluerit,
1160 1573 1261 1603 quum

285 1607 328 1639 sit
357 1607 561 1648 ambiguum:
596 1607 703 1638 activa
730 1611 840 1638 autem
870 1606 1068 1646 significatio
1096 1605 1262 1637 contextui

285 1650 383 1691 longe
414 1650 531 1681 melius
563 1649 708 1690 quadret.
756 1648 892 1681 Summa
919 1659 996 1690 ergo
1019 1654 1081 1680 est:
1111 1647 1147 1681 Si
1171 1647 1261 1681 volu-

286 1703 360 1725 mus
400 1693 579 1724 errantium
622 1692 721 1724 saluti
761 1692 947 1732 consulere,
994 1690 1262 1724 considerandam

288 1746 358 1767 esse
381 1736 537 1776 cuiusque
561 1740 730 1767 naturam:
759 1740 796 1766 ut
824 1735 881 1775 qui
903 1736 998 1766 mites
1021 1739 1099 1766 sunt
1121 1744 1157 1766 ao
1179 1738 1262 1765 trac-

286 1778 411 1817 tabiles,
434 1778 559 1819 placide
583 1782 780 1810 revocentur
802 1778 838 1809 in
860 1778 959 1816 viam,
994 1782 1150 1818 tanquam
1173 1777 1264 1817 digni

287 1821 525 1853 misericordia:
555 1821 583 1853 si
606 1821 678 1861 quis
701 1826 808 1853 autem
832 1825 1008 1853 contumax
1032 1825 1090 1861 est,
1120 1820 1265 1852 severius

288 1864 479 1905 corrigatur.
524 1864 567 1895 Et
597 1864 750 1904 quoniam
783 1863 894 1895 odiosa
923 1864 989 1895 fere
1019 1868 1070 1895 est
1097 1862 1265 1903 asperitas,

289 1917 359 1938 eam
394 1907 585 1939 necessitate
619 1911 768 1945 excusat,
807 1906 892 1947 quod
925 1906 1019 1938 aliter
1052 1905 1179 1938 servari
1212 1915 1266 1936 ne-

290 1954 409 1989 queant
449 1950 503 1990 qui
537 1960 603 1981 non
637 1953 753 1990 sponte
787 1954 968 1990 sequuntur
1001 1949 1085 1980 bona
1118 1947 1264 1981 consilia.

290 1991 408 2031 Porro,
442 1993 583 2033 eleganti
617 1992 810 2033 metaphora
843 1993 956 2024 utitur.
1009 1992 1094 2023 Nam
1128 1991 1185 2023 ubi
1217 1996 1266 2022 est

290 2034 430 2066 incendii
453 2035 641 2076 periculum,
665 2036 825 2068 violenter
847 2045 962 2077 rapere
984 2045 1049 2067 non
1069 2034 1266 2073 dubitamus,

1300 222 1445 256 mDAn
2215 224 2279 257 500

1312 329 1405 359 quem
1423 319 1570 359 cupimus
1594 318 1713 351 habere
1735 319 1945 350 incolumem:
1975 328 2080 359 neque
2102 319 2190 351 enim
2212 320 2279 352 suf-

1312 363 1422 394 ficeret
1455 361 1590 393 innuere
1622 361 1738 403 digito,
1779 361 1830 393 vel
1864 361 1980 393 blande
2013 372 2145 394 manum
2181 362 2280 403 porri-

1313 416 1398 446 gere.
1453 403 1507 436 Sic
1541 404 1638 436 etiam
1671 404 1815 437 curanda
1848 409 1897 435 est
1930 414 2042 436 eorum
2076 404 2173 442 salus,
2207 405 2282 445 quia

1312 449 1351 479 ad
1376 447 1495 487 Deum,
1518 447 1581 478 nisi
1605 448 1728 479 duriter
1752 447 1856 486 tracti,
1880 457 1943 478 non
1969 448 2127 479 venirent.
2167 447 2282 489 Longe

1313 491 1421 522 differt
1455 492 1550 521 vetus
1583 491 1823 531 interpretatio:
1863 500 1944 530 quae
1978 494 2084 521 tamen
2118 490 2212 522 lectio
2246 492 2282 522 in

1312 533 1424 565 multis
1457 532 1620 565 codicibus
1652 534 1776 574 graecis
1809 533 1983 564 invenitur.
2034 533 2174 574 Arguite
2202 532 2281 564 diiu-

1313 576 1450 614 dicatos‚
1490 576 1595 615 inquit
1635 582 1729 608 vetus
1769 577 1939 616 interpres.
1998 575 2064 607 Sed
2103 577 2191 616 prior
2227 575 2283 608 ille

1313 629 1426 651 sensus
1466 618 1582 650 melius
1621 619 1788 659 congruit:
1836 625 1868 650 et
1907 628 1980 650 meo
2024 618 2143 651 iudicio
2185 628 2284 650 verus

1313 667 1362 693 est
1395 672 1432 693 ac
1465 661 1635 702 genuinus.
1692 660 1852 694 Servandi
1886 662 2030 700 verbum,
2064 661 2104 693 ad
2139 661 2284 693 homines

1313 705 1524 736 transfertur:
1559 714 1625 735 non
1647 704 1730 744 quod
1753 711 1881 736 autores
1903 706 1970 737 sint
1991 704 2114 743 salutis,
2146 705 2202 736 sed
2225 704 2283 735 mi-

1314 749 1418 779 nistri.

1399 790 1450 821 23.
1478 789 1557 821 Odio
1581 792 1808 829 prosequentes.
1857 790 1964 822 Locus
1993 789 2056 830 hic,
2090 789 2143 830 qui
2173 789 2286 821 obseu-

1314 843 1370 865 rus
1400 833 1517 873 alioqui
1547 832 1684 871 videtur,
1716 833 1800 864 nihil
1824 832 1955 864 habebit
1978 832 2188 872 difficultatis,
2218 842 2285 864 me-

1315 876 1451 916 taphora
1482 875 1564 906 bene
1594 875 1764 916 explicata.
1809 875 1890 906 Vult
1919 875 2032 907 fideles
2062 887 2124 907 non
2155 879 2286 906 tantum

1314 929 1429 951 cavere
1466 928 1484 949 a
1522 918 1674 950 vitiorum
1711 921 1878 951 contactu:
1916 918 1972 949 sed
2009 929 2114 958 neque
2151 918 2191 949 ad
2232 928 2286 949 eos

1314 962 1462 1002 contagio
1492 962 1665 1002 pertingat,
1695 960 1849 1001 quidquid
1879 961 1978 992 affine
2000 967 2049 992 est
2071 972 2108 993 ac
2131 961 2286 1001 vicinum,

1314 1003 1502 1045 fugiendum
1540 1014 1610 1035 esse
1646 1003 1807 1035 admonet.
1866 1002 2145 1042 Quemadmodum
2182 1004 2209 1035 si
2247 1003 2287 1034 de

1314 1047 1517 1088 impudicitia
1547 1057 1652 1078 sermo
1683 1047 1838 1087 habetur,
1872 1047 2015 1077 dicemus
2045 1046 2187 1077 tollenda
2217 1055 2287 1077 esse

1314 1090 1422 1121 omnia
1452 1089 1622 1121 libidinum
1645 1089 1862 1120 irritamenta.
1906 1089 1944 1119 Id
1968 1089 2147 1120 etiamnum
2170 1089 2288 1120 clarius

1314 1134 1371 1165 fiet
1403 1133 1430 1164 si
1460 1132 1637 1172 impleatur
1666 1133 1785 1164 oratio:
1819 1141 1935 1172 nempe
1965 1137 2000 1162 ut
2029 1132 2193 1163 oderimus
2220 1141 2287 1162 non

1315 1186 1444 1208 carnem
1472 1175 1578 1213 modo,
1608 1175 1664 1206 sed
1687 1175 1842 1213 tunicam,
1871 1184 1952 1214 quae
1976 1174 2045 1205 eius
2068 1179 2217 1205 contactu
2240 1174 2289 1204 in-

1315 1220 1397 1250 fecta
1424 1218 1476 1250 sit.
1529 1218 1614 1249 Nam
1647 1217 1806 1258 particula
1834 1217 1897 1255 καί,
1933 1217 1972 1248 ad
2004 1217 2290 1257 amplificationem

1315 1262 1410 1293 valet.
1441 1260 1567 1292 Malum
1591 1260 1690 1302 igitur
1713 1260 1792 1292 adeo
1814 1271 1877 1292 non
1900 1261 2059 1300 permittit
2081 1259 2286 1300 indulgentia

1315 1305 1428 1342 foveri,
1458 1309 1495 1335 ut
1516 1313 1630 1335 omnes
1653 1304 1923 1344 praeparationes,
1951 1303 2122 1343 omniaque
2145 1312 2287 1334 accesso-

1315 1348 1364 1379 ria.
1386 1346 1438 1389 (ut
1461 1345 1591 1388 vocant)
1614 1346 1722 1386 potius
1744 1346 1882 1378 resecari
1905 1346 2023 1377 iubeat.

1400 1390 1451 1421 24.
1475 1389 1521 1421 Ei
1549 1392 1650 1421 autem
1680 1389 1735 1429 qui
1765 1399 1899 1420 servare.
1945 1387 2079 1421 Claudit
2109 1387 2288 1428 epistolam,

1315 1433 1377 1465 Dei
1394 1432 1502 1464 laude:
1527 1432 1561 1464 in
1578 1442 1641 1472 qua
1656 1431 1799 1463 ostendit
1821 1431 1903 1462 nihil
1927 1441 2018 1471 posse
2042 1431 2288 1462 exhortationes

1316 1480 1451 1515 nostros,
1474 1485 1534 1507 nec
1557 1475 1672 1514 studia,
1695 1475 1756 1506 nisi
1779 1485 1820 1506 ex
1837 1475 1898 1506 Dei
1917 1474 2040 1505 virtute
2064 1474 2196 1505 effectus
2219 1483 2291 1512 pro-

1315 1520 1434 1551 veniat.
1487 1517 1657 1558 Quaedam
1687 1517 1885 1557 exemplaria
1914 1517 2036 1548 habent
2065 1527 2129 1547 eos.
2180 1515 2290 1554 Quam

1316 1562 1486 1593 lectionem
1516 1561 1544 1592 si
1576 1561 1759 1601 recipimus,
1792 1570 1907 1591 sensus
1929 1560 2005 1590 erit:
2041 1559 2197 1590 Vestrum
2220 1558 2290 1598 qui-

1318 1605 1390 1636 dem
1424 1609 1473 1635 est
1506 1604 1615 1635 conari
1644 1608 1680 1634 ut
1709 1603 1790 1635 salvi
1820 1604 1916 1634 fiant:
1950 1602 2006 1633 sed
2028 1601 2092 1633 Dei
2119 1601 2219 1633 solius
2241 1604 2291 1632 est

1318 1648 1379 1679 hoc
1416 1651 1592 1687 praestare.
1648 1645 1733 1677 Mihi
1771 1650 1881 1677 tamen
1919 1644 2021 1676 altera
2057 1644 2153 1676 lectio
2186 1643 2291 1684 magis

1318 1690 1438 1730 placet:
1461 1690 1495 1721 in
1519 1699 1583 1729 qua
1605 1689 1702 1720 etiam
1725 1693 1775 1720 est
1798 1688 1912 1719 allusio
1935 1687 1975 1718 ad
1998 1688 2197 1727 superiorem
2220 1696 2292 1718 sen-

1319 1733 1465 1764 tentiam.
1516 1732 1697 1772 Postquam
1728 1731 1815 1762 enim
1846 1730 1959 1762 fideles
1989 1730 2140 1762 hortatus
2170 1733 2220 1762 est
2250 1728 2292 1761 ad

1319 1775 1516 1808 servandum
1546 1774 1631 1815 quod
1654 1774 1767 1815 periit:
1796 1778 1833 1805 ut
1856 1773 2043 1814 intelligant
2066 1778 2199 1805 conatus
2222 1782 2293 1803 om-

1320 1829 1377 1850 nes
1406 1820 1472 1850 fore
1495 1818 1614 1855 irritos,
1648 1818 1712 1848 nisi
1735 1816 1826 1848 Deus
1850 1822 2018 1857 operetur:
2053 1827 2095 1847 ne
2116 1817 2202 1857 ipsos
2224 1814 2293 1856 qui-

1320 1861 1391 1892 dem
1421 1861 1517 1892 aliter
1544 1861 1670 1892 servari
1699 1870 1790 1900 posse
1813 1864 1960 1899 testatur,
1989 1859 2051 1890 nisi
2074 1858 2138 1890 Dei
2163 1859 2293 1890 virtute.

1320 1904 1518 1944 Quamquam
1553 1904 1586 1934 in
1622 1903 1682 1935 hoc
1716 1902 1893 1943 posteriore
1927 1901 2087 1940 membro,
2124 1901 2211 1933 aliud
2244 1905 2294 1932 est

1320 1948 1463 1986 verbum,
1494 1945 1631 1987 φυλάξαι
1654 1946 1785 1983 scilicet,
1809 1945 1893 1986 quod
1917 1945 2096 1976 custodiam
2119 1948 2223 1977 sonat:
2247 1943 2295 1975 ita

1321 1990 1360 2020 ad
1394 1992 1549 2021 remotius
1581 1989 1661 2020 illud
1695 1989 1878 2020 membrum
1911 1988 2096 2029 respiceret,
2129 1992 2166 2020 ut
2195 1986 2291 2018 dixit:

1321 2032 1388 2064 Vos
1411 2042 1551 2070 servare,
1575 2032 1628 2064 vel
1650 2032 1819 2064 custodite.

2494 2170 2513 3126 mmm-*dim
2504 2141 2510 2160 ν»
2501 2094 2507 2104 -
