2513 3126
130 221 191 253 165

128 316 191 348 fide
220 327 260 348 ex
289 316 404 348 diaboli
436 317 609 357 tyrannide
639 318 814 350 asserimur
840 318 874 349 in
897 318 1094 350 libertatem:

128 363 162 391 et
192 359 303 391 eadem
334 359 395 391 fide
426 360 535 391 hostes
568 362 696 392 nostros
725 361 946 402 profligamus‚
970 370 1096 392 omnes-

128 411 191 443 que
216 403 394 434 inferorum
418 403 614 435 munitiones
637 404 819 435 concidunt.

214 445 265 477 31.
285 444 366 477 Fide
385 445 505 478 Ralzab.
543 446 685 478 Tametsi
709 446 812 486 primo
834 445 988 484 adspectu
1011 444 1097 476 vide-

127 493 184 521 tur
200 489 263 521 hoc
285 489 470 529 exemplum
488 489 527 521 ob
551 499 707 530 personae
729 488 966 529 ignobilitatem
991 487 1097 519 minus

127 532 264 572 illustre,
287 542 324 563 ac
340 542 438 572 prope
457 532 627 572 indignum
651 542 720 563 esse
742 530 824 571 quod
848 531 879 560 in
905 529 963 560 hoc
986 529 1098 561 ordine

128 580 351 607 recenseatur:
381 578 597 615 congruenter
625 579 733 605 tamen
757 582 861 612 neque
884 572 940 602 abs
964 582 997 602 re
1020 572 1097 603 cita-

128 622 183 649 tur
216 617 256 649 ab
290 617 441 657 apostolo.
499 617 666 648 Hactenus
699 615 855 651 ostendit,
890 615 1098 654 patriarchas,

128 661 244 702 quibus
268 660 379 691 Iudaei
408 659 584 699 plurimum
609 658 737 689 honoris
760 666 797 688 ae
820 657 1020 688 reverentiae
1044 658 1096 690 de-

128 704 285 742 ferebant,
308 701 387 733 nihil
404 702 541 741 gessisse
557 700 651 731 laude
667 699 802 740 dignum
822 699 883 730 nisi
906 710 962 740 per
986 701 1098 731 fidem:

127 755 335 786 quaecunque
357 743 420 775 Dei
444 743 597 774 beneficia
619 753 696 783 erga
720 753 775 774 eos
798 748 976 773 memoratu
1001 743 1098 784 digna

127 789 338 823 exstiterunt,
379 786 478 816 fuisse
516 785 661 816 eiusdem
696 785 770 816 fidei
804 785 948 817 effectus.
1005 786 1098 817 Nunc

127 841 206 862 vero
229 830 328 868 docet,
352 827 521 859 mulierem
545 828 770 868 alienigenam,
792 833 824 859 et
840 828 925 867 apud
941 838 1016 860 suos
1035 840 1099 860 non

128 874 257 905 infimae
299 876 425 902 tantum
465 871 679 911 conditionis,
723 870 778 902 sed
820 881 902 911 quae
944 872 1099 903 meretrix

128 917 242 952 fuerat,
267 914 300 944 in
323 913 475 945 ecclesiae
498 924 614 954 corpus
637 924 694 954 per
717 914 813 945 fidem
838 914 935 945 fuisse
957 914 1099 946 insitam.

128 957 222 990 Unde
249 956 408 996 sequitur,
442 966 496 988 eos
525 957 580 996 qui
608 957 748 988 maxime
771 956 946 995 excellunt,
980 957 1101 989 nullius

127 1010 235 1032 coram
260 998 331 1030 Deo
365 999 458 1039 pretii
492 1009 572 1037 esse,
607 1000 671 1031 nisi
706 1010 747 1031 ex
778 999 841 1030 fide
871 1001 1101 1031 aestimentur:

127 1048 241 1075 contra
270 1052 348 1073 vero
378 1042 412 1072 in
442 1042 630 1073 societatem
662 1042 851 1083 angelorum
879 1043 1024 1083 adoptari
1047 1044 1102 1083 qui

128 1085 215 1117 inter
243 1085 394 1126 profanos
426 1089 458 1116 et
488 1085 642 1125 reprobos
672 1086 725 1116 vix
756 1085 845 1125 prius
874 1085 980 1117 locum
1006 1086 1103 1117 habe-

130 1128 218 1160 bant.
264 1128 365 1159 Porro
395 1128 469 1159 fidei
499 1128 616 1159 Rahab
642 1128 776 1160 Iacobus
805 1138 932 1168 quoque
962 1132 1103 1160 testimo-

130 1171 221 1202 nium
238 1170 341 1202 reddit
360 1170 403 1212 (2,
419 1170 483 1212 25):
501 1176 533 1202 et
549 1170 642 1202 facile
654 1177 754 1202 estex
767 1181 858 1203 sacra
872 1171 1003 1202 historia
1017 1172 1103 1202 colli-

130 1224 216 1255 gere,
232 1214 400 1245 mulierem
418 1214 504 1245 hanc
520 1224 597 1245 vera
613 1214 677 1245 fide
694 1215 791 1245 fuisse
807 1214 996 1253 praeditam.
1033 1214 1104 1246 Sibi

129 1258 215 1288 enim
249 1262 336 1288 certo
369 1267 558 1297 persuasum
593 1267 662 1288 esse
696 1259 866 1297 profitetur
899 1257 982 1296 quod
1012 1257 1104 1289 Deus

128 1299 287 1331 Israelitis
316 1300 524 1339 promiserat:
557 1304 590 1331 et
618 1301 709 1340 quasi
741 1301 878 1332 victores
906 1301 971 1331 iam
995 1305 1102 1332 essent

128 1353 208 1383 quos
241 1347 347 1374 metus
377 1343 416 1374 ab
450 1352 581 1374 accessu
609 1347 715 1374 terrae
738 1343 937 1384 prohibebat,
973 1344 1101 1374 veniam

128 1385 190 1417 sibi
223 1395 261 1417 ac
293 1385 360 1417 suis
393 1385 463 1416 dari
496 1386 593 1426 petit:
629 1396 731 1426 neque
760 1396 798 1417 ea
828 1386 862 1417 in
894 1396 928 1417 re
953 1386 1102 1418 homines

127 1428 319 1466 considerat,
349 1428 405 1460 sed
429 1428 536 1460 Deum
565 1429 682 1469 ipsum.
728 1429 837 1460 Huius
860 1428 935 1460 fidei
958 1430 1101 1460 testimo-

128 1471 218 1502 nium
235 1476 292 1509 est,
315 1470 401 1511 quod
424 1482 488 1502 non
512 1472 582 1502 sine
605 1472 693 1503 vitae
717 1472 861 1512 periculo
883 1471 1102 1512 exploratores

128 1513 305 1555 hospitatio
328 1515 451 1554 recipit.
498 1515 587 1555 Ergo
609 1514 684 1546 fidei
708 1515 873 1553 beneficio,
895 1524 915 1545 a
936 1515 1102 1547 communi

128 1557 218 1588 urbis
251 1567 328 1588 suae
356 1557 492 1588 interitu
522 1557 614 1589 salva
644 1557 764 1589 evadit.
815 1558 942 1589 Nomen
972 1568 1102 1590 mere-

128 1600 251 1631 tricis
280 1599 320 1631 ad
344 1600 605 1640 amplificandam
628 1600 692 1632 Dei
714 1601 854 1641 gratiam
878 1601 1017 1642 positum
1042 1605 1101 1632 est.

129 1642 217 1675 Sunt
238 1643 293 1683 qui
318 1647 379 1685 ΠΙἹῙ
404 1648 536 1675 vertunt
559 1643 732 1684 hospitam,
756 1644 848 1684 quasi
870 1650 1037 1684 quaestum
1060 1655 1102 1675 ex

126 1695 273 1726 caupona
289 1685 415 1718 fecerit:
439 1686 494 1718 sed
513 1697 612 1726 quum
635 1686 695 1718 hoc
719 1697 837 1718 nomen
861 1687 980 1727 ubique
1003 1687 1101 1727 scrip-

129 1734 203 1760 tura
219 1739 277 1768 pro
293 1729 462 1761 meretrice
478 1732 625 1770 usurpet,
649 1729 740 1761 nulla
759 1734 807 1761 est
824 1731 907 1761 ratio
929 1740 987 1761 cur
1009 1729 1103 1761 aliter

129 1771 190 1802 hoc
212 1771 280 1803 loco
302 1772 561 1812 interpretemur.
597 1772 727 1809 Rabini,
751 1772 827 1812 quia
850 1772 910 1804 hoc
926 1773 1102 1804 absurdum

129 1821 286 1854 turpeque
301 1825 377 1846 suae
393 1816 482 1856 genti
498 1825 568 1847 esse
591 1815 758 1855 putabant,
782 1816 808 1847 si
838 1815 1022 1847 dicerentur
1046 1826 1102 1847 ex-

128 1856 305 1897 ploratores
324 1858 501 1889 meretricis
524 1858 664 1898 hospitio
687 1859 737 1890 usi
760 1867 845 1890 esse:
868 1864 1011 1890 coactam
1035 1864 1102 1900 ety-

129 1899 300 1940 mologiam
324 1901 562 1941 excogitarunt.
610 1900 674 1933 Sed
698 1901 806 1933 inanis
830 1901 890 1932 fuit
913 1901 967 1932 ille
991 1902 1101 1933 timor:

129 1942 202 1974 ideo
232 1943 318 1974 enim
346 1944 379 1974 in
409 1943 545 1975 historia
572 1943 684 1975 Iosuae
708 1945 898 1975 nominatim
921 1944 1102 1984 epithetum

130 1985 190 2016 hoc
209 1990 294 2028 ΠΙἹῙΠ
313 1985 450 2024 additur,
474 1992 508 2018 ut
524 1987 664 2019 sciamus
681 1987 902 2027 exploratores
918 1987 1102 2018 clanculum

129 2029 257 2059 venisse
279 2029 312 2059 in
335 2029 448 2060 urbem
466 2029 603 2070 Iericho,
627 2035 659 2061 et
682 2030 724 2061 ibi
748 2030 782 2061 in
806 2032 898 2062 domo
921 2030 1104 2062 meretricia

128 2070 272 2102 latuisse.
318 2070 522 2111 Quamquam
555 2072 616 2104 hoc
645 2073 684 2103 ad
715 2078 896 2104 anteactam
926 2074 1028 2104 vitam
1055 2084 1103 2104 re-

130 2113 205 2145 ferri
222 2118 345 2146 certum
369 2119 435 2146 est:
458 2115 698 2155 resipiscentiae
721 2116 807 2147 enim
831 2116 922 2148 testis
946 2121 996 2148 est
1014 2116 1101 2148 fides.

215 2199 266 2231 32.
285 2199 328 2231 Ec
345 2199 421 2239 quid
443 2200 580 2239 amplius
601 2201 694 2233 dico?
718 2201 835 2240 deficiet
856 2202 940 2233 enim
961 2211 1008 2234 me
1030 2204 1103 2233 tem-

125 2251 190 2282 pus
222 2246 404 2274 narrantem
436 2243 472 2274 de
508 2242 646 2281 Gedeon,
678 2243 800 2280 Barac,
834 2247 862 2276 et
896 2244 1039 2286 Samson,
1074 2248 1103 2276 et

130 2284 244 2325 Iephte,
276 2287 304 2317 et
326 2285 443 2325 David,
478 2288 504 2317 et
529 2285 665 2325 Samuel,
696 2288 722 2318 et
742 2286 920 2326 prophetis:
963 2287 1014 2319 33.
1048 2289 1103 2329 qui

126 2338 185 2368 per
197 2328 290 2368 fidem
305 2331 558 2369 expuynaverunt
575 2339 679 2369 regna,
702 2330 821 2369 operati
843 2333 917 2362 sunt
938 2331 1102 2370 iustitiam,

129 2371 234 2410 adepti
244 2374 317 2403 sunt
326 2372 558 2411 promissiones.
575 2371 758 2403 obturarunt
770 2381 827 2402 ora
837 2372 968 2411 leonum,
985 2373 1038 2405 34.
1049 2384 1101 2406 ecc-

129 2413 308 2445 struxerunt
328 2415 392 2446 vim
414 2414 508 2455 iynis,
536 2415 706 2455 effuyerunt
729 2415 824 2446 aciem
845 2415 956 2456 yladii,
984 2417 1102 2449 robusti

129 2454 206 2494 facti
234 2459 308 2488 sunt
332 2467 370 2488 ex
392 2457 584 2497 infirmitate,
612 2458 708 2497 fortes
729 2457 843 2489 redditi
866 2461 939 2490 sunt
960 2459 994 2491 in
1011 2470 1101 2501 proe‘

132 2498 183 2536 lio,
200 2500 411 2540 profliyarunt
433 2501 582 2532 exercitus
604 2500 786 2532 alienorum.

218 2583 269 2615 32.
303 2584 346 2616 Et
378 2585 453 2625 quid
486 2586 623 2627 amplius
655 2586 746 2618 dieo?
801 2586 888 2625 Quia
922 2587 1100 2620 timendum

132 2629 202 2657 erat
232 2637 273 2658 ne
296 2627 425 2668 singula
448 2629 597 2670 exempla
619 2628 787 2660 referendo
818 2630 893 2661 fidei
926 2629 1037 2663 laudes
1060 2631 1101 2663 ad

132 2678 252 2709 paucos
282 2669 429 2702 homines
456 2673 676 2713 restringeret,
704 2677 926 2713 praeoccupat,
957 2684 994 2705 ac
1017 2673 1102 2714 dicit,
1127 2668 1130 2678 ⁵

886 223 1026 255 EPJS'P.
1051 223 1113 255 AD
1138 224 1387 258 HEBRAEOS

2067 225 2127 260 166

1150 319 1275 350 nullum
1303 319 1370 351 fore
1393 321 1492 351 finem
1514 320 1541 351 si
1568 319 1706 360 singulis
1730 320 1873 352 insistat:
1897 331 1998 361 quum
2022 321 2053 352 id
2078 322 2124 362 ip-

1151 372 1233 401 sum,
1259 362 1343 402 quod
1368 362 1406 394 de
1430 363 1539 403 paucis
1563 363 1720 401 narravit,
1751 363 1789 394 ad
1809 366 1910 395 totam
1936 363 1997 395 Dei
2027 364 2126 396 eccle-

1150 404 1230 435 siam
1263 405 1430 445 pertineat.
1478 407 1525 437 Ac
1555 406 1695 446 primum
1724 406 1850 445 quidem
1876 407 2017 438 medium
2041 407 2123 438 illud

1151 452 1276 487 tempus
1304 448 1389 479 inter
1412 448 1508 479 Iosue
1535 454 1567 480 et
1591 447 1753 479 Davidem
1778 448 1934 489 designat,
1970 460 2031 490 quo
2058 449 2124 481 Do—

1151 489 1257 520 minus
1288 490 1407 522 iudices
1437 491 1592 523 excitavit
1616 491 1655 522 ad
1679 491 1929 531 gubernandum
1954 492 2125 533 populum:

1151 532 1263 570 quales
1280 533 1411 564 fuerunt
1427 539 1565 573 quatuor
1589 534 1642 565 isti
1666 533 1705 565 de
1725 534 1842 574 quibus
1866 536 2023 576 meminit,
2048 535 2126 567 Ge-

1151 573 1271 612 deon,
1295 575 1445 612 Barac,
1475 576 1649 608 Samson
1673 581 1710 608 et
1733 576 1891 616 Iephte.
1938 577 2125 610 Ridiculum

1123 645 1125 649 ,
1151 626 1228 647 sane
1258 624 1336 654 erat,
1371 618 1559 650 Gedeonem
1588 630 1662 650 cum
1693 620 1845 651 trecentis
1872 619 2054 652 hominibus
2079 622 2127 652 in-

1152 662 1282 698 gentem
1314 660 1451 692 hostium
1482 663 1660 694 exercitum
1685 662 1834 703 aggredi:
1865 662 1997 701 lagenas
2022 664 2126 695 mani—

1153 702 1211 732 bus
1227 709 1404 739 concutere.
1423 704 1494 744 plus
1507 715 1603 744 quam
1619 705 1716 736 inane
1732 710 1801 736 erat
1814 705 2125 737 terriculamentum.

1152 743 1257 775 Barac
1274 744 1368 785 longe
1385 746 1489 786 impar
1505 754 1573 778 erat
1595 748 1749 786 hostibus,
1773 753 1806 779 et
1830 752 1957 778 tantum
1983 748 2128 780 mulieris

1153 787 1250 817 unius
1273 788 1406 818 consilio
1431 789 1612 829 regebatur.
1644 791 1784 821 Samson
1809 790 1905 821 homo
1931 792 2128 828 rusticanus,

1126 858 1127 862 ,
1154 833 1187 860 et
1217 829 1272 868 qui
1302 840 1365 860 non
1396 831 1468 862 aliis
1499 842 1594 871 quam
1618 834 1834 873 agriculturae
1857 833 1956 865 armis
1979 844 2013 865 se
2037 844 2128 865 exer-

1153 877 1273 912 cuerat,
1308 873 1384 912 quid
1414 878 1541 913 poterat
1568 882 1678 906 contra
1709 881 1773 907 tam
1802 875 1957 916 superbos
1982 877 2127 914 victores,

1155 924 1293 954 quorum
1337 917 1479 955 potentia
1519 918 1669 948 subactus
1704 918 1808 950 fuerat
1845 924 1930 950 totus
1965 919 2126 960 populus?

1155 957 1238 996 Quis
1255 957 1369 998 Iephte
1387 959 1511 990 facinus
1527 959 1618 990 initio
1636 961 1826 992 temeritatis
1844 972 1906 992 non
1931 961 2128 999 damnasset,

1155 1001 1211 1040 qui
1246 1001 1408 1032 vindicem
1444 1001 1552 1041 populi
1585 1002 1647 1033 iam
1683 1003 1839 1042 deplorati
1871 1015 1906 1035 se
1940 1005 2129 1044 profitetur?

1156 1043 1222 1074 Sed
1256 1044 1407 1084 quoniam
1442 1044 1549 1075 Deum
1580 1055 1691 1076 omnes
1721 1053 1901 1086 sequuntur
1934 1047 2064 1085 ducem,
2096 1053 2128 1079 et

1156 1086 1225 1117 eius
1266 1087 1477 1127 promissione
1521 1087 1657 1118 animati
1693 1088 1875 1120 iniunctum
1912 1089 1971 1121 sibi
2009 1100 2129 1123 munus

1156 1129 1346 1169 suscipiunt,
1364 1130 1498 1170 spiritus
1516 1132 1618 1162 sancti
1638 1130 1823 1162 testimonio
1840 1137 2008 1164 ornantur.
2040 1133 2130 1173 Ergo

1156 1172 1312 1212 quidquid
1336 1172 1496 1204 laudabile
1519 1179 1699 1213 gesserunt,
1724 1173 1797 1205 fidei
1820 1175 1983 1214 apostolus
2006 1176 2129 1214 tribuit,

1156 1225 1351 1255 quamquam
1371 1216 1481 1247 nullus
1499 1219 1550 1247 est
1568 1227 1679 1247 eorum
1702 1217 1794 1248 cuius
1817 1217 1896 1248 fides
1919 1227 1985 1248 nou
2008 1218 2129 1250 claudi-

1156 1258 1288 1289 caverit.
1345 1258 1482 1290 Gedeon
1519 1258 1560 1290 ad
1597 1269 1689 1290 arma
1726 1260 1884 1290 sumenda
1922 1260 2044 1291 tardior
2080 1265 2130 1292 est

1156 1311 1255 1341 quam
1288 1311 1346 1341 par
1376 1303 1425 1340 sit,
1460 1313 1518 1334 nec
1550 1312 1584 1333 se
1607 1301 1678 1333 Deo
1708 1304 1920 1340 committere,
1955 1303 2017 1333 nisi
2048 1303 2128 1335 diffi-

1155 1344 1266 1379 culter,
1294 1344 1401 1375 audet.
1446 1345 1552 1376 Barac
1575 1345 1668 1376 initio
1692 1345 1841 1385 trepidat,
1874 1351 1908 1376 ut
1931 1345 1997 1376 fere
2020 1347 2129 1378 convi-

1156 1386 1209 1417 tiis
1246 1386 1405 1419 Delborae
1445 1387 1488 1419 sit
1525 1387 1698 1429 cogendus.
1757 1387 1897 1419 Samson
1931 1389 2130 1421 concubinae

1156 1429 1322 1461 blanditiis
1353 1431 1459 1462 victus
1490 1441 1583 1462 suam
1606 1436 1638 1462 et
1661 1431 1762 1462 totius
1786 1431 1893 1471 populi
1918 1430 2056 1463 salutem
2080 1432 2129 1463 in-

1155 1472 1358 1504 considerate
1391 1473 1506 1514 prodit.
1562 1473 1677 1514 Iephte
1716 1474 1750 1504 in
1785 1474 1997 1514 concipiendo
2031 1474 2130 1505 stulto

1156 1523 1232 1546 voto
1249 1526 1411 1556 praeceps,
1434 1517 1469 1547 in
1487 1516 1644 1548 solvendo
1664 1516 1761 1548 nimis
1777 1518 1936 1557 pertinax,
1954 1516 2132 1557 pulcherri-

1156 1569 1242 1589 mam
1274 1559 1443 1591 victoriam
1474 1560 1598 1591 crudeli
1627 1559 1713 1590 filiae
1736 1570 1814 1591 suae
1837 1565 1940 1591 morte
1963 1559 2130 1592 deformat.

1156 1601 1205 1632 Ita
1238 1601 1273 1632 in
1306 1602 1456 1634 omnibus
1490 1603 1609 1634 sanctis
1638 1613 1765 1643 semper
1794 1603 1982 1634 invenietur
2011 1603 2131 1643 aliquid

1156 1644 1420 1684 reprehensibile.
1465 1644 1563 1676 Fides
1594 1651 1700 1677 tamen
1730 1645 1857 1677 etiamsi
1886 1645 2002 1676 mutila
2029 1647 2072 1677 sit
2095 1655 2132 1677 ao

1156 1687 1352 1727 imperfecta,
1376 1687 1447 1719 Deo
1469 1688 1598 1728 probari
1618 1699 1681 1719 non
1702 1688 1829 1719 desinit.
1867 1688 1976 1727 Quare
1997 1698 2062 1719 non
2081 1694 2130 1720 est

1157 1730 1241 1770 quod
1271 1740 1328 1762 nos
1359 1730 1514 1772 frangant
1545 1731 1596 1763 vel
1624 1731 1813 1762 exanimant
1843 1731 1921 1763 vitia
1949 1731 2064 1771 quibus
2087 1731 2131 1763 la-

1157 1773 1317 1846 borgmus,
1342 1773 1436 1805 modo
1459 1774 1522 1806 fide
1544 1785 1718 1815 pergamus
1740 1775 1775 1805 in
1799 1775 1975 1806 vocationis
1998 1781 2130 1805 nostrae

1157 1821 1208 1847 sta
1231 1826 1271 1847 ιο.

1242 1858 1292 1890 De
1318 1858 1436 1891 David.
1483 1859 1553 1892 Sub
1582 1860 1711 1891 nomine
1740 1859 1878 1891 Davidis
1908 1859 2131 1899 complectitur

1157 1913 1268 1933 omnes
1299 1903 1367 1942 pios
1397 1913 1504 1944 reges,
1535 1904 1649 1944 quibus
1679 1902 1863 1935 Samuelem
1893 1906 1925 1933 et
1955 1902 2130 1942 prophetas

1157 1945 1317 1985 adiungit.
1362 1946 1502 1978 Proinde
1532 1947 1566 1977 in
1590 1956 1717 1977 summa
1744 1945 1856 1977 docere
1881 1944 1960 1983 vult,
1991 1955 2129 1985 regnum

1158 1988 1239 2019 Iuda
1262 1989 1296 2019 in
1320 1988 1382 2019 fide
1406 1989 1504 2021 fuisse
1527 1989 1709 2026 fundatum,
1741 1993 1773 2019 et
1796 1987 1858 2019 fide
1881 1987 1922 2018 ad
1945 1993 2129 2019 extremum

1157 2031 1295 2062 stetisse.
1342 2031 1452 2072 Vulgo
1483 2038 1578 2063 notae
1601 2036 1695 2063 erant
1718 2031 1875 2072 plurimae
1898 2030 2038 2062 Davidis
2062 2031 2129 2062 vic-

1158 2075 1271 2114 toriae,
1306 2084 1385 2114 quas
1414 2075 1453 2105 de
1483 2075 1630 2107 hostibus
1659 2078 1891 2114 reportaverat.
1945 2073 2031 2104 Nota
2060 2075 2133 2104 erat

1157 2116 1317 2149 Samuelis
1340 2117 1520 2158 integritas,
1544 2121 1577 2150 et
1599 2127 1727 2149 summa
1744 2117 1846 2148 virtus
1865 2116 1900 2147 in
1917 2116 2131 2157 gubernando

1158 2160 1286 2200 populo.
1338 2160 1424 2191 Nota
1454 2165 1549 2192 erant
1577 2160 1639 2191 Dei
1671 2159 1825 2191 beneficia
1856 2159 1973 2199 quibus
2001 2163 2132 2190 sanctos

1157 2203 1332 2243 prophetas
1362 2213 1398 2234 ac
1426 2213 1520 2244 reges
1550 2208 1764 2243 prosequutus
1793 2200 1909 2233 fuerat.
1954 2201 2131 2242 Apostolus

1157 2246 1298 2277 affirmat
1321 2245 1401 2276 nihil
1425 2245 1540 2277 horum
1564 2256 1644 2286 esse,
1668 2244 1754 2285 quod
1778 2255 1841 2276 non
1865 2244 1940 2275 fidei
1960 2248 2129 2284 acceptum

1156 2289 1270 2320 referri
1300 2288 1422 2320 debeat.
1467 2289 1569 2320 Porro
1599 2299 1640 2320 ex
1669 2288 1848 2319 innumeris
1871 2287 1933 2318 Dei
1964 2286 2130 2319 beneficiis

1156 2331 1312 2372 quaedam
1337 2330 1495 2362 duntaxat
1517 2332 1660 2372 attingit,
1687 2335 1722 2362 ut
1745 2330 1821 2361 inde
1845 2329 2040 2371 generaliter
2063 2329 2128 2361 col-

1156 2375 1259 2415 ligant
1292 2373 1421 2411 Iudaei,
1459 2374 1727 2414 quemadmodum
1766 2383 1893 2413 semper
1928 2372 1991 2403 Dei
2028 2383 2129 2404 manu

1155 2422 1344 2449 conservata
1374 2417 1435 2448 fuit
1457 2417 1592 2449 ecclesia
1615 2427 1671 2458 per
1694 2416 1801 2456 fidem,
1832 2416 1879 2447 sic
1905 2425 2010 2455 neque
2032 2414 2128 2446 hodie

1156 2460 1252 2491 aliam
1282 2460 1440 2491 rationem
1470 2470 1540 2492 esse
1570 2470 1633 2500 qua
1666 2459 1721 2490 illa
1751 2469 1829 2499 erga
1859 2469 1917 2490 nos
1947 2458 2127 2490 beneficum

1156 2503 1343 2535 sentiamus.
1388 2502 1496 2534 David
1520 2503 1616 2534 toties
1639 2502 1741 2534 victor
1765 2501 1861 2532 rediit
1885 2501 2024 2539 domum,
2049 2501 2127 2532 Eze-

1155 2546 1244 2578 chias
1281 2545 1321 2576 ab
1358 2545 1546 2577 infirmitate
1583 2545 1764 2583 convaluit,
1803 2544 1921 2575 Daniel
1958 2554 1999 2575 ex
2034 2542 2129 2576 fovea

1155 2588 1283 2620 leonum
1315 2587 1425 2619 salvus
1459 2592 1491 2620 et
1523 2588 1663 2620 intactus
1697 2587 1842 2625 emersit,
1880 2586 1957 2618 socii
1992 2586 2060 2618 eius
2094 2586 2127 2617 in

1155 2631 1280 2663 camino
1304 2631 1441 2667 ardenti,
1466 2641 1529 2662 non
1552 2640 1646 2662 secus
1669 2641 1706 2662 ac
1729 2631 1763 2661 in
1786 2629 1892 2661 rosido
1915 2634 2017 2670 prato,
2049 2629 2128 2661 laeti

1155 2673 1371 2706 ambularunt.
1423 2673 1549 2705 Horum
1584 2673 1729 2705 omnium
1760 2673 1786 2704 si
1818 2682 1915 2704 causa
1944 2673 2006 2704 fuit
2036 2672 2130 2710 fides,

1873 2731 1921 2757 11*
