2513 3126
111 202 173 234 317

113 297 268 329 cesserint
301 295 444 329 discendi
478 299 634 328 aetatem:
672 296 781 336 pueri,
815 296 906 336 quasi
940 294 1083 342 nondum

113 339 338 377 maturuerint,
367 343 520 371 recusant
543 338 668 371 audire:
700 338 825 370 mediae
848 336 1086 384 aetatisbomi-

114 392 180 420 nee,
204 383 354 422 quoniam
378 382 450 413 aliis
473 382 590 414 studiis
613 385 823 422 occupantur,
847 390 908 410 non
929 379 1084 410 adiiciunt

113 425 176 457 huc
193 425 347 456 animum.
386 425 474 466 Ergo
498 435 537 456 ne
553 425 606 464 qui
629 435 663 456 se
693 420 1084 470 emmanu-evangelium

112 468 152 499 ad
182 467 386 508 singulorum
417 478 495 499 usus
517 466 744 499 accommodat.
790 465 951 504 Designat
974 468 1083 511 autem

112 515 177 542 tres
201 516 338 542 aetates:
362 520 443 550 quae
466 510 568 550 magis
591 513 718 548 recepta
742 511 790 538 est
813 506 1085 555 humanaetvitae

113 553 254 593 partitio.
305 553 401 585 Unde
436 557 467 583 et
500 551 634 583 celebris
664 550 717 581 ille
748 549 1084 596 Lacedaemoniorum

112 595 230 627 chorus
261 597 327 627 tres
350 595 478 627 ordines
502 594 651 632 habebat,
686 602 820 632 quorum
845 602 968 631 primus
991 602 1084 623 cane-

113 638 181 669 bat:
217 638 310 678 Quod
347 638 437 676 estis,
472 637 604 668 erimus:
640 640 832 675 postremus.
867 633 964 673 Quod
999 635 1085 673 estis,

112 681 245 713 fuimus:
280 680 404 712 medius
434 687 524 710 vero:
559 677 682 709 Sumus
712 677 798 718 quod
825 677 918 708 alteri
943 677 1086 714 fuerunt,

112 728 144 755 et
173 723 267 755 alteri
297 723 394 754 futuri
421 726 507 753 sunt.
552 720 591 751 In
616 720 674 752 hos
697 726 763 752 tres
785 719 903 761 gradus
927 719 1087 751 Iohannes

113 767 274 797 humanae
311 765 397 796 vitae
433 763 630 799 curriculum
668 763 849 795 distribuit:
896 773 932 794 ac
975 763 1087 803 incipit

112 808 238 849 quidem
269 818 288 839 a
316 807 457 847 senibus,
492 812 523 837 et
553 805 618 837 illis
647 816 825 846 congruere
848 805 924 836 dicit
947 815 1087 846 evange-

112 852 200 890 lium,
222 851 297 890 quia
319 849 395 881 inde
417 854 586 880 aeternum
611 848 675 880 Dei
697 849 800 880 filium
826 848 959 880 discant.
1001 848 1086 880 Nota

112 897 160 925 est
189 902 302 924 senum
333 892 518 924 morositas:
552 892 746 932 praesertim
777 902 853 923 vero
883 892 959 931 quia
985 901 1086 922 anno-

109 945 182 967 rum
216 935 428 966 multitudine
458 935 636 966 metiuntur
665 935 868 975 sapientiam,
903 934 1086 965 redduntur

109 977 273 1010 indociles.
318 978 493 1009 Praeterea
526 977 586 1009 hoc
617 978 688 1008 vitii
719 978 835 1009 merito
866 978 900 1008 in
932 977 996 1008 illis
1026 987 1083 1008 no-

109 1021 189 1052 tavit
210 1020 371 1052 Horatius
394 1021 428 1051 in
452 1020 533 1052 Arte
556 1020 719 1062 poetica1),
748 1020 831 1060 quod
856 1025 983 1060 tempus
1007 1030 1083 1060 pue-

109 1063 205 1095 ritiae
243 1074 321 1095 suae
355 1063 540 1102 laudantes,
577 1066 737 1104 respuunt
770 1063 925 1103 quidquid
958 1063 994 1094 fit
1028 1065 1085 1094 aut

108 1106 236 1138 dicitur.
287 1106 376 1138 Huic
410 1107 490 1138 vitio
519 1106 699 1147 prudenter
732 1105 880 1137 medetur
910 1105 1083 1142 Iohannes,

108 1159 207 1189 quum
238 1150 272 1180 in
303 1149 473 1190 evangelio
505 1160 569 1180 non
601 1150 767 1189 antiquam
799 1148 893 1180 modo
916 1148 1083 1180 scientiam

108 1192 268 1224 contineri
298 1192 461 1232 admonet,
496 1192 551 1223 sed
581 1202 662 1232 quae
686 1202 743 1223 nos
768 1191 898 1223 deducit
920 1202 1021 1231 usque
1045 1191 1083 1222 ad

108 1235 211 1276 ipsam
234 1234 296 1266 Dei
327 1236 564 1266 aeternitatem.
611 1234 705 1266 Unde
735 1235 891 1275 sequitur,
922 1233 1003 1265 nihil
1031 1234 1084 1266 hic

108 1288 178 1309 esse
210 1277 296 1318 quod
326 1278 503 1309 fastidiant.
550 1278 645 1316 Quod
677 1277 752 1309 dicit
783 1277 952 1309 Christum
986 1277 1083 1308 fuisse

106 1320 153 1352 ab
185 1320 327 1361 initio,
362 1327 429 1352 tam
461 1321 500 1352 ad
528 1320 671 1352 divinam
696 1321 764 1352 eius
788 1320 1014 1361 praesentiam,
1049 1321 1081 1351 in

105 1373 169 1403 qua
192 1368 383 1394 coaeternus
407 1368 455 1394 est
479 1364 574 1404 patri,
602 1373 700 1403 quam
725 1363 764 1394 ad
789 1363 945 1394 virtutem
967 1363 1082 1400 refero,

107 1406 145 1437 de
160 1416 223 1446 qua
240 1406 404 1446 apostolus
421 1406 565 1446 loquitur
589 1407 628 1438 ad
646 1406 812 1438 Hebraeos
827 1405 893 1447 (13,
915 1405 960 1447 8),
983 1416 1081 1446 quum

106 1448 185 1480 dicit
207 1449 306 1480 fuisse
330 1448 410 1487 heri,
439 1449 534 1481 sicuti
558 1454 608 1480 est
630 1449 734 1488 hodie,
765 1459 801 1481 ac
824 1449 851 1480 si
875 1449 1013 1480 diceret:
1046 1449 1083 1479 Si

106 1491 212 1531 placet
246 1496 406 1529 vetustas,
445 1492 571 1523 habetis
606 1491 790 1532 Christum,
824 1492 877 1532 qui
911 1496 961 1523 est
995 1493 1083 1523 omni

107 1537 272 1565 vetustate
295 1535 460 1574 superior:
484 1544 583 1575 quare
607 1544 647 1566 ne
669 1534 789 1575 pudeat
811 1535 881 1566 eius
900 1544 971 1566 esse
991 1535 1083 1566 disci-

107 1576 200 1617 pulos
217 1577 270 1617 qui
287 1577 321 1608 in
337 1587 371 1609 se
387 1578 496 1609 omnia
518 1577 645 1610 saecula
667 1577 920 1618 comprehendit.
952 1577 1084 1609 Interea

107 1620 286 1651 notandum
310 1630 470 1660 quaenam
493 1621 535 1652 sit
559 1631 632 1652 vere
655 1621 789 1661 antiqua
811 1620 935 1662 religio,
967 1630 1084 1661 nempe

109 1672 193 1702 quae
222 1663 254 1693 in
279 1661 411 1694 Christo
442 1663 575 1694 fundata
604 1667 662 1696 est.
706 1663 791 1695 Nam
822 1663 940 1704 alioqui
968 1674 1083 1704 parum

107 1705 228 1736 valebit
262 1706 473 1745 quantumvis
506 1706 603 1747 longa
632 1717 790 1738 annorum
820 1706 929 1745 series,
964 1707 991 1738 si
1023 1707 1084 1738 ori-

106 1749 215 1789 ginem
239 1748 279 1779 ab
302 1759 410 1780 errore
433 1748 539 1780 ducat.

194 1789 302 1822 Scribo
331 1791 426 1831 vobis,
460 1791 670 1823 adolescentes.
716 1792 860 1824 Tametsi
890 1792 1083 1825 diminutivo

109 1834 220 1872 utitur,
253 1833 428 1866 νεανίσκοιε
463 1845 526 1866 non
551 1840 659 1866 tamen
683 1834 818 1866 dubium
843 1840 892 1866 est
915 1836 992 1876 quin
1016 1846 1083 1867 ser-

108 1887 237 1908 monem
270 1877 309 1908 ad
340 1888 451 1909 omnes
481 1877 601 1918 dirigat
630 1878 683 1918 qui
708 1885 785 1909 eunt
807 1878 841 1909 in
865 1879 982 1909 aetatis
1005 1879 1083 1910 flore

109 1924 141 1950 et
164 1923 263 1951 statu.
304 1919 434 1952 Scimus
457 1930 553 1960 porro
576 1926 716 1952 aetatem
739 1920 827 1952 illam
852 1922 898 1953 sic
920 1921 1082 1953 addictam

107 1972 177 1993 esse
199 1962 350 1994 inanibus
373 1963 486 1994 mundi
509 1964 605 2003 curis,
635 1968 671 1995 ut
694 1963 734 1994 de
756 1974 857 2004 regno
879 1963 942 1995 Dei
966 1974 1082 2004 parum

107 2004 235 2045 cogitet.
280 2005 365 2036 Nam
396 2006 517 2046 ingenii
548 2006 641 2047 vigor
667 2011 699 2038 et
721 2008 865 2047 eorporis
889 2007 987 2038 robur
1010 2007 1082 2039 illos

104 2047 343 2088 quodammodo
375 2049 548 2080 inebriant.
592 2049 737 2080 Proinde
761 2050 927 2090 apostolus
950 2061 1005 2081 eos
1029 2050 1083 2082 ad-

105 2096 215 2121 monet
239 2091 292 2122 ubi
316 2091 412 2122 situm
435 2092 478 2122 sit
500 2102 613 2123 verum
636 2092 750 2124 robur:
786 2103 827 2123 ne
857 2092 999 2133 amplius
1022 2104 1081 2134 pro

105 2143 194 2164 more
216 2143 274 2164 suo
297 2134 330 2164 in
354 2144 451 2165 carne
474 2134 648 2166 exsultent.
693 2134 770 2173 Vos,
794 2136 911 2175 inquit,
946 2136 1081 2168 fortes

105 2176 222 2213 estis,
255 2177 347 2216 quia
378 2176 548 2208 vicistis
579 2177 791 2209 Satanam.
838 2178 963 2219 Copula
994 2180 1080 2210 enim

106 2219 267 2250 causalem
284 2219 473 2259 particulam
498 2219 594 2251 valet.
628 2221 671 2251 Et
694 2231 772 2252 sane
793 2231 830 2252 ea
854 2228 902 2252 est
926 2221 1080 2254 fortitudo

106 2271 202 2301 quam
226 2267 379 2302 appetere
403 2261 511 2293 decet:
544 2273 658 2303 nempe
682 2264 870 2304 spiritualis.
901 2264 959 2295 *Et
982 2265 1079 2296 simul

107 2315 171 2335 non
206 2305 337 2336 aliunde
361 2305 473 2336 haberi
501 2305 619 2336 indicat
651 2316 747 2346 quam
778 2317 797 2337 a
820 2307 961 2347 Christo,
997 2307 1080 2340 bona

106 2347 203 2388 enim,
232 2358 314 2387 quae
338 2358 378 2378 ex
409 2347 577 2388 evangelio
604 2350 807 2389 percipimus,
838 2356 1079 2383 commemorat.

110 2390 233 2422 vicisse
264 2390 341 2421 dicit
364 2390 418 2430 qui
442 2390 548 2421 adhuc
572 2395 650 2422 sunt
671 2392 706 2423 in
730 2398 803 2424 actu
827 2393 897 2433 ipso
921 2392 1079 2425 bellandi:

106 2432 161 2463 sed
195 2437 305 2464 nostra
338 2433 481 2465 conditio
515 2432 611 2474 longe
643 2433 705 2465 alia
738 2439 786 2467 est
825 2446 921 2476 quam
957 2446 1079 2475 eorum,

107 2474 161 2514 qui
185 2474 244 2506 sub
266 2475 435 2507 hominum
459 2475 590 2507 vexillis
613 2476 762 2509 militant.
797 2478 888 2510 Mars
907 2479 993 2510 enim
1017 2479 1080 2511 illis

108 2517 239 2555 dubius,
273 2521 306 2548 et
339 2524 473 2550 eventus
506 2518 580 2550 belli
614 2529 746 2560 anceps:
781 2531 855 2559 nos,
889 2523 1079 2563 priusquam

106 2560 356 2601 congrediamur
378 2572 451 2593 cum
475 2561 577 2602 hoste,
609 2562 674 2593 iam
697 2573 808 2596 sumus
831 2564 980 2597 victores:
1005 2566 1080 2606 quia

194 2655 215 2686 ¹)
238 2654 305 2680 lee
322 2663 360 2680 an
376 2654 508 2688 respiciat
526 2663 550 2681 v.
563 2656 613 2680 173
631 2663 665 2681 ss.

1019 200 1167 234 CAPUT
1191 202 1234 233 11.

2051 209 2114 240 318

1139 295 1232 327 nobis
1262 300 1357 336 caput
1388 302 1536 330 nostrum
1561 298 1722 339 Christus,
1756 304 1860 332 totum
1891 301 1991 334 semel
2019 312 2112 334 mun-

1139 337 1214 369 dum
1239 339 1325 370 vicit.

1226 381 1274 413 14.
1310 381 1401 414 Sribo
1430 383 1523 422 vobis,
1549 384 1653 424 pueri.
1704 385 1858 426 Indigent
1888 387 1979 427 pueri
2009 387 2114 420 alieno

1139 423 1312 463 regimine:
1335 425 1442 466 itaque
1461 427 1569 466 pueris
1585 427 1706 467 optime
1723 428 1881 468 quadrare
1901 430 2114 472 evangelium,

1139 466 1304 504 apostolus
1328 468 1459 509 colligit,
1485 470 1558 509 quia
1581 469 1647 501 illic
1661 470 1833 502 inveniant
1848 477 1984 512 patrem.
2015 473 2112 505 Nunc

1140 507 1287 555 videmus
1311 520 1405 550 quam
1436 511 1591 544 diabolica
1620 513 1662 544 sit
1693 514 1842 554 tyrannis
1877 525 1994 556 papae,
2029 526 2111 557 quae

1140 551 1308 583 minaciter
1331 553 1371 584 ab
1393 555 1552 595 evangelii
1577 555 1723 587 doctrina
1741 566 1854 588 omnes
1873 563 1994 590 aetates
2016 563 2114 597 arcet,

1141 602 1219 632 quas
1243 594 1376 633 spiritus
1400 596 1461 627 Dei
1486 600 1551 628 tam
1575 598 1717 630 studiose
1740 604 1903 639 provocat.
1939 601 2113 632 Caeterum

1142 635 1221 667 haec
1257 646 1336 684 quae
1373 639 1406 669 in
1441 641 1564 679 species
1597 641 1760 681 apostolus
1794 641 1978 682 distribuit,
2015 645 2113 676 etiam

1141 678 1306 727 generalia
1329 685 1416 711 sunt.
1462 682 1545 713 Nam
1578 684 1636 715 toti
1665 685 1699 715 in
1723 684 1900 716 vanitatem
1932 686 2114 725 defluimus,

1141 731 1204 752 n1s1
1239 726 1363 753 nitatur
1394 729 1502 755 nostra
1534 726 1670 758 firmitas
1705 732 1837 759 aeterna
1867 727 1930 759 Dei
1966 729 2112 760 veritate.

1140 763 1231 794 Nihil
1263 764 1356 796 nobis
1388 767 1492 806 magis
1516 768 1628 808 fragile
1653 773 1684 800 et
1715 769 1885 808 caducum,
1917 770 1978 803 nisi
2010 771 2114 803 virtus

1140 805 1264 838 Christi
1282 807 1314 838 in
1336 807 1427 839 nobis
1446 809 1586 840 habitet:
1607 812 1719 852 pupilli
1740 823 1851 844 sumus
1868 823 1989 852 omnes,
2015 814 2114 845 donec

1139 849 1172 880 in
1217 851 1356 890 gratiam
1399 850 1581 891 adoptionis
1618 864 1674 893 per
1711 856 1913 896 evangelium
1953 857 2112 889 venimus.

1140 891 1233 931 Quae
1264 903 1341 933 ergo
1374 894 1413 924 de
1444 894 1618 926 iuvenibus
1641 899 1822 938 praedicat,
1853 900 1952 931 etiam
1984 899 2116 931 senibus

1139 940 1216 966 sunt
1239 936 1441 967 communia:
1474 937 1530 968 sed
1562 942 1672 970 tamen
1702 940 1806 971 voluit
1837 942 1973 983 singulis
2003 948 2114 983 aptare

1139 978 1223 1018 quod
1248 978 1311 1010 illis
1328 979 1468 1010 maxime
1485 982 1702 1012 necessarium
1721 988 1769 1014 est
1788 988 1822 1015 ut
1839 985 1908 1016 sine
1924 985 2116 1026 exceptione

1138 1031 1251 1052 omnes
1274 1021 1421 1062 indigere
1445 1023 1607 1063 evangelii
1632 1023 1777 1056 doctrina
1805 1028 1963 1059 ostendat.
2010 1027 2116 1059 Parti-

1139 1063 1211 1095 cula
1227 1063 1273 1095 ὃτι
1291 1063 1439 1096 bifariam
1457 1067 1575 1105 exponi
1591 1071 1710 1107 potest:
1731 1069 1786 1099 scd
1806 1069 1858 1100 hic
1874 1081 1995 1111 sensus,
2013 1080 2110 1111 quem

1139 1107 1241 1147 posui,
1264 1107 1369 1139 multo
1393 1107 1507 1139 melior
1529 1112 1595 1140 est:
1619 1114 1715 1150 atque
1738 1111 1783 1142 ita
1806 1118 1976 1145 contextus
1999 1114 2115 1145 melius

1138 1149 1300 1181 cohaeret.

1226 1191 1348 1233 Scripsi
1360 1193 1455 1225 vobis.
1493 1194 1563 1226 Has
1582 1196 1792 1236 repetitiones
1804 1197 1909 1228 iudico
1922 1209 1990 1230 esse
2004 1209 2115 1239 super·

1139 1245 1266 1267 vacuas.
1333 1235 1372 1266 Et
1410 1236 1575 1277 probabile
1609 1244 1672 1278 est,
1715 1249 1814 1279 quum
1852 1240 1932 1271 falso
1967 1245 2117 1281 putarent

1138 1278 1282 1318 imperiti
1306 1278 1442 1311 lectores
1465 1280 1513 1311 bis
1530 1280 1569 1311 de
1585 1283 1693 1321 pueris
1710 1282 1879 1322 loquutum
1894 1294 1972 1322 esse,
1996 1289 2117 1315 temere

1138 1320 1202 1352 alia
1239 1321 1302 1353 duo
1337 1323 1482 1354 membra
1518 1325 1734 1363 supposuisse.
1801 1324 2007 1366 Quamquam
2045 1327 2114 1358 fieri

1137 1368 1243 1404 potest
1259 1369 1295 1395 ut
1311 1364 1477 1396 Iohannes
1494 1366 1562 1406 ipse
1579 1368 1776 1399 sententiam
1794 1367 1833 1398 de
1850 1368 2116 1409 adolescentibus,

1137 1407 1278 1447 augendi
1301 1418 1407 1446 causa,
1431 1409 1571 1440 secundo
1586 1409 1774 1442 inseruerit:
1800 1409 1881 1452 (illic
1904 1412 1990 1443 enim
2015 1411 2115 1452 addit,

1137 1450 1237 1481 fortes
1260 1460 1345 1488 esse,
1378 1450 1461 1491 quod
1490 1451 1580 1492 prius
1603 1463 1669 1484 non
1693 1453 1834 1495 dixerat)
1857 1453 1982 1486 librarii
2006 1460 2114 1486 autem

1138 1496 1258 1524 temere
1282 1503 1453 1525 numerum
1477 1494 1614 1536 implere
1637 1495 1810 1528 voluerint.

1223 1579 1273 1610 15.
1313 1579 1362 1610 Ne
1394 1579 1537 1620 diliqatis
1569 1581 1733 1619 mundum,
1771 1591 1868 1622 neque
1900 1593 1937 1615 ea
1970 1593 2049 1623 quae
2080 1584 2114 1614 in

1135 1621 1250 1653 mundo
1271 1624 1354 1654 sunt.
1390 1621 1427 1654 Si
1450 1624 1522 1662 quis
1544 1623 1648 1664 diliyit
1665 1625 1827 1665 mundum,
1850 1635 1909 1657 non
1932 1628 1976 1658 est
1998 1626 2117 1658 caritas

1130 1665 1240 1704 patris
1277 1666 1310 1696 in
1347 1675 1390 1697 eo.
1450 1666 1499 1697 16.
1541 1666 1624 1706 Quia
1661 1667 1816 1707 quidquid
1853 1670 1896 1699 est
1932 1669 1968 1700 in
2000 1668 2116 1700 mundo

1135 1706 1254 1749 (nempe
1276 1708 1519 1747 concupiscentia
1542 1710 1657 1748 carnis,
1681 1711 1924 1750 concupiscentia
1947 1711 2112 1749 oculorum,

1135 1753 1161 1781 et
1183 1751 1330 1791 superbia
1348 1752 1442 1789 vitae)
1465 1761 1526 1783 non
1548 1755 1591 1783 est
1613 1762 1650 1783 cz
1666 1755 1767 1792 patre,
1791 1754 1844 1785 sed
1867 1764 1904 1785 cac
1921 1754 2037 1786 mundo
2061 1756 2112 1786 est.

1137 1793 1186 1825 17.
1222 1794 1322 1834 Atqui
1353 1794 1489 1826 mundus
1525 1795 1655 1834 transit,
1693 1799 1720 1826 ct
1753 1797 1994 1837 concupiscentia
2027 1797 2110 1829 eius:

1135 1837 1190 1877 qui
1212 1839 1314 1868 autem
1334 1837 1413 1877 facit
1434 1837 1618 1869 voluntatem
1641 1838 1721 1876 Dei,
1752 1842 1853 1871 manet
1883 1840 1916 1871 in
1943 1842 2111 1871 aeternum.

1228 1922 1277 1953 15.
1314 1921 1363 1953 Nc
1381 1922 1532 1964 diligatis,
1556 1925 1609 1955 etc.
1654 1924 1763 1956 Antea
1786 1923 1913 1956 dixerat
1935 1925 2020 1956 hanc
2043 1935 2114 1957 esse

1135 1965 1262 1996 unicam
1297 1965 1347 2005 pie
1382 1966 1514 1997 vivendi
1548 1966 1713 2006 regulam,
1748 1966 1854 1998 Deum
1890 1976 2018 1999 amare:
2053 1968 2109 1999 sed

1134 2009 1209 2048 quia
1244 2018 1326 2039 vano
1359 2008 1472 2039 mundi
1508 2019 1617 2040 amore
1651 2010 1813 2050 occupati,
1848 2020 1963 2042 sensus
1998 2021 2112 2042 omnes

1134 2055 1262 2082 nostros
1292 2051 1353 2081 alio
1377 2051 1570 2089 avertimus,
1607 2053 1782 2083 vanitatem
1817 2053 1913 2084 istam
1949 2054 2040 2094 prius
2069 2063 2110 2084 ex

1135 2093 1226 2125 nobis
1250 2093 1363 2125 revelli
1387 2099 1529 2134 oportet,
1552 2100 1588 2126 ut
1611 2095 1644 2125 in
1669 2096 1761 2126 nobis
1785 2101 1898 2136 regnet
1922 2095 1985 2127 Dei
2009 2106 2110 2127 amor.

1134 2137 1247 2168 Donec
1278 2139 1404 2168 mentes
1434 2140 1594 2178 purgatae
1624 2138 1760 2177 fuerint,
1783 2139 1904 2169 centies
1927 2138 2017 2170 nullo
2039 2148 2111 2179 pro-

1133 2180 1219 2211 fectu
1243 2179 1353 2210 iterari
1373 2184 1482 2219 posset
1511 2181 1657 2220 superior
1688 2181 1742 2212 illa
1771 2181 1896 2213 concio:
1928 2191 1994 2212 non
2018 2191 2110 2213 secus

1132 2232 1168 2253 ac
1181 2223 1206 2253 si
1223 2232 1339 2262 aquam
1356 2232 1456 2262 supra
1472 2222 1604 2263 globum
1616 2223 1797 2262 effundens,
1814 2234 1855 2255 ne
1867 2234 1963 2255 unam
1977 2223 2108 2264 quidem

1132 2268 1260 2306 guttam
1290 2265 1438 2306 colliges,
1471 2266 1547 2305 quia
1579 2266 1661 2297 nihil
1694 2271 1742 2297 est
1773 2266 1839 2298 illic
1873 2277 2010 2298 vacuum
2047 2277 2109 2307 quo

1132 2317 1216 2348 aqua
1240 2308 1429 2339 retineatur.
1469 2308 1605 2340 Mundi
1628 2310 1759 2340 nomine
1783 2309 1927 2350 intellige
1951 2309 2108 2350 quidquid

1133 2352 1172 2382 ad
1197 2357 1397 2391 praesentem
1420 2352 1521 2382 vitam
1545 2356 1676 2391 spectat,
1701 2352 1755 2383 ubi
1779 2358 1950 2392 separatur
1972 2362 1990 2383 a
2009 2362 2108 2393 regno

1133 2394 1194 2425 Dei
1219 2398 1250 2424 et
1284 2403 1340 2433 spe
1375 2394 1462 2425 vitae
1494 2399 1626 2426 aeterna
1650 2394 1702 2426 lta
1736 2395 1768 2425 in
1803 2405 1837 2425 se
1863 2395 2108 2435 comprehendit

1131 2446 1228 2468 omne
1240 2446 1341 2477 genus
1354 2437 1564 2477 corruptelas,
1576 2442 1607 2468 et
1618 2437 1774 2468 malorum
1784 2439 1928 2468 omnium
1943 2438 2107 2479 abyssum.

1131 2479 1171 2510 In
1206 2479 1327 2510 mundo
1362 2481 1439 2510 sunt
1468 2479 1665 2520 voluptates,
1696 2479 1838 2517 delitiae,
1873 2485 1905 2511 et
1937 2480 2107 2512 illecebrae

1131 2532 1243 2554 omnes
1267 2521 1382 2562 quibus
1406 2522 1501 2553 homo
1524 2523 1659 2563 capitur,
1683 2526 1720 2553 ut
1743 2533 1777 2554 se
1808 2533 1826 2554 a
1845 2523 1916 2554 Deo
1939 2523 2106 2555 subducat.

1131 2565 1233 2597 Porro
1256 2570 1321 2596 tam
1346 2575 1457 2596 severe
1481 2565 1652 2596 damnatur
1680 2565 1790 2596 mundi
1813 2575 1922 2597 amor:
1951 2567 2028 2606 quia
2051 2566 2105 2598 ubi

1131 2608 1213 2639 nihil
1238 2618 1335 2648 quam
1360 2613 1481 2639 terram
1505 2609 1704 2647 respicimus,
1728 2618 1858 2640 necesse
1877 2614 1927 2640 est
1943 2608 2050 2640 Deum
2074 2614 2105 2640 et

1132 2661 1191 2683 nos
1224 2651 1310 2692 ipsos
1344 2650 1499 2683 oblivisci.
1551 2650 1613 2682 Ubi
1649 2661 1724 2683 vero
1758 2662 1911 2692 perversa
1946 2651 2104 2684 eiusmodi
