2513 3126
298 204 338 236 87
1057 202 1197 234 nris'r.
1221 203 1284 234 An
1308 204 1556 237 flammeos
1822 184 1824 186 ยน
2257 212 2299 244 88

301 304 379 335 sunt.
402 302 571 333 mortales:
595 310 656 340 quo
680 298 856 330 indicatum
881 298 941 329 suit
960 298 1180 339 abrogandum
1205 310 1274 332 esse

300 346 475 385 aliquando
498 346 547 375 ius
575 341 756 379 sacerdotii,
787 341 1056 381 quemadmodum
1089 343 1186 373 finem
1220 343 1275 375 ha-

301 389 394 420 bebut
420 397 529 418 corum
555 386 629 416 vitu.
664 384 836 425 Scriptura
859 391 967 415 autem
993 384 1116 416 nullam
1136 396 1275 417 comme-

301 437 405 462 morat
428 436 561 460 mortem
581 427 807 464 Melchisedec,
831 437 929 467 quum
954 435 1064 458 narrat
1083 428 1205 460 solutas
1228 429 1274 460 illi

303 475 398 505 fuisso
423 472 578 502 decimas:
611 471 656 502 ita
688 471 738 502 ius
766 470 936 501 sacerdotii
967 470 1052 501 illius
1084 471 1170 502 nullo
1194 477 1274 503 tem-

302 517 386 557 poris
404 514 509 554 spatio
527 514 690 550 terminat,
708 514 783 553 quin
802 514 908 553 potius
924 513 1108 545 subindicat
1125 521 1274 546 aeternae

301 569 369 589 esse
400 557 588 588 durationis.
634 556 707 587 Hoc
738 562 845 587 autem
877 555 948 587 ideo
979 557 1125 587 additum
1157 565 1204 588 est
1234 569 1275 589 ne

303 600 449 632 videatur
470 600 627 640 posterior
645 600 694 630 lex
719 599 768 640 (ut
783 598 881 630 moris
898 599 960 641 est)
984 600 1081 639 priori
1099 600 1273 640 quidquam

305 643 486 684 derogasse.
533 643 647 682 Excipi
681 644 767 672 enim
797 642 916 682 alioqui
948 647 1081 682 poterat,
1112 643 1162 674 ius
1185 644 1273 683 illud,

298 696 360 726 quo
390 686 511 726 potitus
541 686 615 716 olim
646 690 715 716 erat
738 684 964 723 Melchisedec,
995 695 1064 716 esse
1093 686 1154 716 iam
1184 686 1274 718 obso-

299 729 416 760 letum:
449 729 523 769 quia
547 728 642 759 aliam
667 728 770 767 legem
796 728 886 759 Deus
917 738 975 768 per
997 728 1110 759 Mosen
1136 729 1272 768 tulisset,

299 782 363 812 qua
397 771 476 802 illud
512 771 725 801 transferebat
759 770 798 801 ad
833 770 977 802 Levites.
1034 772 1098 802 Sed
1134 773 1273 803 occurrit

299 815 464 855 apostolus
496 824 593 853 quum
627 814 712 850 dicit,
748 813 786 844 ad
819 819 947 854 tempus
978 813 1118 846 decimas
1147 815 1272 847 Levitis

298 858 418 889 solutas
443 858 550 895 fuisse,
574 856 648 896 quia
673 867 738 887 non
762 867 889 897 semper
914 857 1071 894 viverent,
1101 857 1273 889 Melchise-

299 900 356 932 dec
389 911 472 937 vero,
507 900 582 939 quia
614 899 807 930 immortalis
843 899 892 938 sit,
927 900 1067 931 retinere
1101 910 1203 941 usque
1237 903 1269 932 in

299 944 394 974 finem
421 941 502 982 quod
527 953 545 972 a
569 941 640 972 Deo
663 942 762 973 semel
787 942 832 973 illi
857 943 969 973 datum
995 946 1053 974 est.

384 985 413 1016 9.
447 984 631 1016 Decimatus
661 988 703 1016 est
725 985 791 1024 ipse
814 985 901 1017 Levi.
946 985 1095 1026 Longius
1118 987 1270 1028 procedit,

299 1039 339 1059 ne
362 1030 466 1068 ipsum
487 1028 615 1068 quidem
632 1028 714 1059 Levi
739 1029 794 1068 qui
811 1033 889 1059 tunc
913 1028 951 1059 in
976 1029 1123 1060 lumbis
1141 1029 1270 1061 Abra-

299 1071 374 1102 hae
398 1077 507 1107 erat,
533 1072 712 1102 immunem
737 1072 776 1102 ab
800 1071 911 1102 eadem
936 1072 1136 1104 subiectione
1155 1073 1271 1104 fuisse:

297 1114 371 1153 quia
395 1113 560 1144 Abraham
590 1114 730 1145 decimas
758 1114 914 1146 solvendo
944 1124 978 1145 se
1002 1121 1033 1145 et
1057 1122 1200 1155 posteros
1223 1127 1272 1147 sa-

297 1156 439 1188 cerdotio
464 1156 680 1188 Melchisedec
703 1157 884 1188 subiecerit.
929 1156 994 1189 Sed
1020 1158 1072 1189 hic
1095 1158 1271 1190 exadverso

298 1205 407 1240 posset
431 1199 534 1237 obiici,
564 1199 675 1230 eadem
701 1201 825 1231 ratione
848 1200 929 1231 Iuda
953 1210 1088 1241 quoque,
1118 1212 1157 1232 ex
1181 1202 1272 1233 cuius

297 1243 421 1273 semine
459 1244 589 1283 genitus
630 1243 690 1273 fuit
728 1242 889 1281 Christus,
929 1244 1026 1275 fuisse
1065 1245 1270 1276 decimatum.

297 1284 423 1316 Verum
456 1285 509 1317 hic
540 1285 643 1316 nodus
672 1286 763 1317 facile
793 1286 947 1324 solvetur,
978 1288 1004 1318 si
1035 1288 1105 1327 quis
1132 1286 1194 1318 duo
1217 1298 1272 1319 ex-

298 1328 419 1369 pendat
450 1338 530 1368 quae
553 1329 639 1359 inter
663 1328 869 1361 Christianos
898 1336 991 1361 extra
1018 1330 1269 1362 controversiam

297 1372 475 1402 constituta
513 1381 584 1402 esse
622 1371 748 1403 debent.
809 1372 923 1412 Neque
960 1373 1046 1404 enim
1084 1374 1272 1414 simpliciter

298 1413 459 1452 Christus,
483 1424 565 1445 unus
583 1413 718 1454 quilibet
734 1414 901 1446 hominum
919 1416 1005 1447 inter
1022 1416 1173 1447 Abrahae
1189 1417 1272 1448 filios

297 1463 457 1493 censetur,
474 1457 528 1488 sed
546 1457 716 1498 privilegio
731 1458 889 1498 singulari
906 1459 1061 1489 eximitur
1077 1470 1095 1490 a
1107 1460 1271 1490 communi

296 1499 417 1531 ordine.
456 1501 563 1540 Atque
587 1500 648 1532 hoc
671 1504 720 1532 est
740 1501 825 1541 quod
844 1501 970 1533 dicebat
985 1501 1116 1543 (Matth.
1132 1502 1184 1540 22,
1200 1502 1271 1544 42):

297 1540 334 1573 Si
364 1542 450 1573 filius
479 1548 528 1573 est
555 1542 703 1582 Davidis,
734 1545 895 1584 quomodo
926 1555 998 1576 eum
1031 1545 1137 1576 David
1161 1545 1273 1577 Domi-

297 1595 374 1616 num
399 1585 562 1626 appellat?
608 1586 767 1619 Videmus
796 1597 873 1628 ergo
895 1588 959 1619 iam
984 1594 1019 1619 ut
1042 1595 1270 1629 argumentum

296 1638 466 1668 perperam
501 1639 519 1659 a
553 1629 635 1660 Levi
670 1629 709 1660 ad
744 1630 915 1662 Christum
950 1631 1098 1663 ducatur.
1143 1632 1271 1663 Deinde

296 1681 394 1711 quum
419 1671 635 1704 Melchisedec
658 1673 783 1705 Christi
813 1674 855 1705 sit
885 1674 999 1715 figura,
1033 1674 1167 1706 minime
1198 1685 1271 1707 con-

298 1719 491 1745 sentaneum
515 1720 600 1746 esset
623 1716 749 1754 rationi,
781 1717 873 1748 illum
898 1718 988 1758 quasi
1017 1718 1175 1749 committi
1199 1728 1270 1749 cum

298 1756 359 1788 hoc
382 1757 416 1787 in
439 1763 614 1790 certamen.
649 1759 840 1791 Tenendum
859 1767 907 1792 est
931 1761 1015 1791 enim
1040 1761 1120 1792 illud
1139 1761 1272 1801 vulgare

299 1798 436 1830 dictum:
472 1799 566 1839 Quod
602 1801 841 1843 subordinatur,
874 1813 937 1834 non
972 1813 1107 1844 pugnat.
1158 1804 1272 1844 Itaque

298 1842 402 1882 figura
426 1853 523 1883 quum
548 1844 632 1875 infra
656 1846 825 1876 veritatem
848 1857 938 1877 snam
963 1847 1118 1888 subsidat,
1146 1847 1193 1878 illi
1217 1857 1272 1878 ne-

299 1894 461 1925 quaquam
485 1887 604 1926 opponi
637 1887 739 1926 debet,
772 1895 827 1920 aut
856 1895 971 1929 potest.
1017 1890 1150 1921 Parium
1184 1890 1298 1921 enim<

299 1934 348 1958 est
371 1929 445 1960 talis
469 1930 647 1961 conflictus.
684 1931 745 1962 His
769 1932 912 1972 quinque
935 1933 1089 1963 membris
1108 1933 1272 1973 apostolus

300 1972 572 2010 comparationem
595 1972 720 2005 Christi
744 1980 776 2005 et
795 1975 1012 2006 Melchisedec
1035 1976 1185 2007 absolvit:
1210 1986 1273 2016 quo

299 2013 456 2044 refellitur
479 2025 590 2046 eorum
614 2024 834 2048 commentum
858 2018 911 2058 qui
936 2018 1140 2058 praecipuam
1163 2019 1195 2050 in
1219 2018 1272 2050 ob-

298 2055 418 2087 latione
442 2058 534 2096 panis
557 2063 589 2089 et
613 2059 681 2090 vini
704 2061 950 2092 similitudinem
969 2068 1139 2102 quaerunt.
1173 2062 1272 2093 Vide-

300 2107 370 2130 mus
394 2100 574 2139 apostol-um
598 2103 728 2142 singula
751 2103 804 2134 hic
827 2110 974 2135 accurate
990 2110 1021 2135 et
1040 2105 1272 2145 propemodum

299 2143 486 2181 scrupulose
509 2150 669 2176 excutere.
715 2146 840 2177 Nomen
866 2147 1015 2186 hominis,
1038 2148 1146 2179 sedem
1170 2148 1273 2188 regni,

299 2187 547 2225 perpetuitatem
577 2188 674 2228 vitae,
704 2190 754 2220 ius
779 2189 985 2228 decimarum,
1017 2191 1271 2222 benedictionem

299 2229 513 2268 persequitur.
549 2228 587 2260 In
611 2231 662 2262 his
684 2238 770 2263 certe
786 2233 895 2264 minus
914 2239 984 2264 erat
1000 2234 1154 2265 momenti
1177 2243 1270 2274 quam

299 2270 332 2300 in
355 2271 528 2303 oblatione.
564 2272 720 2306 Dicemus
736 2286 776 2306 ne
799 2276 961 2307 oblivione
978 2276 1105 2316 lapsum
1122 2287 1190 2308 esse
1211 2277 1270 2307 Dei

300 2313 460 2353 spiritum,
495 2320 530 2346 ut
562 2316 638 2347 dum
666 2317 762 2348 rebus
785 2319 919 2350 minutis
949 2320 1151 2357 immoratur,
1186 2319 1270 2359 quod

300 2358 508 2396 praecipuum
543 2365 612 2390 erat
646 2366 677 2390 et
712 2362 852 2392 maxime
885 2361 926 2392 ad
965 2372 1094 2393 causam
1130 2362 1271 2400 valebat,

300 2399 465 2431 omiserit?
506 2400 580 2439 Quo
604 2403 708 2443 magis
731 2409 777 2435 tot
801 2410 926 2436 veteres
950 2405 1102 2437 ecclesiae
1125 2405 1272 2436 doctores

301 2439 361 2472 hac
383 2444 532 2482 opinione
555 2453 728 2485 occupatos
752 2447 849 2478 fuisse
871 2448 980 2487 miror,
1010 2453 1047 2479 ut
1075 2449 1108 2479 in
1138 2448 1272 2479 oblatio-

301 2493 373 2514 nem
399 2487 490 2524 panis
514 2493 545 2517 et
561 2488 628 2518 vini
652 2489 849 2521 insisterent.
885 2490 942 2522 Sic
960 2496 1066 2522 autem
1084 2490 1273 2530 loquuntur,

300 2524 451 2559 Christus
467 2530 615 2562 sacerdos
631 2535 681 2562 est
696 2533 874 2563 secundum
888 2533 1033 2564 ordinem
1047 2533 1272 2565 Melchisedec.

300 2568 402 2617 Atq'ui
426 2581 540 2610 panem
572 2577 605 2604 et
628 2575 741 2606 vinum
767 2575 984 2607 Melchisedec
1015 2576 1139 2607 obtulit.
1184 2576 1272 2616 Ergo

300 2620 393 2650 panis
417 2618 448 2644 et
472 2615 539 2645 vini
564 2617 755 2649 sacrificium
773 2618 895 2649 Christi
916 2620 1094 2650 sacerdotio
1110 2619 1271 2651 convenit.

300 2653 437 2695 Copiose
472 2657 605 2696 posthac
640 2659 678 2690 de
711 2661 877 2692 sacrificiis
910 2661 1073 2694 veteribus
1109 2661 1272 2702 apostolus

1329 302 1479 333 disseret:
1505 302 1542 333 de
1560 301 1620 334 hoc
1639 313 1724 336 novo
1739 305 1897 336 sacrificio
1922 306 2014 345 panis
2037 310 2069 338 et
2088 307 2155 338 vini
2172 308 2297 341 nullum

1329 346 1423 377 faciet
1454 344 1599 376 verbum.
1655 345 1750 378 Unde
1778 359 1854 388 ergo
1883 347 1943 378 hoc
1974 349 2005 380 in
2038 358 2178 381 mentem
2209 353 2299 383 venit

1328 388 1550 419 ecclesiasticis
1580 388 1814 429 scriptoribus?
1867 391 1964 423 Certe
1987 398 2022 422 ut
2045 403 2134 423 error
2156 404 2298 425 errorem

1328 431 1456 461 trahere
1479 431 1571 470 solet,
1595 442 1692 471 quum
1709 433 1770 472 ipsi
1794 435 1984 465 sacrificium
2003 435 2034 465 in
2056 435 2179 467 Christi
2197 447 2297 468 coena

1328 474 1416 504 nullo
1440 474 1508 504 eius
1526 474 1678 505 mandato
1698 476 1876 514 finxissent,
1901 477 2045 518 adeoque
2060 489 2191 509 coenam
2208 480 2298 511 adnl-

1327 520 1486 547 tcrussent
1510 517 1618 548 addito
1640 519 1814 550 sacrificio:
1844 520 1968 551 colores
1992 527 2101 560 postea
2125 521 2200 553 hinc
2224 523 2298 554 inde

1327 569 1488 590 accersere
1515 561 1622 590 conati
1652 567 1738 598 sunt,
1769 563 1885 602 quibus
1915 574 2053 594 errorem
2085 574 2179 595 suuni
2213 565 2297 596 fuca-

1326 608 1407 633 rent.
1452 602 1574 633 Arrisit
1606 603 1685 635 haec
1713 607 1804 644 panis
1835 612 1866 636 et
1897 606 1962 637 vini
1986 607 2113 644 oblatio,
2149 615 2178 637 et
2210 608 2298 639 nullo

1326 645 1441 676 iudicio
1475 645 1622 685 protinus
1656 654 1785 687 arrepta
1818 654 1875 679 est.
1923 648 2004 680 Nam
2040 660 2111 689 qu1s
2143 652 2297 681 concedat

1328 689 1472 719 homines
1510 688 1581 719 illos
1626 691 1872 729 perspicaciores
1914 694 2028 731 spiritu
2071 693 2130 723 Dei
2177 693 2295 724 luisse?

1326 731 1424 770 Atqui
1450 732 1476 762 si
1501 732 1673 770 recipimus
1700 734 1784 772 quod
1810 734 1953 771 tradunt,
1984 735 2187 766 damnandus
2211 737 2299 767 inco-

1325 774 1479 814 gitantiae
1502 775 1565 805 erit
1582 774 1642 805 Dei
1666 777 1799 815 spiritus
1822 787 1839 807 a
1863 787 1925 817 quo
1946 789 1995 809 res
2021 785 2110 808 tanta
2132 788 2194 809 non
2212 784 2298 810 esset

1325 816 1569 848 animadversa:
1605 819 1794 857 praesertim
1827 830 1927 858 quum
1962 821 2045 852 hanc
2076 823 2297 861 quaestionem

1325 867 1476 891 tractaret
1501 870 1541 890 ex
1567 859 1717 899 professo.
1763 861 1849 893 Hinc
1879 865 2049 899 constituo,
2082 871 2206 895 veteres
2237 865 2296 895 sibi

1324 904 1458 934 finxisse
1481 903 1682 938 sacrificium,
1709 903 1748 933 de
1772 914 1834 943 quo
1859 916 2023 945 nunquam
2050 907 2156 938 Moses
2180 909 2299 947 cogita-

1325 952 1422 977 verat.
1470 946 1583 985 Neque
1613 947 1699 977 enim
1733 946 1845 977 scribit
1876 948 2090 981 Melchisedec
2119 961 2233 990 panem
2266 954 2299 981 et

1324 990 1434 1020 vinum
1459 989 1614 1020 obtulisse
1639 988 1719 1023 Deo,
1748 989 1803 1020 sed
1836 991 1942 1030 potius
1967 991 2116 1022 Abrahae
2140 1000 2171 1023 et
2198 994 2298 1024 comi-

1323 1032 1416 1063 tibus.
1463 1032 1553 1063 Haec
1576 1033 1643 1063 eius
1668 1032 1765 1063 verba
1796 1042 1888 1064 sunt:
1922 1033 2080 1073 Egressus
2103 1041 2152 1066 est
2175 1036 2219 1066 illi
2243 1037 2296 1067 ob-

1324 1076 1408 1106 viam
1434 1074 1650 1106 Melchisedec
1674 1085 1730 1105 rex
1755 1074 1876 1114 Salem,
1907 1087 1943 1107 ac
1967 1077 2101 1116 protulit
2125 1088 2242 1117 panem
2266 1085 2298 1110 et

1323 1119 1453 1149 vinum:
1485 1124 1517 1149 et
1541 1125 1609 1149 erat
1634 1118 1717 1149 idem
1742 1119 1891 1150 sacerdos
1914 1118 1977 1149 Dei
2002 1120 2160 1156 altissimi,
2192 1128 2224 1152 et
2248 1122 2298 1153 be-

1324 1160 1444 1191 nedixit
1469 1161 1572 1191 illum.
1607 1161 1702 1192 Prius
1725 1161 1804 1192 illud
1829 1162 1913 1202 quod
1938 1168 2061 1200 narrat,
2086 1163 2208 1202 regium
2227 1165 2298 1201 fuit,

1324 1205 1424 1234 lassos
1455 1214 1493 1235 ex
1527 1205 1647 1243 praelio
1677 1206 1710 1235 et
1740 1205 1855 1236 itinere
1879 1205 2025 1236 reficere:
2056 1205 2235 1237 benedictio
2258 1207 2298 1238 ad

1324 1257 1442 1278 munus
1476 1247 1676 1278 sacerdotale
1709 1248 1899 1286 pertinebat.
1945 1248 2034 1288 Ergo
2063 1249 2089 1279 si
2118 1250 2194 1288 quid
2229 1261 2297 1290 my-

1324 1290 1411 1321 sterii
1436 1290 1549 1321 habuit
1572 1290 1700 1327 oblatio,
1731 1301 1794 1321 non
1819 1291 1913 1322 aliter
1939 1291 1972 1321 in
1998 1291 2130 1323 Christo
2160 1293 2299 1332 comple-

1324 1340 1386 1371 tur,
1409 1334 1470 1364 nisi
1494 1333 1570 1364 dum
1594 1333 1774 1364 esurientes
1791 1345 1850 1365 nos
1873 1340 1906 1364 et
1928 1333 2120 1365 lassitudine
2136 1337 2299 1367 confectos

1324 1376 1437 1416 pascit.
1491 1376 1665 1407 Caeterum
1703 1376 1749 1408 bis
1784 1376 1912 1408 ridiculi
1946 1384 2024 1408 sunt
2054 1378 2210 1418 papistae,
2245 1379 2298 1418 qui

1325 1426 1492 1458 postquam
1517 1425 1690 1459 negarunt,
1713 1419 1746 1450 in
1770 1421 1867 1451 missa
1891 1431 1960 1451 esse
1984 1430 2099 1460 panem
2119 1428 2151 1451 et
2174 1422 2297 1459 vinum,

1325 1461 1362 1493 de
1386 1462 1479 1502 panis
1502 1467 1534 1493 et
1559 1463 1624 1493 vini
1648 1463 1805 1494 sacrificio
1828 1463 1987 1503 garriunt.

1410 1547 1459 1579 11.
1496 1547 1597 1579 Porro
1625 1548 1655 1579 si
1685 1548 1905 1580 consummatio
1928 1558 1988 1587 per
2017 1548 2171 1580 leviticum
2199 1558 2300 1581 sacer-

1323 1590 1439 1622 dotium
1462 1593 1528 1622 erat
1549 1591 1698 1632 (populus
1720 1592 1801 1622 enim
1819 1592 1875 1622 sub
1898 1601 1931 1622 eo
1954 1591 2048 1631 leyem
2067 1591 2199 1630 accipit).
2223 1591 2301 1631 quid

1323 1633 1425 1665 adhuc
1443 1644 1519 1673 opus
1536 1635 1599 1673 fuit
1613 1635 1781 1666 secundum
1796 1634 1935 1666 ordinem
1953 1634 2152 1666 Melchisedec
2166 1635 2300 1666 alterum

1324 1677 1441 1708 emoriri
1463 1678 1658 1718 sacerdotem,
1689 1680 1717 1709 et
1741 1687 1803 1709 non
1831 1677 1998 1709 secundum
2027 1677 2165 1708 ordinem
2189 1678 2298 1709 Aaron

1323 1719 1411 1751 dici?
1458 1720 1508 1751 12.
1532 1720 1659 1752 Etenim
1681 1721 1756 1752 dum
1785 1722 1973 1760 transfertur
2000 1720 2215 1760 sacerdotium,
2244 1730 2298 1752 ne-

1323 1763 1457 1795 cessario
1486 1764 1579 1794 etiam
1606 1763 1642 1803 fit
1675 1763 1751 1804 leyis
1779 1764 1952 1795 translatio.
2001 1763 2049 1794 13.
2087 1763 2174 1794 Certe
2201 1764 2232 1794 is
2260 1763 2300 1794 de

1324 1816 1381 1845 quo
1403 1806 1475 1838 haec
1504 1806 1660 1845 dicuntur,
1694 1806 1823 1838 alterius
1850 1807 1913 1846 fuit
1941 1805 2041 1837 tribus
2057 1807 2228 1846 particeps,
2261 1815 2300 1837 esc

1324 1859 1386 1888 qua
1408 1859 1496 1880 nemo
1520 1849 1640 1880 adstitit
1662 1849 1767 1881 altari.
1815 1849 1865 1880 14.
1898 1848 2030 1880 Clarum
2049 1849 2131 1880 enim
2153 1851 2196 1880 est
2217 1848 2299 1889 quod

1324 1902 1360 1922 ex
1381 1892 1465 1923 tribu
1488 1891 1572 1923 Iuda
1595 1895 1688 1923 natus
1709 1893 1750 1923 sit
1766 1891 1922 1923 Dominus
1942 1895 2054 1930 noster,
2077 1892 2114 1923 de
2133 1902 2196 1931 qua
2214 1892 2298 1923 tribu

1325 1934 1403 1966 nihil
1425 1935 1568 1975 loquutus
1590 1938 1634 1966 est
1649 1935 1765 1974 Moses,
1788 1936 1868 1974 quod
1890 1935 1932 1967 ad
1954 1934 2158 1966 sacerdotium
2176 1936 2298 1974 spectat.

1410 2021 1459 2052 11.
1486 2020 1523 2052 Si
1544 2021 1773 2053 consummatio.
1818 2021 1869 2052 Ex
1893 2020 2003 2051 eodem
2028 2020 2213 2051 testimonio
2234 2019 2297 2051 col-

1325 2062 1396 2103 ligit
1429 2064 1601 2104 apostolus,
1637 2065 1828 2103 abrogatum
1863 2063 1961 2094 fuisse
1995 2062 2119 2096 Christi
2153 2064 2296 2094 adventu

1326 2113 1417 2138 vetus
1441 2113 1683 2137 testamentum.
1719 2106 1888 2138 Hactenus
1910 2106 1949 2137 de
1969 2107 2072 2137 officio
2096 2115 2295 2146 personaque

1325 2150 1500 2181 sacerdotis
1521 2150 1681 2181 disseruit.
1717 2149 1783 2181 Sed
1807 2150 1882 2190 quia
1904 2149 2117 2180 sacerdotium
2134 2147 2226 2179 Deus
2249 2151 2295 2178 in-

1324 2193 1473 2223 stituerat
1496 2192 1688 2224 sanciendae
1715 2192 1796 2233 legis
1819 2203 1925 2229 causa,
1953 2192 2008 2223 illo
2030 2191 2157 2228 abolito,
2187 2191 2295 2230 sequi-

1324 2241 1376 2266 tur
1400 2236 1482 2267 hanc
1503 2246 1631 2276 quoque
1646 2245 1781 2266 cessare.
1814 2235 1887 2266 Hoc
1904 2241 1938 2265 ut
1955 2234 2067 2265 melius
2083 2233 2295 2274 intelligatur,

1325 2279 1499 2309 tenendum
1523 2285 1573 2309 est
1604 2279 1742 2317 axioma,
1776 2278 1910 2309 Nullum
1940 2277 2050 2308 foedus
2079 2277 2164 2307 inter
2189 2277 2294 2307 Deum

1324 2327 1355 2351 et
1382 2321 1530 2352 homines
1558 2322 1687 2352 firmum
1718 2327 1891 2360 ratumque
1919 2330 1989 2350 esse
2022 2319 2084 2350 nisi
2117 2319 2296 2350 sacerdotio

1324 2364 1484 2395 fulciatur.
1529 2364 1607 2395 Ideo
1638 2364 1715 2394 dicit
1737 2364 1907 2403 apostolus,
1936 2362 2039 2402 legem
2069 2362 2167 2392 fuisse
2191 2361 2294 2393 veteri

1324 2407 1441 2446 populo
1463 2407 1646 2447 impositam
1670 2406 1730 2437 sub
1753 2406 1881 2436 levitico
1899 2404 2088 2436 sacerdotio:
2114 2415 2177 2444 quo
2196 2404 2296 2444 signi-

1324 2450 1397 2480 ficat
1425 2460 1491 2480 non
1522 2449 1616 2480 modo
1646 2449 1725 2480 illud
1752 2458 1905 2488 regnasse
1939 2456 2083 2487 tempore
2113 2447 2203 2487 legis,
2238 2446 2294 2478 sed

1324 2493 1391 2523 eius
1409 2492 1622 2523 stabiliendae
1639 2502 1745 2531 causa,
1765 2497 1799 2521 ut
1815 2491 1966 2529 diximus,
1984 2490 2082 2521 fuisse
2098 2490 2292 2521 institutum.

1324 2534 1392 2565 Iam
1416 2537 1462 2567 sic
1491 2535 1719 2566 ratiocinatur:
1752 2532 1789 2565 Si
1822 2535 1966 2573 perfecta
1997 2534 2110 2564 fuisset
2142 2533 2294 2564 ecclesiae

1324 2577 1561 2609 administratio
1580 2577 1639 2608 sub
1656 2576 1768 2607 ordine
1786 2577 1906 2612 Aaron,
1929 2586 2079 2615 quorsum
2097 2576 2294 2615 oportuisset

1324 2620 1363 2650 ad
1388 2621 1551 2652 diversum
1579 2620 1726 2651 ordinem
1753 2618 1878 2650 redire?
1923 2618 2006 2650 Nam
2035 2619 2069 2649 in
2099 2617 2293 2659 perfectione

1324 2662 1407 2693 nihil
1444 2668 1597 2695 mutatur.
1660 2661 1816 2702 Sequitur
1852 2671 1940 2702 ergo,
1977 2661 2292 2692 administrationem
