<?xml version="1.0" encoding="UTF-8"?>
<!DOCTYPE html PUBLIC "-//W3C//DTD XHTML 1.0 Transitional//EN"
    "http://www.w3.org/TR/xhtml1/DTD/xhtml1-transitional.dtd">
<html xmlns="http://www.w3.org/1999/xhtml" xml:lang="en" lang="en">
 <head>
  <title>
</title>
<meta http-equiv="Content-Type" content="text/html;charset=utf-8" />
  <meta name='ocr-system' content='tesseract 3.04.00' />
  <meta name='ocr-capabilities' content='ocr_page ocr_carea ocr_par ocr_line ocrx_word'/>
</head>
<body>
  <div class='ocr_page' id='page_1' title='image "./ioanniscalviniop55calv_0133.png"; bbox 0 0 2513 3126; ppageno 0'>
   <div class='ocr_carea' id='block_1_1' title="bbox 111 196 172 228">
    <p class='ocr_par' dir='ltr' id='par_1_1' title="bbox 111 196 172 228">
     <span class='ocr_line' id='line_1_1' title="bbox 111 196 172 228; baseline 0 -1"><span class='ocrx_word' id='word_1_1' title='bbox 111 196 172 228; x_wconf 84' lang='lat'>229</span> 
     </span>
    </p>
   </div>
   <div class='ocr_carea' id='block_1_2' title="bbox 111 294 1092 2645">
    <p class='ocr_par' dir='ltr' id='par_1_2' title="bbox 111 294 1086 1230">
     <span class='ocr_line' id='line_1_2' title="bbox 112 294 1084 336; baseline -0.002 -10"><span class='ocrx_word' id='word_1_2' title='bbox 112 295 329 327; x_wconf 78' lang='lat' dir='ltr'>Christianos:</span> <span class='ocrx_word' id='word_1_3' title='bbox 365 296 439 336; x_wconf 84' lang='lat' dir='ltr'>quia</span> <span class='ocrx_word' id='word_1_4' title='bbox 473 306 536 327; x_wconf 90' lang='lat' dir='ltr'>non</span> <span class='ocrx_word' id='word_1_5' title='bbox 571 295 776 336; x_wconf 88' lang='lat' dir='ltr'>praedicatur</span> <span class='ocrx_word' id='word_1_6' title='bbox 809 294 1012 336; x_wconf 86' lang='lat' dir='ltr'>evangelium</span> <span class='ocrx_word' id='word_1_7' title='bbox 1047 298 1084 324; x_wconf 91' lang='lat' dir='ltr'>ut</span> 
     </span>
     <span class='ocr_line' id='line_1_3' title="bbox 113 338 1082 376; baseline -0.003 -7"><span class='ocrx_word' id='word_1_8' title='bbox 113 343 239 370; x_wconf 89' lang='lat' dir='ltr'>tantum</span> <span class='ocrx_word' id='word_1_9' title='bbox 271 339 420 370; x_wconf 75' lang='lat' dir='ltr'>audiatur</span> <span class='ocrx_word' id='word_1_10' title='bbox 448 349 466 369; x_wconf 91' lang='lat' dir='ltr'>a</span> <span class='ocrx_word' id='word_1_11' title='bbox 497 338 598 376; x_wconf 87' lang='lat' dir='ltr'>nobis,</span> <span class='ocrx_word' id='word_1_12' title='bbox 633 338 689 369; x_wconf 89' lang='lat' dir='ltr'>sed</span> <span class='ocrx_word' id='word_1_13' title='bbox 724 342 758 369; x_wconf 90' lang='lat' dir='ltr'>ut</span> <span class='ocrx_word' id='word_1_14' title='bbox 787 338 914 369; x_wconf 87' lang='lat' dir='ltr'>animas</span> <span class='ocrx_word' id='word_1_15' title='bbox 947 340 1082 373; x_wconf 89' lang='lat' dir='ltr'>nostras,</span> 
     </span>
     <span class='ocr_line' id='line_1_4' title="bbox 113 379 1082 421; baseline -0.004 -9"><span class='ocrx_word' id='word_1_16' title='bbox 113 385 267 421; x_wconf 90' lang='lat' dir='ltr'>tanquam</span> <span class='ocrx_word' id='word_1_17' title='bbox 290 381 482 413; x_wconf 87' lang='lat' dir='ltr'>immortalis</span> <span class='ocrx_word' id='word_1_18' title='bbox 513 382 600 413; x_wconf 88' lang='lat' dir='ltr'>vitae</span> <span class='ocrx_word' id='word_1_19' title='bbox 623 391 745 421; x_wconf 89' lang='lat' dir='ltr'>semen,</span> <span class='ocrx_word' id='word_1_20' title='bbox 775 381 906 421; x_wconf 88' lang='lat' dir='ltr'>penitus</span> <span class='ocrx_word' id='word_1_21' title='bbox 935 379 1082 419; x_wconf 88' lang='lat' dir='ltr'>refingat.</span> 
     </span>
     <span class='ocr_line' id='line_1_5' title="bbox 112 420 1083 465; baseline -0.003 -11"><span class='ocrx_word' id='word_1_22' title='bbox 112 424 215 455; x_wconf 88' lang='lat' dir='ltr'>Porro</span> <span class='ocrx_word' id='word_1_23' title='bbox 245 434 380 456; x_wconf 85' lang='lat' dir='ltr'>semen</span> <span class='ocrx_word' id='word_1_24' title='bbox 411 423 689 465; x_wconf 83' lang='lat' dir='ltr'>corruptibile</span> <span class='ocrx_word' id='word_1_25' title='bbox 719 423 791 454; x_wconf 92' lang='lat' dir='ltr'>ideo</span> <span class='ocrx_word' id='word_1_26' title='bbox 822 422 955 463; x_wconf 90' lang='lat' dir='ltr'>opponit</span> <span class='ocrx_word' id='word_1_27' title='bbox 983 420 1083 453; x_wconf 84' lang='lat' dir='ltr'>verbo</span> 
     </span>
     <span class='ocr_line' id='line_1_6' title="bbox 112 463 1082 507; baseline -0.004 -10"><span class='ocrx_word' id='word_1_28' title='bbox 112 466 183 504; x_wconf 89' lang='lat' dir='ltr'>Dei,</span> <span class='ocrx_word' id='word_1_29' title='bbox 212 471 248 498; x_wconf 89' lang='lat' dir='ltr'>ut</span> <span class='ocrx_word' id='word_1_30' title='bbox 271 467 373 498; x_wconf 87' lang='lat' dir='ltr'>sciant</span> <span class='ocrx_word' id='word_1_31' title='bbox 402 467 513 498; x_wconf 87' lang='lat' dir='ltr'>fideles</span> <span class='ocrx_word' id='word_1_32' title='bbox 536 467 634 507; x_wconf 90' lang='lat' dir='ltr'>priori</span> <span class='ocrx_word' id='word_1_33' title='bbox 666 471 802 497; x_wconf 85' lang='lat' dir='ltr'>naturae</span> <span class='ocrx_word' id='word_1_34' title='bbox 825 463 1082 496; x_wconf 89' lang='lat' dir='ltr'>renuntiandum</span> 
     </span>
     <span class='ocr_line' id='line_1_7' title="bbox 112 506 1082 550; baseline -0.005 -10"><span class='ocrx_word' id='word_1_35' title='bbox 112 519 191 547; x_wconf 89' lang='lat' dir='ltr'>esse,</span> <span class='ocrx_word' id='word_1_36' title='bbox 226 520 262 541; x_wconf 88' lang='lat' dir='ltr'>ac</span> <span class='ocrx_word' id='word_1_37' title='bbox 292 514 329 540; x_wconf 90' lang='lat' dir='ltr'>ut</span> <span class='ocrx_word' id='word_1_38' title='bbox 360 510 475 541; x_wconf 89' lang='lat' dir='ltr'>melius</span> <span class='ocrx_word' id='word_1_39' title='bbox 509 514 618 550; x_wconf 89' lang='lat' dir='ltr'>pateat</span> <span class='ocrx_word' id='word_1_40' title='bbox 648 514 805 549; x_wconf 89' lang='lat' dir='ltr'>quantum</span> <span class='ocrx_word' id='word_1_41' title='bbox 839 507 880 538; x_wconf 90' lang='lat' dir='ltr'>sit</span> <span class='ocrx_word' id='word_1_42' title='bbox 909 506 1082 537; x_wconf 83' lang='lat' dir='ltr'>discrimen</span> 
     </span>
     <span class='ocr_line' id='line_1_8' title="bbox 112 549 1082 592; baseline -0.004 -10"><span class='ocrx_word' id='word_1_43' title='bbox 112 552 198 583; x_wconf 88' lang='lat' dir='ltr'>inter</span> <span class='ocrx_word' id='word_1_44' title='bbox 214 552 305 583; x_wconf 89' lang='lat' dir='ltr'>Adae</span> <span class='ocrx_word' id='word_1_45' title='bbox 329 552 422 591; x_wconf 85' lang='lat' dir='ltr'>filios,</span> <span class='ocrx_word' id='word_1_46' title='bbox 445 553 498 592; x_wconf 93' lang='lat' dir='ltr'>qui</span> <span class='ocrx_word' id='word_1_47' title='bbox 523 555 618 583; x_wconf 90' lang='lat' dir='ltr'>tantu</span> <span class='ocrx_word' id='word_1_48' title='bbox 634 551 701 582; x_wconf 90' lang='lat' dir='ltr'>min</span> <span class='ocrx_word' id='word_1_49' title='bbox 721 549 878 581; x_wconf 91' lang='lat' dir='ltr'>mundum</span> <span class='ocrx_word' id='word_1_50' title='bbox 902 552 1082 579; x_wconf 88' lang='lat' dir='ltr'>nascuntur</span> 
     </span>
     <span class='ocr_line' id='line_1_9' title="bbox 112 590 1081 635; baseline -0.003 -11"><span class='ocrx_word' id='word_1_51' title='bbox 112 593 269 635; x_wconf 86' lang='lat' dir='ltr'>homines,</span> <span class='ocrx_word' id='word_1_52' title='bbox 300 600 331 626; x_wconf 89' lang='lat' dir='ltr'>et</span> <span class='ocrx_word' id='word_1_53' title='bbox 354 595 438 626; x_wconf 91' lang='lat' dir='ltr'>filios</span> <span class='ocrx_word' id='word_1_54' title='bbox 461 595 522 626; x_wconf 89' lang='lat' dir='ltr'>Dei</span> <span class='ocrx_word' id='word_1_55' title='bbox 547 595 600 634; x_wconf 93' lang='lat' dir='ltr'>qui</span> <span class='ocrx_word' id='word_1_56' title='bbox 624 597 823 624; x_wconf 76' lang='lat' dir='ltr'>renovantur</span> <span class='ocrx_word' id='word_1_57' title='bbox 853 591 887 621; x_wconf 93' lang='lat' dir='ltr'>in</span> <span class='ocrx_word' id='word_1_58' title='bbox 910 590 1081 622; x_wconf 88' lang='lat' dir='ltr'>coelestem</span> 
     </span>
     <span class='ocr_line' id='line_1_10' title="bbox 113 635 1081 677; baseline -0.003 -11"><span class='ocrx_word' id='word_1_59' title='bbox 113 637 222 668; x_wconf 87' lang='lat' dir='ltr'>vitam.</span> <span class='ocrx_word' id='word_1_60' title='bbox 276 637 449 669; x_wconf 82' lang='lat' dir='ltr'>Caeterum</span> <span class='ocrx_word' id='word_1_61' title='bbox 481 637 555 677; x_wconf 87' lang='lat' dir='ltr'>quia</span> <span class='ocrx_word' id='word_1_62' title='bbox 586 635 737 675; x_wconf 88' lang='lat' dir='ltr'>ambigua</span> <span class='ocrx_word' id='word_1_63' title='bbox 766 639 814 665; x_wconf 89' lang='lat' dir='ltr'>est</span> <span class='ocrx_word' id='word_1_64' title='bbox 845 642 982 674; x_wconf 82' lang='lat' dir='ltr'>graecae</span> <span class='ocrx_word' id='word_1_65' title='bbox 1010 642 1081 663; x_wconf 85' lang='lat' dir='ltr'>ora·</span> 
     </span>
     <span class='ocr_line' id='line_1_11' title="bbox 112 677 1081 721; baseline -0.003 -12"><span class='ocrx_word' id='word_1_66' title='bbox 112 680 206 710; x_wconf 90' lang='lat' dir='ltr'>tionis</span> <span class='ocrx_word' id='word_1_67' title='bbox 230 681 387 721; x_wconf 80' lang='lat' dir='ltr'>syntaxis,</span> <span class='ocrx_word' id='word_1_68' title='bbox 419 688 591 719; x_wconf 89' lang='lat' dir='ltr'>possumus</span> <span class='ocrx_word' id='word_1_69' title='bbox 621 677 728 717; x_wconf 90' lang='lat' dir='ltr'>legere</span> <span class='ocrx_word' id='word_1_70' title='bbox 751 680 818 707; x_wconf 88' lang='lat' dir='ltr'>tam</span> <span class='ocrx_word' id='word_1_71' title='bbox 847 685 1081 707; x_wconf 90' lang='lat' dir='ltr'>sermonem</span> 
     </span>
     <span class='ocr_line' id='line_1_12' title="bbox 111 717 1082 760; baseline -0.005 -7"><span class='ocrx_word' id='word_1_72' title='bbox 111 723 325 753; x_wconf 86' lang='lat' dir='ltr'>viventem</span> <span class='ocrx_word' id='word_1_73' title='bbox 364 722 455 760; x_wconf 89' lang='lat' dir='ltr'>Dei,</span> <span class='ocrx_word' id='word_1_74' title='bbox 492 730 588 760; x_wconf 91' lang='lat' dir='ltr'>quam</span> <span class='ocrx_word' id='word_1_75' title='bbox 622 719 700 750; x_wconf 90' lang='lat' dir='ltr'>Dei</span> <span class='ocrx_word' id='word_1_76' title='bbox 738 718 939 750; x_wconf 86' lang='lat' dir='ltr'>viventis.</span> <span class='ocrx_word' id='word_1_77' title='bbox 996 717 1082 757; x_wconf 87' lang='lat' dir='ltr'>Quia</span> 
     </span>
     <span class='ocr_line' id='line_1_13' title="bbox 112 761 1081 802; baseline -0.004 -6"><span class='ocrx_word' id='word_1_78' title='bbox 112 770 220 795; x_wconf 85' lang='lat' dir='ltr'>tamen</span> <span class='ocrx_word' id='word_1_79' title='bbox 242 765 349 795; x_wconf 86' lang='lat' dir='ltr'>minus</span> <span class='ocrx_word' id='word_1_80' title='bbox 378 765 487 795; x_wconf 83' lang='lat' dir='ltr'>coacta</span> <span class='ocrx_word' id='word_1_81' title='bbox 510 767 558 793; x_wconf 88' lang='lat' dir='ltr'>est</span> <span class='ocrx_word' id='word_1_82' title='bbox 585 761 664 793; x_wconf 89' lang='lat' dir='ltr'>haec</span> <span class='ocrx_word' id='word_1_83' title='bbox 693 761 851 802; x_wconf 87' lang='lat' dir='ltr'>posterior</span> <span class='ocrx_word' id='word_1_84' title='bbox 874 761 981 801; x_wconf 88' lang='lat' dir='ltr'>lectio,</span> <span class='ocrx_word' id='word_1_85' title='bbox 1010 771 1081 792; x_wconf 89' lang='lat' dir='ltr'>eam</span> 
     </span>
     <span class='ocr_line' id='line_1_14' title="bbox 112 803 1083 848; baseline -0.005 -9"><span class='ocrx_word' id='word_1_86' title='bbox 112 808 218 848; x_wconf 86' lang='lat' dir='ltr'>potius</span> <span class='ocrx_word' id='word_1_87' title='bbox 241 806 427 846; x_wconf 86' lang='lat' dir='ltr'>amplector.</span> <span class='ocrx_word' id='word_1_88' title='bbox 473 804 678 845; x_wconf 82' lang='lat' dir='ltr'>Quamquam</span> <span class='ocrx_word' id='word_1_89' title='bbox 710 803 886 835; x_wconf 85' lang='lat' dir='ltr'>notandum</span> <span class='ocrx_word' id='word_1_90' title='bbox 912 809 971 843; x_wconf 87' lang='lat' dir='ltr'>est,</span> <span class='ocrx_word' id='word_1_91' title='bbox 1003 803 1083 834; x_wconf 89' lang='lat' dir='ltr'>haec</span> 
     </span>
     <span class='ocr_line' id='line_1_15' title="bbox 111 846 1082 889; baseline -0.003 -9"><span class='ocrx_word' id='word_1_92' title='bbox 111 849 252 889; x_wconf 87' lang='lat' dir='ltr'>epitheta</span> <span class='ocrx_word' id='word_1_93' title='bbox 275 848 347 879; x_wconf 92' lang='lat' dir='ltr'>Deo</span> <span class='ocrx_word' id='word_1_94' title='bbox 379 847 511 879; x_wconf 86' lang='lat' dir='ltr'>attribui</span> <span class='ocrx_word' id='word_1_95' title='bbox 533 858 592 887; x_wconf 89' lang='lat' dir='ltr'>pro</span> <span class='ocrx_word' id='word_1_96' title='bbox 616 847 676 879; x_wconf 88' lang='lat' dir='ltr'>loci</span> <span class='ocrx_word' id='word_1_97' title='bbox 700 847 955 879; x_wconf 83' lang='lat' dir='ltr'>circumstantia.</span> <span class='ocrx_word' id='word_1_98' title='bbox 1002 846 1082 877; x_wconf 90' lang='lat' dir='ltr'>Nam</span> 
     </span>
     <span class='ocr_line' id='line_1_16' title="bbox 111 889 1084 930; baseline -0.003 -7"><span class='ocrx_word' id='word_1_99' title='bbox 111 892 204 923; x_wconf 82' lang='lat' dir='ltr'>sicuti</span> <span class='ocrx_word' id='word_1_100' title='bbox 232 891 271 922; x_wconf 89' lang='lat' dir='ltr'>ad</span> <span class='ocrx_word' id='word_1_101' title='bbox 295 890 378 922; x_wconf 88' lang='lat' dir='ltr'>Heb.</span> <span class='ocrx_word' id='word_1_102' title='bbox 395 900 461 930; x_wconf 89' lang='lat' dir='ltr'>cap.</span> <span class='ocrx_word' id='word_1_103' title='bbox 484 890 513 929; x_wconf 87' lang='lat'>4,</span> <span class='ocrx_word' id='word_1_104' title='bbox 539 891 588 927; x_wconf 82' lang='lat'>12,</span> <span class='ocrx_word' id='word_1_105' title='bbox 613 900 652 921; x_wconf 87' lang='lat' dir='ltr'>ex</span> <span class='ocrx_word' id='word_1_106' title='bbox 677 900 713 921; x_wconf 93' lang='lat' dir='ltr'>eo</span> <span class='ocrx_word' id='word_1_107' title='bbox 743 890 828 930; x_wconf 91' lang='lat' dir='ltr'>quod</span> <span class='ocrx_word' id='word_1_108' title='bbox 854 890 943 921; x_wconf 90' lang='lat' dir='ltr'>Deus</span> <span class='ocrx_word' id='word_1_109' title='bbox 974 889 1084 920; x_wconf 89' lang='lat' dir='ltr'>omnia</span> 
     </span>
     <span class='ocr_line' id='line_1_17' title="bbox 112 932 1084 974; baseline -0.002 -9"><span class='ocrx_word' id='word_1_110' title='bbox 112 933 271 974; x_wconf 83' lang='lat' dir='ltr'>perspicit,</span> <span class='ocrx_word' id='word_1_111' title='bbox 295 943 333 964; x_wconf 92' lang='lat' dir='ltr'>ac</span> <span class='ocrx_word' id='word_1_112' title='bbox 357 932 437 964; x_wconf 92' lang='lat' dir='ltr'>nihil</span> <span class='ocrx_word' id='word_1_113' title='bbox 461 938 510 965; x_wconf 87' lang='lat' dir='ltr'>est</span> <span class='ocrx_word' id='word_1_114' title='bbox 532 933 579 964; x_wconf 88' lang='lat' dir='ltr'>illi</span> <span class='ocrx_word' id='word_1_115' title='bbox 604 933 839 971; x_wconf 90' lang='lat' dir='ltr'>absconditum,</span> <span class='ocrx_word' id='word_1_116' title='bbox 869 932 1084 964; x_wconf 84' lang='lat' dir='ltr'>ratiocinatur</span> 
     </span>
     <span class='ocr_line' id='line_1_18' title="bbox 112 975 1084 1016; baseline 0 -10"><span class='ocrx_word' id='word_1_117' title='bbox 112 975 285 1016; x_wconf 78' lang='lat' dir='ltr'>apostolus,</span> <span class='ocrx_word' id='word_1_118' title='bbox 317 986 499 1008; x_wconf 89' lang='lat' dir='ltr'>sermonem</span> <span class='ocrx_word' id='word_1_119' title='bbox 531 976 632 1016; x_wconf 85' lang='lat' dir='ltr'>ipsius</span> <span class='ocrx_word' id='word_1_120' title='bbox 656 975 718 1007; x_wconf 91' lang='lat' dir='ltr'>Dei</span> <span class='ocrx_word' id='word_1_121' title='bbox 752 975 791 1007; x_wconf 88' lang='lat' dir='ltr'>ad</span> <span class='ocrx_word' id='word_1_122' title='bbox 819 975 951 1006; x_wconf 88' lang='lat' dir='ltr'>intimas</span> <span class='ocrx_word' id='word_1_123' title='bbox 982 985 1084 1015; x_wconf 88' lang='lat' dir='ltr'>usque</span> 
     </span>
     <span class='ocr_line' id='line_1_19' title="bbox 112 1018 1083 1059; baseline -0.002 -9"><span class='ocrx_word' id='word_1_124' title='bbox 112 1018 271 1050; x_wconf 87' lang='lat' dir='ltr'>medullas</span> <span class='ocrx_word' id='word_1_125' title='bbox 294 1024 475 1059; x_wconf 87' lang='lat' dir='ltr'>penetrare,</span> <span class='ocrx_word' id='word_1_126' title='bbox 506 1024 543 1050; x_wconf 87' lang='lat' dir='ltr'>ut</span> <span class='ocrx_word' id='word_1_127' title='bbox 565 1019 776 1059; x_wconf 88' lang='lat' dir='ltr'>cogitationes</span> <span class='ocrx_word' id='word_1_128' title='bbox 806 1023 838 1049; x_wconf 92' lang='lat' dir='ltr'>et</span> <span class='ocrx_word' id='word_1_129' title='bbox 861 1018 996 1049; x_wconf 85' lang='lat' dir='ltr'>affectus</span> <span class='ocrx_word' id='word_1_130' title='bbox 1020 1018 1083 1049; x_wconf 89' lang='lat' dir='ltr'>dis-</span> 
     </span>
     <span class='ocr_line' id='line_1_20' title="bbox 112 1061 1085 1102; baseline -0.002 -9"><span class='ocrx_word' id='word_1_131' title='bbox 112 1066 239 1093; x_wconf 86' lang='lat' dir='ltr'>cernat:</span> <span class='ocrx_word' id='word_1_132' title='bbox 271 1061 317 1092; x_wconf 86' lang='lat' dir='ltr'>ita</span> <span class='ocrx_word' id='word_1_133' title='bbox 346 1072 445 1102; x_wconf 92' lang='lat' dir='ltr'>quum</span> <span class='ocrx_word' id='word_1_134' title='bbox 479 1062 539 1093; x_wconf 91' lang='lat' dir='ltr'>hoc</span> <span class='ocrx_word' id='word_1_135' title='bbox 569 1061 638 1093; x_wconf 87' lang='lat' dir='ltr'>loco</span> <span class='ocrx_word' id='word_1_136' title='bbox 667 1062 786 1093; x_wconf 88' lang='lat' dir='ltr'>Petrus</span> <span class='ocrx_word' id='word_1_137' title='bbox 816 1071 890 1092; x_wconf 90' lang='lat' dir='ltr'>eum</span> <span class='ocrx_word' id='word_1_138' title='bbox 922 1061 1085 1093; x_wconf 87' lang='lat' dir='ltr'>viventem</span> 
     </span>
     <span class='ocr_line' id='line_1_21' title="bbox 113 1104 1085 1145; baseline -0.001 -10"><span class='ocrx_word' id='word_1_139' title='bbox 113 1105 261 1135; x_wconf 88' lang='lat' dir='ltr'>nominat</span> <span class='ocrx_word' id='word_1_140' title='bbox 291 1108 324 1135; x_wconf 92' lang='lat' dir='ltr'>et</span> <span class='ocrx_word' id='word_1_141' title='bbox 353 1114 479 1145; x_wconf 87' lang='lat' dir='ltr'>semper</span> <span class='ocrx_word' id='word_1_142' title='bbox 506 1110 704 1142; x_wconf 88' lang='lat' dir='ltr'>manentem,</span> <span class='ocrx_word' id='word_1_143' title='bbox 742 1105 802 1136; x_wconf 89' lang='lat' dir='ltr'>hoc</span> <span class='ocrx_word' id='word_1_144' title='bbox 833 1104 872 1135; x_wconf 88' lang='lat' dir='ltr'>ad</span> <span class='ocrx_word' id='word_1_145' title='bbox 902 1114 1085 1135; x_wconf 88' lang='lat' dir='ltr'>sermonem</span> 
     </span>
     <span class='ocr_line' id='line_1_22' title="bbox 113 1147 1086 1188; baseline -0.001 -10"><span class='ocrx_word' id='word_1_146' title='bbox 113 1147 264 1187; x_wconf 87' lang='lat' dir='ltr'>refertur,</span> <span class='ocrx_word' id='word_1_147' title='bbox 295 1147 329 1178; x_wconf 90' lang='lat' dir='ltr'>in</span> <span class='ocrx_word' id='word_1_148' title='bbox 359 1157 421 1188; x_wconf 92' lang='lat' dir='ltr'>quo</span> <span class='ocrx_word' id='word_1_149' title='bbox 452 1147 508 1179; x_wconf 89' lang='lat' dir='ltr'>illa</span> <span class='ocrx_word' id='word_1_150' title='bbox 532 1148 592 1179; x_wconf 90' lang='lat' dir='ltr'>Dei</span> <span class='ocrx_word' id='word_1_151' title='bbox 623 1148 820 1188; x_wconf 83' lang='lat' dir='ltr'>perpetuitas</span> <span class='ocrx_word' id='word_1_152' title='bbox 850 1147 984 1186; x_wconf 85' lang='lat' dir='ltr'>relucet,</span> <span class='ocrx_word' id='word_1_153' title='bbox 1015 1152 1086 1178; x_wconf 92' lang='lat' dir='ltr'>tan-</span> 
     </span>
     <span class='ocr_line' id='line_1_23' title="bbox 113 1190 528 1230; baseline 0.005 -10"><span class='ocrx_word' id='word_1_154' title='bbox 113 1199 208 1230; x_wconf 87' lang='lat' dir='ltr'>quam</span> <span class='ocrx_word' id='word_1_155' title='bbox 233 1190 266 1221; x_wconf 90' lang='lat' dir='ltr'>in</span> <span class='ocrx_word' id='word_1_156' title='bbox 290 1190 366 1221; x_wconf 91' lang='lat' dir='ltr'>vivo</span> <span class='ocrx_word' id='word_1_157' title='bbox 388 1190 528 1230; x_wconf 86' lang='lat' dir='ltr'>speculo.</span> 
     </span>
    </p>

    <p class='ocr_par' dir='ltr' id='par_1_3' title="bbox 112 1232 1092 2645">
     <span class='ocr_line' id='line_1_24' title="bbox 198 1232 1086 1272; baseline 0.001 -9"><span class='ocrx_word' id='word_1_158' title='bbox 198 1232 250 1264; x_wconf 86' lang='lat'>24.</span> <span class='ocrx_word' id='word_1_159' title='bbox 275 1232 531 1272; x_wconf 74' lang='lat' dir='ltr'>Quandoquidem</span> <span class='ocrx_word' id='word_1_160' title='bbox 557 1233 658 1265; x_wconf 80' lang='lat' dir='ltr'>omnis</span> <span class='ocrx_word' id='word_1_161' title='bbox 686 1243 768 1265; x_wconf 79' lang='lat' dir='ltr'>earo.</span> <span class='ocrx_word' id='word_1_162' title='bbox 812 1232 937 1264; x_wconf 85' lang='lat' dir='ltr'>Locum</span> <span class='ocrx_word' id='word_1_163' title='bbox 961 1232 1086 1264; x_wconf 87' lang='lat' dir='ltr'>Iesaiae</span> 
     </span>
     <span class='ocr_line' id='line_1_25' title="bbox 113 1275 1084 1317; baseline -0.001 -10"><span class='ocrx_word' id='word_1_164' title='bbox 113 1275 177 1316; x_wconf 89' lang='lat'>(40,</span> <span class='ocrx_word' id='word_1_165' title='bbox 193 1275 226 1317; x_wconf 89' lang='lat'>6)</span> <span class='ocrx_word' id='word_1_166' title='bbox 249 1278 323 1316; x_wconf 84' lang='lat' dir='ltr'>apte</span> <span class='ocrx_word' id='word_1_167' title='bbox 346 1276 424 1307; x_wconf 90' lang='lat' dir='ltr'>citat</span> <span class='ocrx_word' id='word_1_168' title='bbox 441 1276 480 1307; x_wconf 91' lang='lat' dir='ltr'>ad</span> <span class='ocrx_word' id='word_1_169' title='bbox 505 1276 726 1316; x_wconf 86' lang='lat' dir='ltr'>probationem</span> <span class='ocrx_word' id='word_1_170' title='bbox 747 1276 914 1316; x_wconf 89' lang='lat' dir='ltr'>utriusque</span> <span class='ocrx_word' id='word_1_171' title='bbox 930 1275 1084 1307; x_wconf 88' lang='lat' dir='ltr'>membri:</span> 
     </span>
     <span class='ocr_line' id='line_1_26' title="bbox 113 1318 1087 1359; baseline -0.001 -9"><span class='ocrx_word' id='word_1_172' title='bbox 113 1318 174 1350; x_wconf 85' lang='lat' dir='ltr'>hoc</span> <span class='ocrx_word' id='word_1_173' title='bbox 196 1323 254 1357; x_wconf 88' lang='lat' dir='ltr'>est,</span> <span class='ocrx_word' id='word_1_174' title='bbox 281 1323 318 1350; x_wconf 93' lang='lat' dir='ltr'>ut</span> <span class='ocrx_word' id='word_1_175' title='bbox 340 1323 467 1350; x_wconf 90' lang='lat' dir='ltr'>constet</span> <span class='ocrx_word' id='word_1_176' title='bbox 489 1329 584 1359; x_wconf 90' lang='lat' dir='ltr'>quam</span> <span class='ocrx_word' id='word_1_177' title='bbox 609 1319 698 1350; x_wconf 84' lang='lat' dir='ltr'>fluxa</span> <span class='ocrx_word' id='word_1_178' title='bbox 721 1323 752 1350; x_wconf 92' lang='lat' dir='ltr'>et</span> <span class='ocrx_word' id='word_1_179' title='bbox 775 1318 894 1350; x_wconf 89' lang='lat' dir='ltr'>misera</span> <span class='ocrx_word' id='word_1_180' title='bbox 917 1318 959 1349; x_wconf 90' lang='lat' dir='ltr'>sit</span> <span class='ocrx_word' id='word_1_181' title='bbox 982 1319 1087 1358; x_wconf 89' lang='lat' dir='ltr'>prima</span> 
     </span>
     <span class='ocr_line' id='line_1_27' title="bbox 112 1360 1086 1402; baseline 0 -10"><span class='ocrx_word' id='word_1_182' title='bbox 112 1360 255 1393; x_wconf 88' lang='lat' dir='ltr'>hominis</span> <span class='ocrx_word' id='word_1_183' title='bbox 285 1361 452 1402; x_wconf 87' lang='lat' dir='ltr'>nativitas,</span> <span class='ocrx_word' id='word_1_184' title='bbox 482 1367 514 1394; x_wconf 94' lang='lat' dir='ltr'>et</span> <span class='ocrx_word' id='word_1_185' title='bbox 536 1368 658 1402; x_wconf 84' lang='lat' dir='ltr'>quanta</span> <span class='ocrx_word' id='word_1_186' title='bbox 688 1361 942 1402; x_wconf 85' lang='lat' dir='ltr'>regenerationis</span> <span class='ocrx_word' id='word_1_187' title='bbox 972 1361 1086 1402; x_wconf 89' lang='lat' dir='ltr'>gratia.</span> 
     </span>
     <span class='ocr_line' id='line_1_28' title="bbox 113 1403 1087 1445; baseline 0.002 -11"><span class='ocrx_word' id='word_1_188' title='bbox 113 1403 195 1435; x_wconf 83' lang='lat' dir='ltr'>Nam</span> <span class='ocrx_word' id='word_1_189' title='bbox 224 1405 301 1444; x_wconf 88' lang='lat' dir='ltr'>quia</span> <span class='ocrx_word' id='word_1_190' title='bbox 334 1404 400 1436; x_wconf 91' lang='lat' dir='ltr'>illic</span> <span class='ocrx_word' id='word_1_191' title='bbox 429 1405 588 1445; x_wconf 87' lang='lat' dir='ltr'>propheta</span> <span class='ocrx_word' id='word_1_192' title='bbox 623 1405 661 1436; x_wconf 91' lang='lat' dir='ltr'>de</span> <span class='ocrx_word' id='word_1_193' title='bbox 696 1405 901 1436; x_wconf 85' lang='lat' dir='ltr'>restitutione</span> <span class='ocrx_word' id='word_1_194' title='bbox 935 1404 1087 1436; x_wconf 84' lang='lat' dir='ltr'>ecclesiae</span> 
     </span>
     <span class='ocr_line' id='line_1_29' title="bbox 113 1446 1087 1488; baseline 0.001 -11"><span class='ocrx_word' id='word_1_195' title='bbox 113 1447 333 1486; x_wconf 80' lang='lat' dir='ltr'>concionatur,</span> <span class='ocrx_word' id='word_1_196' title='bbox 357 1451 392 1479; x_wconf 87' lang='lat' dir='ltr'>ut</span> <span class='ocrx_word' id='word_1_197' title='bbox 414 1447 521 1479; x_wconf 85' lang='lat' dir='ltr'>locum</span> <span class='ocrx_word' id='word_1_198' title='bbox 545 1448 592 1479; x_wconf 92' lang='lat' dir='ltr'>illi</span> <span class='ocrx_word' id='word_1_199' title='bbox 615 1447 723 1488; x_wconf 88' lang='lat' dir='ltr'>faciat,</span> <span class='ocrx_word' id='word_1_200' title='bbox 747 1447 894 1478; x_wconf 86' lang='lat' dir='ltr'>homines</span> <span class='ocrx_word' id='word_1_201' title='bbox 912 1446 1029 1488; x_wconf 89' lang='lat' dir='ltr'>redigit</span> <span class='ocrx_word' id='word_1_202' title='bbox 1052 1447 1087 1478; x_wconf 90' lang='lat' dir='ltr'>in</span> 
     </span>
     <span class='ocr_line' id='line_1_30' title="bbox 114 1489 1086 1531; baseline 0.001 -11"><span class='ocrx_word' id='word_1_203' title='bbox 114 1489 264 1531; x_wconf 89' lang='lat' dir='ltr'>nihilum,</span> <span class='ocrx_word' id='word_1_204' title='bbox 293 1500 335 1522; x_wconf 90' lang='lat' dir='ltr'>ne</span> <span class='ocrx_word' id='word_1_205' title='bbox 365 1490 425 1522; x_wconf 89' lang='lat' dir='ltr'>sibi</span> <span class='ocrx_word' id='word_1_206' title='bbox 448 1491 605 1531; x_wconf 88' lang='lat' dir='ltr'>placeant.</span> <span class='ocrx_word' id='word_1_207' title='bbox 653 1490 727 1523; x_wconf 86' lang='lat' dir='ltr'>Scio</span> <span class='ocrx_word' id='word_1_208' title='bbox 756 1501 775 1522; x_wconf 90' lang='lat' dir='ltr'>a</span> <span class='ocrx_word' id='word_1_209' title='bbox 802 1489 994 1530; x_wconf 89' lang='lat' dir='ltr'>quibusdam</span> <span class='ocrx_word' id='word_1_210' title='bbox 1023 1494 1086 1521; x_wconf 90' lang='lat' dir='ltr'>tor-</span> 
     </span>
     <span class='ocr_line' id='line_1_31' title="bbox 114 1533 1086 1572; baseline 0.001 -9"><span class='ocrx_word' id='word_1_211' title='bbox 114 1533 207 1572; x_wconf 91' lang='lat' dir='ltr'>queri</span> <span class='ocrx_word' id='word_1_212' title='bbox 230 1533 308 1565; x_wconf 87' lang='lat' dir='ltr'>haec</span> <span class='ocrx_word' id='word_1_213' title='bbox 332 1533 430 1565; x_wconf 89' lang='lat' dir='ltr'>verba</span> <span class='ocrx_word' id='word_1_214' title='bbox 452 1534 485 1564; x_wconf 91' lang='lat' dir='ltr'>in</span> <span class='ocrx_word' id='word_1_215' title='bbox 515 1534 614 1565; x_wconf 88' lang='lat' dir='ltr'>alium</span> <span class='ocrx_word' id='word_1_216' title='bbox 638 1544 780 1565; x_wconf 87' lang='lat' dir='ltr'>sensum.</span> <span class='ocrx_word' id='word_1_217' title='bbox 826 1533 968 1572; x_wconf 79' lang='lat' dir='ltr'>Quidam</span> <span class='ocrx_word' id='word_1_218' title='bbox 999 1534 1086 1564; x_wconf 89' lang='lat' dir='ltr'>enim</span> 
     </span>
     <span class='ocr_line' id='line_1_32' title="bbox 116 1575 1088 1617; baseline 0.001 -11"><span class='ocrx_word' id='word_1_219' title='bbox 116 1575 154 1606; x_wconf 86' lang='lat' dir='ltr'>de</span> <span class='ocrx_word' id='word_1_220' title='bbox 176 1575 321 1617; x_wconf 84' lang='lat' dir='ltr'>Assyriis</span> <span class='ocrx_word' id='word_1_221' title='bbox 349 1582 527 1616; x_wconf 84' lang='lat' dir='ltr'>exponunt,</span> <span class='ocrx_word' id='word_1_222' title='bbox 557 1587 593 1609; x_wconf 87' lang='lat' dir='ltr'>ac</span> <span class='ocrx_word' id='word_1_223' title='bbox 624 1578 649 1608; x_wconf 91' lang='lat' dir='ltr'>si</span> <span class='ocrx_word' id='word_1_224' title='bbox 681 1576 802 1608; x_wconf 88' lang='lat' dir='ltr'>diceret</span> <span class='ocrx_word' id='word_1_225' title='bbox 824 1576 990 1616; x_wconf 84' lang='lat' dir='ltr'>propheta,</span> <span class='ocrx_word' id='word_1_226' title='bbox 1021 1586 1088 1607; x_wconf 91' lang='lat' dir='ltr'>non</span> 
     </span>
     <span class='ocr_line' id='line_1_33' title="bbox 115 1618 1088 1660; baseline 0.001 -11"><span class='ocrx_word' id='word_1_227' title='bbox 115 1628 185 1650; x_wconf 87' lang='lat' dir='ltr'>esse</span> <span class='ocrx_word' id='word_1_228' title='bbox 207 1629 264 1650; x_wconf 91' lang='lat' dir='ltr'>cur</span> <span class='ocrx_word' id='word_1_229' title='bbox 279 1618 391 1651; x_wconf 89' lang='lat' dir='ltr'>Iudaei</span> <span class='ocrx_word' id='word_1_230' title='bbox 411 1620 471 1651; x_wconf 90' lang='lat' dir='ltr'>sibi</span> <span class='ocrx_word' id='word_1_231' title='bbox 489 1630 507 1650; x_wconf 87' lang='lat' dir='ltr'>a</span> <span class='ocrx_word' id='word_1_232' title='bbox 529 1630 625 1652; x_wconf 88' lang='lat' dir='ltr'>carne</span> <span class='ocrx_word' id='word_1_233' title='bbox 642 1624 808 1660; x_wconf 87' lang='lat' dir='ltr'>tantopere</span> <span class='ocrx_word' id='word_1_234' title='bbox 825 1621 982 1658; x_wconf 89' lang='lat' dir='ltr'>metuant,</span> <span class='ocrx_word' id='word_1_235' title='bbox 1006 1629 1088 1659; x_wconf 90' lang='lat' dir='ltr'>quae</span> 
     </span>
     <span class='ocr_line' id='line_1_34' title="bbox 115 1661 1088 1695; baseline 0.001 -3"><span class='ocrx_word' id='word_1_236' title='bbox 115 1661 229 1693; x_wconf 89' lang='lat' dir='ltr'>similis</span> <span class='ocrx_word' id='word_1_237' title='bbox 252 1667 301 1693; x_wconf 88' lang='lat' dir='ltr'>est</span> <span class='ocrx_word' id='word_1_238' title='bbox 328 1662 400 1693; x_wconf 89' lang='lat' dir='ltr'>flori</span> <span class='ocrx_word' id='word_1_239' title='bbox 423 1663 552 1695; x_wconf 89' lang='lat' dir='ltr'>caduco.</span> <span class='ocrx_word' id='word_1_240' title='bbox 599 1662 666 1694; x_wconf 88' lang='lat' dir='ltr'>Alii</span> <span class='ocrx_word' id='word_1_241' title='bbox 696 1663 829 1693; x_wconf 90' lang='lat' dir='ltr'>inanem</span> <span class='ocrx_word' id='word_1_242' title='bbox 858 1661 1011 1694; x_wconf 87' lang='lat' dir='ltr'>fiduciam</span> <span class='ocrx_word' id='word_1_243' title='bbox 1037 1672 1088 1694; x_wconf 90' lang='lat' dir='ltr'>re-</span> 
     </span>
     <span class='ocr_line' id='line_1_35' title="bbox 114 1703 1089 1745; baseline 0.002 -10"><span class='ocrx_word' id='word_1_244' title='bbox 114 1703 272 1744; x_wconf 88' lang='lat' dir='ltr'>prehendi</span> <span class='ocrx_word' id='word_1_245' title='bbox 295 1710 419 1745; x_wconf 84' lang='lat' dir='ltr'>putant,</span> <span class='ocrx_word' id='word_1_246' title='bbox 451 1716 546 1745; x_wconf 91' lang='lat' dir='ltr'>quam</span> <span class='ocrx_word' id='word_1_247' title='bbox 570 1705 682 1737; x_wconf 87' lang='lat' dir='ltr'>Iudaei</span> <span class='ocrx_word' id='word_1_248' title='bbox 706 1705 855 1737; x_wconf 88' lang='lat' dir='ltr'>locabant</span> <span class='ocrx_word' id='word_1_249' title='bbox 879 1705 912 1736; x_wconf 93' lang='lat' dir='ltr'>in</span> <span class='ocrx_word' id='word_1_250' title='bbox 936 1705 1089 1737; x_wconf 86' lang='lat' dir='ltr'>humanis</span> 
     </span>
     <span class='ocr_line' id='line_1_36' title="bbox 116 1747 1091 1789; baseline 0.001 -11"><span class='ocrx_word' id='word_1_251' title='bbox 116 1747 296 1787; x_wconf 88' lang='lat' dir='ltr'>praesidiis.</span> <span class='ocrx_word' id='word_1_252' title='bbox 343 1747 407 1779; x_wconf 85' lang='lat' dir='ltr'>Sed</span> <span class='ocrx_word' id='word_1_253' title='bbox 431 1753 605 1789; x_wconf 89' lang='lat' dir='ltr'>utrumque</span> <span class='ocrx_word' id='word_1_254' title='bbox 628 1759 759 1780; x_wconf 87' lang='lat' dir='ltr'>sensum</span> <span class='ocrx_word' id='word_1_255' title='bbox 788 1747 906 1780; x_wconf 89' lang='lat' dir='ltr'>refellit</span> <span class='ocrx_word' id='word_1_256' title='bbox 929 1748 1091 1789; x_wconf 86' lang='lat' dir='ltr'>propheta</span> 
     </span>
     <span class='ocr_line' id='line_1_37' title="bbox 115 1790 1090 1832; baseline 0.002 -12"><span class='ocrx_word' id='word_1_257' title='bbox 115 1790 192 1829; x_wconf 89' lang='lat' dir='ltr'>ipse,</span> <span class='ocrx_word' id='word_1_258' title='bbox 221 1790 296 1822; x_wconf 87' lang='lat' dir='ltr'>dum</span> <span class='ocrx_word' id='word_1_259' title='bbox 321 1790 466 1823; x_wconf 90' lang='lat' dir='ltr'>subiicit:</span> <span class='ocrx_word' id='word_1_260' title='bbox 500 1791 619 1832; x_wconf 89' lang='lat' dir='ltr'>Utique</span> <span class='ocrx_word' id='word_1_261' title='bbox 643 1791 744 1822; x_wconf 88' lang='lat' dir='ltr'>herba</span> <span class='ocrx_word' id='word_1_262' title='bbox 767 1794 816 1822; x_wconf 87' lang='lat' dir='ltr'>est</span> <span class='ocrx_word' id='word_1_263' title='bbox 839 1791 987 1831; x_wconf 90' lang='lat' dir='ltr'>populus.</span> <span class='ocrx_word' id='word_1_264' title='bbox 1029 1790 1090 1822; x_wconf 88' lang='lat' dir='ltr'>Di-</span> 
     </span>
     <span class='ocr_line' id='line_1_38' title="bbox 117 1833 1090 1874; baseline 0.002 -11"><span class='ocrx_word' id='word_1_265' title='bbox 117 1837 203 1864; x_wconf 88' lang='lat' dir='ltr'>serte</span> <span class='ocrx_word' id='word_1_266' title='bbox 233 1833 318 1864; x_wconf 92' lang='lat' dir='ltr'>enim</span> <span class='ocrx_word' id='word_1_267' title='bbox 348 1833 501 1866; x_wconf 84' lang='lat' dir='ltr'>vanitatis</span> <span class='ocrx_word' id='word_1_268' title='bbox 531 1834 669 1866; x_wconf 89' lang='lat' dir='ltr'>Iudaeos</span> <span class='ocrx_word' id='word_1_269' title='bbox 698 1834 842 1874; x_wconf 89' lang='lat' dir='ltr'>damnat,</span> <span class='ocrx_word' id='word_1_270' title='bbox 873 1833 988 1874; x_wconf 91' lang='lat' dir='ltr'>quibus</span> <span class='ocrx_word' id='word_1_271' title='bbox 1019 1843 1090 1874; x_wconf 92' lang='lat' dir='ltr'>pro-</span> 
     </span>
     <span class='ocr_line' id='line_1_39' title="bbox 117 1876 1090 1917; baseline 0.002 -11"><span class='ocrx_word' id='word_1_272' title='bbox 117 1876 216 1907; x_wconf 88' lang='lat' dir='ltr'>mittit</span> <span class='ocrx_word' id='word_1_273' title='bbox 244 1876 511 1909; x_wconf 87' lang='lat' dir='ltr'>instaurationem</span> <span class='ocrx_word' id='word_1_274' title='bbox 544 1888 562 1908; x_wconf 90' lang='lat' dir='ltr'>a</span> <span class='ocrx_word' id='word_1_275' title='bbox 592 1877 742 1909; x_wconf 87' lang='lat' dir='ltr'>Domino.</span> <span class='ocrx_word' id='word_1_276' title='bbox 795 1877 867 1908; x_wconf 81' lang='lat' dir='ltr'>Hoc</span> <span class='ocrx_word' id='word_1_277' title='bbox 901 1877 1012 1917; x_wconf 91' lang='lat' dir='ltr'>itaque</span> <span class='ocrx_word' id='word_1_278' title='bbox 1042 1881 1090 1908; x_wconf 90' lang='lat' dir='ltr'>est</span> 
     </span>
     <span class='ocr_line' id='line_1_40' title="bbox 117 1918 1090 1960; baseline 0.002 -11"><span class='ocrx_word' id='word_1_279' title='bbox 117 1918 201 1958; x_wconf 89' lang='lat' dir='ltr'>quod</span> <span class='ocrx_word' id='word_1_280' title='bbox 224 1918 287 1950; x_wconf 82' lang='lat' dir='ltr'>iam</span> <span class='ocrx_word' id='word_1_281' title='bbox 311 1919 390 1960; x_wconf 86' lang='lat' dir='ltr'>dixi,</span> <span class='ocrx_word' id='word_1_282' title='bbox 421 1919 522 1952; x_wconf 88' lang='lat' dir='ltr'>donec</span> <span class='ocrx_word' id='word_1_283' title='bbox 545 1925 675 1952; x_wconf 89' lang='lat' dir='ltr'>ostensa</span> <span class='ocrx_word' id='word_1_284' title='bbox 698 1920 796 1952; x_wconf 90' lang='lat' dir='ltr'>fuerit</span> <span class='ocrx_word' id='word_1_285' title='bbox 823 1920 1008 1951; x_wconf 89' lang='lat' dir='ltr'>hominibus</span> <span class='ocrx_word' id='word_1_286' title='bbox 1031 1930 1090 1951; x_wconf 88' lang='lat' dir='ltr'>sua</span> 
     </span>
     <span class='ocr_line' id='line_1_41' title="bbox 117 1962 1091 2004; baseline 0.002 -12"><span class='ocrx_word' id='word_1_287' title='bbox 117 1962 268 1998; x_wconf 81' lang='lat' dir='ltr'>inanitas,</span> <span class='ocrx_word' id='word_1_288' title='bbox 292 1972 356 1993; x_wconf 91' lang='lat' dir='ltr'>non</span> <span class='ocrx_word' id='word_1_289' title='bbox 380 1972 450 1994; x_wconf 87' lang='lat' dir='ltr'>esse</span> <span class='ocrx_word' id='word_1_290' title='bbox 466 1963 506 1994; x_wconf 87' lang='lat' dir='ltr'>ad</span> <span class='ocrx_word' id='word_1_291' title='bbox 530 1962 750 2004; x_wconf 88' lang='lat' dir='ltr'>recipiendam</span> <span class='ocrx_word' id='word_1_292' title='bbox 767 1962 827 1994; x_wconf 88' lang='lat' dir='ltr'>Dei</span> <span class='ocrx_word' id='word_1_293' title='bbox 850 1963 988 2003; x_wconf 86' lang='lat' dir='ltr'>gratiam</span> <span class='ocrx_word' id='word_1_294' title='bbox 1005 1973 1091 1994; x_wconf 90' lang='lat' dir='ltr'>com-</span> 
     </span>
     <span class='ocr_line' id='line_1_42' title="bbox 116 2004 1090 2046; baseline 0.001 -11"><span class='ocrx_word' id='word_1_295' title='bbox 116 2007 256 2044; x_wconf 87' lang='lat' dir='ltr'>paratos.</span> <span class='ocrx_word' id='word_1_296' title='bbox 301 2004 341 2036; x_wconf 92' lang='lat' dir='ltr'>In</span> <span class='ocrx_word' id='word_1_297' title='bbox 366 2016 501 2043; x_wconf 83' lang='lat' dir='ltr'>summa,</span> <span class='ocrx_word' id='word_1_298' title='bbox 531 2006 604 2037; x_wconf 89' lang='lat' dir='ltr'>talis</span> <span class='ocrx_word' id='word_1_299' title='bbox 629 2010 678 2037; x_wconf 92' lang='lat' dir='ltr'>est</span> <span class='ocrx_word' id='word_1_300' title='bbox 708 2006 886 2046; x_wconf 86' lang='lat' dir='ltr'>prophetae</span> <span class='ocrx_word' id='word_1_301' title='bbox 907 2010 1090 2043; x_wconf 82' lang='lat' dir='ltr'>contextus,</span> 
     </span>
     <span class='ocr_line' id='line_1_43' title="bbox 118 2046 1090 2085; baseline 0.002 -8"><span class='ocrx_word' id='word_1_302' title='bbox 118 2046 278 2085; x_wconf 77' lang='lat' dir='ltr'>Quoniam</span> <span class='ocrx_word' id='word_1_303' title='bbox 309 2047 439 2079; x_wconf 88' lang='lat' dir='ltr'>Iudaeis</span> <span class='ocrx_word' id='word_1_304' title='bbox 469 2049 602 2080; x_wconf 84' lang='lat' dir='ltr'>exilium</span> <span class='ocrx_word' id='word_1_305' title='bbox 636 2050 741 2081; x_wconf 89' lang='lat' dir='ltr'>instar</span> <span class='ocrx_word' id='word_1_306' title='bbox 775 2049 888 2080; x_wconf 87' lang='lat' dir='ltr'>mortis</span> <span class='ocrx_word' id='word_1_307' title='bbox 921 2048 1090 2081; x_wconf 88' lang='lat' dir='ltr'>cuiusdam</span> 
     </span>
     <span class='ocr_line' id='line_1_44' title="bbox 116 2090 1088 2132; baseline 0.003 -12"><span class='ocrx_word' id='word_1_308' title='bbox 116 2094 195 2127; x_wconf 88' lang='lat' dir='ltr'>erat,</span> <span class='ocrx_word' id='word_1_309' title='bbox 220 2100 340 2122; x_wconf 88' lang='lat' dir='ltr'>novam</span> <span class='ocrx_word' id='word_1_310' title='bbox 357 2090 396 2122; x_wconf 93' lang='lat' dir='ltr'>de</span> <span class='ocrx_word' id='word_1_311' title='bbox 411 2091 539 2132; x_wconf 88' lang='lat' dir='ltr'>integro</span> <span class='ocrx_word' id='word_1_312' title='bbox 563 2092 814 2124; x_wconf 88' lang='lat' dir='ltr'>consolationem</span> <span class='ocrx_word' id='word_1_313' title='bbox 834 2091 898 2123; x_wconf 88' lang='lat' dir='ltr'>illis</span> <span class='ocrx_word' id='word_1_314' title='bbox 921 2092 1088 2131; x_wconf 86' lang='lat' dir='ltr'>promittit.</span> 
     </span>
     <span class='ocr_line' id='line_1_45' title="bbox 117 2133 1089 2175; baseline 0.002 -12"><span class='ocrx_word' id='word_1_315' title='bbox 117 2133 223 2164; x_wconf 90' lang='lat' dir='ltr'>Deum</span> <span class='ocrx_word' id='word_1_316' title='bbox 255 2134 341 2164; x_wconf 88' lang='lat' dir='ltr'>enim</span> <span class='ocrx_word' id='word_1_317' title='bbox 366 2133 471 2165; x_wconf 89' lang='lat' dir='ltr'>adhuc</span> <span class='ocrx_word' id='word_1_318' title='bbox 500 2135 674 2175; x_wconf 90' lang='lat' dir='ltr'>prophetas</span> <span class='ocrx_word' id='word_1_319' title='bbox 701 2135 878 2166; x_wconf 90' lang='lat' dir='ltr'>missurum</span> <span class='ocrx_word' id='word_1_320' title='bbox 908 2145 980 2166; x_wconf 90' lang='lat' dir='ltr'>cum</span> <span class='ocrx_word' id='word_1_321' title='bbox 1004 2135 1089 2166; x_wconf 89' lang='lat' dir='ltr'>eius-</span> 
     </span>
     <span class='ocr_line' id='line_1_46' title="bbox 116 2175 1090 2218; baseline 0.002 -12"><span class='ocrx_word' id='word_1_322' title='bbox 116 2175 202 2207; x_wconf 88' lang='lat' dir='ltr'>modi</span> <span class='ocrx_word' id='word_1_323' title='bbox 227 2176 394 2207; x_wconf 83' lang='lat' dir='ltr'>mandato:</span> <span class='ocrx_word' id='word_1_324' title='bbox 423 2176 541 2209; x_wconf 88' lang='lat' dir='ltr'>Adhuc</span> <span class='ocrx_word' id='word_1_325' title='bbox 564 2177 648 2210; x_wconf 90' lang='lat' dir='ltr'>dicet</span> <span class='ocrx_word' id='word_1_326' title='bbox 670 2177 840 2216; x_wconf 83' lang='lat' dir='ltr'>Dominus,</span> <span class='ocrx_word' id='word_1_327' title='bbox 871 2177 987 2218; x_wconf 89' lang='lat' dir='ltr'>inquit,</span> <span class='ocrx_word' id='word_1_328' title='bbox 1017 2187 1090 2209; x_wconf 91' lang='lat' dir='ltr'>con-</span> 
     </span>
     <span class='ocr_line' id='line_1_47' title="bbox 117 2218 1090 2259; baseline 0.002 -10"><span class='ocrx_word' id='word_1_329' title='bbox 117 2218 267 2250; x_wconf 88' lang='lat' dir='ltr'>solamini</span> <span class='ocrx_word' id='word_1_330' title='bbox 291 2219 444 2259; x_wconf 87' lang='lat' dir='ltr'>populum</span> <span class='ocrx_word' id='word_1_331' title='bbox 468 2229 595 2251; x_wconf 85' lang='lat' dir='ltr'>meum:</span> <span class='ocrx_word' id='word_1_332' title='bbox 618 2230 655 2252; x_wconf 89' lang='lat' dir='ltr'>ac</span> <span class='ocrx_word' id='word_1_333' title='bbox 678 2221 711 2251; x_wconf 91' lang='lat' dir='ltr'>in</span> <span class='ocrx_word' id='word_1_334' title='bbox 736 2220 864 2252; x_wconf 89' lang='lat' dir='ltr'>deserto</span> <span class='ocrx_word' id='word_1_335' title='bbox 888 2224 921 2251; x_wconf 90' lang='lat' dir='ltr'>et</span> <span class='ocrx_word' id='word_1_336' title='bbox 939 2220 1090 2252; x_wconf 88' lang='lat' dir='ltr'>vastitate</span> 
     </span>
     <span class='ocr_line' id='line_1_48' title="bbox 116 2260 1090 2302; baseline 0.002 -10"><span class='ocrx_word' id='word_1_337' title='bbox 116 2260 327 2293; x_wconf 87' lang='lat' dir='ltr'>nihilominus</span> <span class='ocrx_word' id='word_1_338' title='bbox 359 2272 422 2293; x_wconf 81' lang='lat' dir='ltr'>vox</span> <span class='ocrx_word' id='word_1_339' title='bbox 453 2262 639 2302; x_wconf 89' lang='lat' dir='ltr'>prophetica</span> <span class='ocrx_word' id='word_1_340' title='bbox 668 2264 840 2301; x_wconf 88' lang='lat' dir='ltr'>resonabit,</span> <span class='ocrx_word' id='word_1_341' title='bbox 875 2268 912 2294; x_wconf 87' lang='lat' dir='ltr'>ut</span> <span class='ocrx_word' id='word_1_342' title='bbox 942 2264 994 2295; x_wconf 88' lang='lat' dir='ltr'>via</span> <span class='ocrx_word' id='word_1_343' title='bbox 1025 2262 1090 2294; x_wconf 94' lang='lat' dir='ltr'>Do-</span> 
     </span>
     <span class='ocr_line' id='line_1_49' title="bbox 116 2304 1090 2347; baseline 0.003 -12"><span class='ocrx_word' id='word_1_344' title='bbox 116 2304 205 2336; x_wconf 90' lang='lat' dir='ltr'>mino</span> <span class='ocrx_word' id='word_1_345' title='bbox 240 2309 416 2336; x_wconf 83' lang='lat' dir='ltr'>sternatur.</span> <span class='ocrx_word' id='word_1_346' title='bbox 463 2304 625 2343; x_wconf 86' lang='lat' dir='ltr'>Quoniam</span> <span class='ocrx_word' id='word_1_347' title='bbox 659 2311 767 2338; x_wconf 89' lang='lat' dir='ltr'>autem</span> <span class='ocrx_word' id='word_1_348' title='bbox 799 2307 931 2347; x_wconf 86' lang='lat' dir='ltr'>purgari</span> <span class='ocrx_word' id='word_1_349' title='bbox 966 2306 1090 2338; x_wconf 85' lang='lat' dir='ltr'>animos</span> 
     </span>
     <span class='ocr_line' id='line_1_50' title="bbox 117 2348 1090 2389; baseline 0.003 -11"><span class='ocrx_word' id='word_1_350' title='bbox 117 2357 268 2387; x_wconf 86' lang='lat' dir='ltr'>perversa</span> <span class='ocrx_word' id='word_1_351' title='bbox 291 2348 452 2388; x_wconf 89' lang='lat' dir='ltr'>superbia,</span> <span class='ocrx_word' id='word_1_352' title='bbox 478 2358 541 2387; x_wconf 92' lang='lat' dir='ltr'>qua</span> <span class='ocrx_word' id='word_1_353' title='bbox 564 2352 704 2389; x_wconf 86' lang='lat' dir='ltr'>turgent,</span> <span class='ocrx_word' id='word_1_354' title='bbox 729 2359 858 2381; x_wconf 86' lang='lat' dir='ltr'>necesse</span> <span class='ocrx_word' id='word_1_355' title='bbox 882 2354 938 2387; x_wconf 88' lang='lat' dir='ltr'>est,</span> <span class='ocrx_word' id='word_1_356' title='bbox 963 2354 999 2380; x_wconf 89' lang='lat' dir='ltr'>ut</span> <span class='ocrx_word' id='word_1_357' title='bbox 1018 2348 1090 2381; x_wconf 92' lang='lat' dir='ltr'>Deo</span> 
     </span>
     <span class='ocr_line' id='line_1_51' title="bbox 117 2390 1090 2430; baseline 0.003 -10"><span class='ocrx_word' id='word_1_358' title='bbox 117 2390 225 2421; x_wconf 83' lang='lat' dir='ltr'>aditus</span> <span class='ocrx_word' id='word_1_359' title='bbox 255 2395 374 2430; x_wconf 83' lang='lat' dir='ltr'>pateat,</span> <span class='ocrx_word' id='word_1_360' title='bbox 408 2390 538 2422; x_wconf 87' lang='lat' dir='ltr'>subiicit</span> <span class='ocrx_word' id='word_1_361' title='bbox 571 2391 658 2430; x_wconf 90' lang='lat' dir='ltr'>quod</span> <span class='ocrx_word' id='word_1_362' title='bbox 688 2391 740 2424; x_wconf 90' lang='lat' dir='ltr'>hic</span> <span class='ocrx_word' id='word_1_363' title='bbox 771 2392 870 2423; x_wconf 87' lang='lat' dir='ltr'>refert</span> <span class='ocrx_word' id='word_1_364' title='bbox 898 2392 1017 2423; x_wconf 88' lang='lat' dir='ltr'>Petrus</span> <span class='ocrx_word' id='word_1_365' title='bbox 1052 2391 1090 2423; x_wconf 91' lang='lat' dir='ltr'>de</span> 
     </span>
     <span class='ocr_line' id='line_1_52' title="bbox 118 2432 1090 2475; baseline 0.003 -12"><span class='ocrx_word' id='word_1_366' title='bbox 118 2432 256 2464; x_wconf 81' lang='lat' dir='ltr'>evanida</span> <span class='ocrx_word' id='word_1_367' title='bbox 279 2434 385 2465; x_wconf 90' lang='lat' dir='ltr'>carnis</span> <span class='ocrx_word' id='word_1_368' title='bbox 409 2434 521 2474; x_wconf 88' lang='lat' dir='ltr'>gloria.</span> <span class='ocrx_word' id='word_1_369' title='bbox 556 2433 643 2472; x_wconf 87' lang='lat' dir='ltr'>Quid</span> <span class='ocrx_word' id='word_1_370' title='bbox 662 2438 711 2465; x_wconf 85' lang='lat' dir='ltr'>est</span> <span class='ocrx_word' id='word_1_371' title='bbox 734 2434 852 2466; x_wconf 83' lang='lat' dir='ltr'>homo?</span> <span class='ocrx_word' id='word_1_372' title='bbox 876 2435 991 2475; x_wconf 87' lang='lat' dir='ltr'>inquit,</span> <span class='ocrx_word' id='word_1_373' title='bbox 1015 2445 1090 2475; x_wconf 89' lang='lat' dir='ltr'>gra-</span> 
     </span>
     <span class='ocr_line' id='line_1_53' title="bbox 118 2475 1090 2517; baseline 0.004 -12"><span class='ocrx_word' id='word_1_374' title='bbox 118 2485 201 2506; x_wconf 91' lang='lat' dir='ltr'>men.</span> <span class='ocrx_word' id='word_1_375' title='bbox 251 2475 339 2515; x_wconf 87' lang='lat' dir='ltr'>Quid</span> <span class='ocrx_word' id='word_1_376' title='bbox 365 2481 413 2508; x_wconf 88' lang='lat' dir='ltr'>est</span> <span class='ocrx_word' id='word_1_377' title='bbox 436 2476 577 2507; x_wconf 84' lang='lat' dir='ltr'>hominis</span> <span class='ocrx_word' id='word_1_378' title='bbox 601 2476 727 2517; x_wconf 76' lang='lat' dir='ltr'>gloria?</span> <span class='ocrx_word' id='word_1_379' title='bbox 750 2478 808 2509; x_wconf 91' lang='lat' dir='ltr'>flos</span> <span class='ocrx_word' id='word_1_380' title='bbox 832 2477 960 2509; x_wconf 90' lang='lat' dir='ltr'>herbae.</span> <span class='ocrx_word' id='word_1_381' title='bbox 1006 2477 1090 2508; x_wconf 90' lang='lat' dir='ltr'>Nam</span> 
     </span>
     <span class='ocr_line' id='line_1_54' title="bbox 118 2517 1090 2560; baseline 0.004 -13"><span class='ocrx_word' id='word_1_382' title='bbox 118 2517 193 2557; x_wconf 85' lang='lat' dir='ltr'>quia</span> <span class='ocrx_word' id='word_1_383' title='bbox 215 2518 345 2551; x_wconf 83' lang='lat' dir='ltr'>difficile</span> <span class='ocrx_word' id='word_1_384' title='bbox 374 2529 531 2559; x_wconf 86' lang='lat' dir='ltr'>persuasu</span> <span class='ocrx_word' id='word_1_385' title='bbox 561 2524 638 2556; x_wconf 83' lang='lat' dir='ltr'>erat,</span> <span class='ocrx_word' id='word_1_386' title='bbox 669 2519 843 2558; x_wconf 90' lang='lat' dir='ltr'>hominem,</span> <span class='ocrx_word' id='word_1_387' title='bbox 874 2521 908 2551; x_wconf 93' lang='lat' dir='ltr'>in</span> <span class='ocrx_word' id='word_1_388' title='bbox 932 2531 995 2560; x_wconf 93' lang='lat' dir='ltr'>quo</span> <span class='ocrx_word' id='word_1_389' title='bbox 1018 2522 1090 2551; x_wconf 82' lang='lat' dir='ltr'>tan-</span> 
     </span>
     <span class='ocr_line' id='line_1_55' title="bbox 119 2562 1092 2603; baseline 0.004 -12"><span class='ocrx_word' id='word_1_390' title='bbox 119 2565 186 2591; x_wconf 92' lang='lat' dir='ltr'>tum</span> <span class='ocrx_word' id='word_1_391' title='bbox 210 2562 429 2601; x_wconf 85' lang='lat' dir='ltr'>praestantiae</span> <span class='ocrx_word' id='word_1_392' title='bbox 452 2567 597 2602; x_wconf 87' lang='lat' dir='ltr'>apparet,</span> <span class='ocrx_word' id='word_1_393' title='bbox 621 2572 691 2593; x_wconf 84' lang='lat' dir='ltr'>esse</span> <span class='ocrx_word' id='word_1_394' title='bbox 709 2562 826 2594; x_wconf 87' lang='lat' dir='ltr'>herbae</span> <span class='ocrx_word' id='word_1_395' title='bbox 842 2563 990 2602; x_wconf 86' lang='lat' dir='ltr'>similem,</span> <span class='ocrx_word' id='word_1_396' title='bbox 1014 2573 1092 2603; x_wconf 88' lang='lat' dir='ltr'>qua·</span> 
     </span>
     <span class='ocr_line' id='line_1_56' title="bbox 120 2602 1090 2645; baseline 0.003 -11"><span class='ocrx_word' id='word_1_397' title='bbox 120 2602 192 2634; x_wconf 86' lang='lat' dir='ltr'>dam</span> <span class='ocrx_word' id='word_1_398' title='bbox 224 2605 440 2636; x_wconf 84' lang='lat' dir='ltr'>concessionis</span> <span class='ocrx_word' id='word_1_399' title='bbox 464 2605 569 2645; x_wconf 91' lang='lat' dir='ltr'>specie</span> <span class='ocrx_word' id='word_1_400' title='bbox 601 2605 704 2636; x_wconf 89' lang='lat' dir='ltr'>utitur</span> <span class='ocrx_word' id='word_1_401' title='bbox 727 2606 900 2645; x_wconf 89' lang='lat' dir='ltr'>propheta:</span> <span class='ocrx_word' id='word_1_402' title='bbox 931 2616 968 2638; x_wconf 92' lang='lat' dir='ltr'>ac</span> <span class='ocrx_word' id='word_1_403' title='bbox 995 2606 1021 2636; x_wconf 90' lang='lat' dir='ltr'>si</span> <span class='ocrx_word' id='word_1_404' title='bbox 1046 2606 1090 2637; x_wconf 92' lang='lat' dir='ltr'>di-</span> 
     </span>
    </p>
   </div>
   <div class='ocr_carea' id='block_1_3' title="bbox 119 2647 1092 2688">
    <p class='ocr_par' dir='ltr' id='par_1_4' title="bbox 119 2647 1092 2688">
     <span class='ocr_line' id='line_1_57' title="bbox 119 2647 1092 2688; baseline 0.003 -11"><span class='ocrx_word' id='word_1_405' title='bbox 119 2650 213 2685; x_wconf 89' lang='lat' dir='ltr'>ceret,</span> <span class='ocrx_word' id='word_1_406' title='bbox 249 2647 301 2679; x_wconf 86' lang='lat' dir='ltr'>Sit</span> <span class='ocrx_word' id='word_1_407' title='bbox 335 2657 412 2679; x_wconf 88' lang='lat' dir='ltr'>sane</span> <span class='ocrx_word' id='word_1_408' title='bbox 446 2648 552 2688; x_wconf 87' lang='lat' dir='ltr'>aliqua</span> <span class='ocrx_word' id='word_1_409' title='bbox 586 2648 694 2680; x_wconf 87' lang='lat' dir='ltr'>carnis</span> <span class='ocrx_word' id='word_1_410' title='bbox 727 2648 847 2688; x_wconf 87' lang='lat' dir='ltr'>gloria:</span> <span class='ocrx_word' id='word_1_411' title='bbox 889 2648 945 2680; x_wconf 89' lang='lat' dir='ltr'>sed</span> <span class='ocrx_word' id='word_1_412' title='bbox 980 2659 1020 2679; x_wconf 91' lang='lat' dir='ltr'>ne</span> <span class='ocrx_word' id='word_1_413' title='bbox 1055 2659 1092 2680; x_wconf 87' lang='lat' dir='ltr'>ea</span> 
     </span>
    </p>
   </div>
   <div class='ocr_carea' id='block_1_4' title="bbox 1011 197 1209 229">
    <p class='ocr_par' dir='ltr' id='par_1_5' title="bbox 1011 197 1209 229">
     <span class='ocr_line' id='line_1_58' title="bbox 1011 197 1209 229; baseline 0.005 -1"><span class='ocrx_word' id='word_1_414' title='bbox 1011 197 1160 229; x_wconf 84' lang='lat' dir='ltr'>CAPUT</span> <span class='ocrx_word' id='word_1_415' title='bbox 1184 198 1209 229; x_wconf 91' lang='grc' dir='ltr'>Ι.</span> 
     </span>
    </p>
   </div>
   <div class='ocr_carea' id='block_1_5' title="bbox 1109 314 1119 2130">
    <p class='ocr_par' dir='ltr' id='par_1_6' title="bbox 1109 314 1119 2130">
     <span class='ocr_line' id='line_1_59' title="bbox 1109 314 1119 2130; baseline 0 0"><span class='ocrx_word' id='word_1_416' title='bbox 1109 314 1119 2130; x_wconf 95' lang='lat' dir='ltr'> </span> 
     </span>
    </p>
   </div>
   <div class='ocr_carea' id='block_1_6' title="bbox 2045 198 2108 229">
    <p class='ocr_par' dir='ltr' id='par_1_7' title="bbox 2045 198 2108 229">
     <span class='ocr_line' id='line_1_60' title="bbox 2045 198 2108 229; baseline 0 0"><span class='ocrx_word' id='word_1_417' title='bbox 2045 198 2108 229; x_wconf 75' lang='grc'>230</span> 
     </span>
    </p>
   </div>
   <div class='ocr_carea' id='block_1_7' title="bbox 1135 294 2120 2685">
    <p class='ocr_par' dir='ltr' id='par_1_8' title="bbox 1135 294 2109 622">
     <span class='ocr_line' id='line_1_61' title="bbox 1137 294 2109 335; baseline 0.002 -11"><span class='ocrx_word' id='word_1_418' title='bbox 1137 294 1226 325; x_wconf 88' lang='lat' dir='ltr'>vobis</span> <span class='ocrx_word' id='word_1_419' title='bbox 1257 294 1365 325; x_wconf 89' lang='lat' dir='ltr'>oculos</span> <span class='ocrx_word' id='word_1_420' title='bbox 1400 295 1614 335; x_wconf 84' lang='lat' dir='ltr'>perstringat,</span> <span class='ocrx_word' id='word_1_421' title='bbox 1655 295 1769 325; x_wconf 87' lang='lat' dir='ltr'>scitote</span> <span class='ocrx_word' id='word_1_422' title='bbox 1807 294 2003 326; x_wconf 87' lang='lat' dir='ltr'>emarcidum</span> <span class='ocrx_word' id='word_1_423' title='bbox 2038 305 2109 326; x_wconf 87' lang='lat' dir='ltr'>esse</span> 
     </span>
     <span class='ocr_line' id='line_1_62' title="bbox 1136 336 2109 377; baseline 0.001 -10"><span class='ocrx_word' id='word_1_424' title='bbox 1136 336 1258 368; x_wconf 87' lang='lat' dir='ltr'>florem.</span> <span class='ocrx_word' id='word_1_425' title='bbox 1313 336 1430 368; x_wconf 87' lang='lat' dir='ltr'>Postea</span> <span class='ocrx_word' id='word_1_426' title='bbox 1457 336 1598 368; x_wconf 89' lang='lat' dir='ltr'>ostendit</span> <span class='ocrx_word' id='word_1_427' title='bbox 1629 337 1767 377; x_wconf 83' lang='lat' dir='ltr'>qualiter</span> <span class='ocrx_word' id='word_1_428' title='bbox 1800 337 1906 369; x_wconf 85' lang='lat' dir='ltr'>subito</span> <span class='ocrx_word' id='word_1_429' title='bbox 1935 343 2109 368; x_wconf 85' lang='lat' dir='ltr'>evanescat</span> 
     </span>
     <span class='ocr_line' id='line_1_63' title="bbox 1136 378 2109 420; baseline 0.002 -11"><span class='ocrx_word' id='word_1_430' title='bbox 1136 378 1290 418; x_wconf 88' lang='lat' dir='ltr'>quidquid</span> <span class='ocrx_word' id='word_1_431' title='bbox 1315 379 1499 411; x_wconf 86' lang='lat' dir='ltr'>hominibus</span> <span class='ocrx_word' id='word_1_432' title='bbox 1522 379 1669 411; x_wconf 88' lang='lat' dir='ltr'>conciliat</span> <span class='ocrx_word' id='word_1_433' title='bbox 1693 381 1847 420; x_wconf 85' lang='lat' dir='ltr'>gratiam:</span> <span class='ocrx_word' id='word_1_434' title='bbox 1877 390 1993 420; x_wconf 87' lang='lat' dir='ltr'>nempe</span> <span class='ocrx_word' id='word_1_435' title='bbox 2015 380 2109 420; x_wconf 89' lang='lat' dir='ltr'>spiri-</span> 
     </span>
     <span class='ocr_line' id='line_1_64' title="bbox 1137 421 2107 463; baseline 0.004 -13"><span class='ocrx_word' id='word_1_436' title='bbox 1137 425 1188 451; x_wconf 81' lang='lat' dir='ltr'>tus</span> <span class='ocrx_word' id='word_1_437' title='bbox 1223 421 1285 452; x_wconf 92' lang='lat' dir='ltr'>Dei</span> <span class='ocrx_word' id='word_1_438' title='bbox 1326 423 1415 453; x_wconf 91' lang='lat' dir='ltr'>flatu.</span> <span class='ocrx_word' id='word_1_439' title='bbox 1473 422 1546 461; x_wconf 90' lang='lat' dir='ltr'>Quo</span> <span class='ocrx_word' id='word_1_440' title='bbox 1585 422 1764 463; x_wconf 86' lang='lat' dir='ltr'>significat,</span> <span class='ocrx_word' id='word_1_441' title='bbox 1805 423 1970 454; x_wconf 91' lang='lat' dir='ltr'>hominem</span> <span class='ocrx_word' id='word_1_442' title='bbox 2006 422 2107 454; x_wconf 91' lang='lat' dir='ltr'>videri</span> 
     </span>
     <span class='ocr_line' id='line_1_65' title="bbox 1136 463 2109 503; baseline 0.003 -10"><span class='ocrx_word' id='word_1_443' title='bbox 1136 463 1264 502; x_wconf 83' lang='lat' dir='ltr'>aliquid,</span> <span class='ocrx_word' id='word_1_444' title='bbox 1300 463 1400 496; x_wconf 91' lang='lat' dir='ltr'>donec</span> <span class='ocrx_word' id='word_1_445' title='bbox 1435 474 1470 496; x_wconf 81' lang='lat' dir='ltr'>ac</span> <span class='ocrx_word' id='word_1_446' title='bbox 1500 464 1607 496; x_wconf 94' lang='lat' dir='ltr'>Deum</span> <span class='ocrx_word' id='word_1_447' title='bbox 1642 465 1781 503; x_wconf 87' lang='lat' dir='ltr'>accedat,</span> <span class='ocrx_word' id='word_1_448' title='bbox 1815 465 1870 496; x_wconf 91' lang='lat' dir='ltr'>sed</span> <span class='ocrx_word' id='word_1_449' title='bbox 1906 469 2010 496; x_wconf 89' lang='lat' dir='ltr'>totum</span> <span class='ocrx_word' id='word_1_450' title='bbox 2040 466 2109 497; x_wconf 91' lang='lat' dir='ltr'>eius</span> 
     </span>
     <span class='ocr_line' id='line_1_66' title="bbox 1136 505 2107 549; baseline 0.004 -14"><span class='ocrx_word' id='word_1_451' title='bbox 1136 505 1293 546; x_wconf 87' lang='lat' dir='ltr'>fulgorem</span> <span class='ocrx_word' id='word_1_452' title='bbox 1324 506 1403 538; x_wconf 89' lang='lat' dir='ltr'>nihil</span> <span class='ocrx_word' id='word_1_453' title='bbox 1436 518 1506 538; x_wconf 87' lang='lat' dir='ltr'>esse</span> <span class='ocrx_word' id='word_1_454' title='bbox 1528 518 1637 539; x_wconf 86' lang='lat' dir='ltr'>coram</span> <span class='ocrx_word' id='word_1_455' title='bbox 1661 507 1747 538; x_wconf 89' lang='lat' dir='ltr'>Deo:</span> <span class='ocrx_word' id='word_1_456' title='bbox 1784 507 1923 547; x_wconf 90' lang='lat' dir='ltr'>denique</span> <span class='ocrx_word' id='word_1_457' title='bbox 1946 508 2016 540; x_wconf 89' lang='lat' dir='ltr'>eius</span> <span class='ocrx_word' id='word_1_458' title='bbox 2038 508 2107 549; x_wconf 87' lang='lat' dir='ltr'>glo-</span> 
     </span>
     <span class='ocr_line' id='line_1_67' title="bbox 1136 547 2108 592; baseline 0.005 -14"><span class='ocrx_word' id='word_1_459' title='bbox 1136 547 1216 578; x_wconf 88' lang='lat' dir='ltr'>riam</span> <span class='ocrx_word' id='word_1_460' title='bbox 1233 548 1267 579; x_wconf 92' lang='lat' dir='ltr'>in</span> <span class='ocrx_word' id='word_1_461' title='bbox 1284 549 1405 581; x_wconf 92' lang='lat' dir='ltr'>mundo</span> <span class='ocrx_word' id='word_1_462' title='bbox 1422 550 1570 588; x_wconf 84' lang='lat' dir='ltr'>residere,</span> <span class='ocrx_word' id='word_1_463' title='bbox 1594 550 1700 582; x_wconf 89' lang='lat' dir='ltr'>locum</span> <span class='ocrx_word' id='word_1_464' title='bbox 1720 560 1786 581; x_wconf 91' lang='lat' dir='ltr'>non</span> <span class='ocrx_word' id='word_1_465' title='bbox 1810 550 1928 581; x_wconf 85' lang='lat' dir='ltr'>habere</span> <span class='ocrx_word' id='word_1_466' title='bbox 1951 551 1982 582; x_wconf 94' lang='lat' dir='ltr'>in</span> <span class='ocrx_word' id='word_1_467' title='bbox 2008 561 2108 592; x_wconf 90' lang='lat' dir='ltr'>regno</span> 
     </span>
     <span class='ocr_line' id='line_1_68' title="bbox 1135 590 1275 622; baseline -0.007 0"><span class='ocrx_word' id='word_1_468' title='bbox 1135 590 1275 622; x_wconf 89' lang='lat' dir='ltr'>coelesti.</span> 
     </span>
    </p>

    <p class='ocr_par' dir='ltr' id='par_1_9' title="bbox 1136 633 2114 1270">
     <span class='ocr_line' id='line_1_69' title="bbox 1222 633 2109 667; baseline 0.003 -3"><span class='ocrx_word' id='word_1_469' title='bbox 1222 633 1362 665; x_wconf 72' lang='lat' dir='ltr'>Exaruit</span> <span class='ocrx_word' id='word_1_470' title='bbox 1384 634 1486 666; x_wconf 77' lang='lat' dir='ltr'>herba.</span> <span class='ocrx_word' id='word_1_471' title='bbox 1528 636 1650 666; x_wconf 88' lang='lat' dir='ltr'>Putant</span> <span class='ocrx_word' id='word_1_472' title='bbox 1669 635 1763 667; x_wconf 87' lang='lat' dir='ltr'>multi</span> <span class='ocrx_word' id='word_1_473' title='bbox 1795 634 1856 666; x_wconf 89' lang='lat' dir='ltr'>hoc</span> <span class='ocrx_word' id='word_1_474' title='bbox 1886 645 1950 666; x_wconf 91' lang='lat' dir='ltr'>non</span> <span class='ocrx_word' id='word_1_475' title='bbox 1982 635 2043 667; x_wconf 90' lang='lat' dir='ltr'>nisi</span> <span class='ocrx_word' id='word_1_476' title='bbox 2069 636 2109 667; x_wconf 89' lang='lat' dir='ltr'>ad</span> 
     </span>
     <span class='ocr_line' id='line_1_70' title="bbox 1136 676 2110 719; baseline 0.004 -14"><span class='ocrx_word' id='word_1_477' title='bbox 1136 679 1305 706; x_wconf 82' lang='lat' dir='ltr'>externum</span> <span class='ocrx_word' id='word_1_478' title='bbox 1331 676 1494 708; x_wconf 89' lang='lat' dir='ltr'>hominem</span> <span class='ocrx_word' id='word_1_479' title='bbox 1526 679 1696 718; x_wconf 85' lang='lat' dir='ltr'>pertinere,</span> <span class='ocrx_word' id='word_1_480' title='bbox 1731 677 1786 709; x_wconf 90' lang='lat' dir='ltr'>sed</span> <span class='ocrx_word' id='word_1_481' title='bbox 1810 677 1983 709; x_wconf 84' lang='lat' dir='ltr'>falluntur:</span> <span class='ocrx_word' id='word_1_482' title='bbox 2020 688 2110 719; x_wconf 86' lang='lat' dir='ltr'>spec-</span> 
     </span>
     <span class='ocr_line' id='line_1_71' title="bbox 1136 717 2108 760; baseline 0.003 -12"><span class='ocrx_word' id='word_1_483' title='bbox 1136 717 1236 749; x_wconf 90' lang='lat' dir='ltr'>tanda</span> <span class='ocrx_word' id='word_1_484' title='bbox 1265 723 1315 749; x_wconf 90' lang='lat' dir='ltr'>est</span> <span class='ocrx_word' id='word_1_485' title='bbox 1344 719 1429 750; x_wconf 92' lang='lat' dir='ltr'>enim</span> <span class='ocrx_word' id='word_1_486' title='bbox 1453 721 1647 760; x_wconf 86' lang='lat' dir='ltr'>comparatio</span> <span class='ocrx_word' id='word_1_487' title='bbox 1672 721 1763 753; x_wconf 90' lang='lat' dir='ltr'>verbi</span> <span class='ocrx_word' id='word_1_488' title='bbox 1787 719 1849 751; x_wconf 94' lang='lat' dir='ltr'>Dei</span> <span class='ocrx_word' id='word_1_489' title='bbox 1872 730 1945 752; x_wconf 89' lang='lat' dir='ltr'>cum</span> <span class='ocrx_word' id='word_1_490' title='bbox 1969 719 2108 752; x_wconf 91' lang='lat' dir='ltr'>homine.</span> 
     </span>
     <span class='ocr_line' id='line_1_72' title="bbox 1137 760 2109 804; baseline 0.004 -13"><span class='ocrx_word' id='word_1_491' title='bbox 1137 760 1220 791; x_wconf 90' lang='lat' dir='ltr'>Nam</span> <span class='ocrx_word' id='word_1_492' title='bbox 1254 761 1280 790; x_wconf 80' lang='lat' dir='ltr'>si</span> <span class='ocrx_word' id='word_1_493' title='bbox 1310 770 1427 800; x_wconf 90' lang='lat' dir='ltr'>corpus</span> <span class='ocrx_word' id='word_1_494' title='bbox 1458 766 1586 794; x_wconf 89' lang='lat' dir='ltr'>tantum</span> <span class='ocrx_word' id='word_1_495' title='bbox 1610 769 1641 794; x_wconf 89' lang='lat' dir='ltr'>et</span> <span class='ocrx_word' id='word_1_496' title='bbox 1664 774 1701 795; x_wconf 83' lang='lat' dir='ltr'>ea</span> <span class='ocrx_word' id='word_1_497' title='bbox 1725 773 1806 804; x_wconf 91' lang='lat' dir='ltr'>quae</span> <span class='ocrx_word' id='word_1_498' title='bbox 1829 768 1905 794; x_wconf 91' lang='lat' dir='ltr'>sunt</span> <span class='ocrx_word' id='word_1_499' title='bbox 1928 764 2109 803; x_wconf 86' lang='lat' dir='ltr'>praesentis</span> 
     </span>
     <span class='ocr_line' id='line_1_73' title="bbox 1138 803 2109 843; baseline 0.003 -9"><span class='ocrx_word' id='word_1_500' title='bbox 1138 803 1224 834; x_wconf 86' lang='lat' dir='ltr'>vitae</span> <span class='ocrx_word' id='word_1_501' title='bbox 1258 803 1469 843; x_wconf 82' lang='lat' dir='ltr'>intelligeret,</span> <span class='ocrx_word' id='word_1_502' title='bbox 1510 806 1681 837; x_wconf 89' lang='lat' dir='ltr'>dicendum</span> <span class='ocrx_word' id='word_1_503' title='bbox 1716 805 1857 838; x_wconf 89' lang='lat' dir='ltr'>secundo</span> <span class='ocrx_word' id='word_1_504' title='bbox 1891 806 1960 838; x_wconf 87' lang='lat' dir='ltr'>loco</span> <span class='ocrx_word' id='word_1_505' title='bbox 1994 806 2109 841; x_wconf 75' lang='lat' dir='ltr'>fuerat.</span> 
     </span>
     <span class='ocr_line' id='line_1_74' title="bbox 1138 846 2111 889; baseline 0.003 -13"><span class='ocrx_word' id='word_1_506' title='bbox 1138 847 1279 877; x_wconf 90' lang='lat' dir='ltr'>animam</span> <span class='ocrx_word' id='word_1_507' title='bbox 1308 846 1403 886; x_wconf 83' lang='lat' dir='ltr'>longo</span> <span class='ocrx_word' id='word_1_508' title='bbox 1434 847 1695 880; x_wconf 84' lang='lat' dir='ltr'>excellentiorem</span> <span class='ocrx_word' id='word_1_509' title='bbox 1726 859 1806 881; x_wconf 89' lang='lat' dir='ltr'>esse.</span> <span class='ocrx_word' id='word_1_510' title='bbox 1852 848 1952 889; x_wconf 88' lang='lat' dir='ltr'>Atqui</span> <span class='ocrx_word' id='word_1_511' title='bbox 1983 848 2111 880; x_wconf 89' lang='lat' dir='ltr'>floriet</span> 
     </span>
     <span class='ocr_line' id='line_1_75' title="bbox 1138 888 2111 932; baseline 0.003 -13"><span class='ocrx_word' id='word_1_512' title='bbox 1138 888 1257 920; x_wconf 85' lang='lat' dir='ltr'>herbae</span> <span class='ocrx_word' id='word_1_513' title='bbox 1292 899 1356 919; x_wconf 92' lang='lat' dir='ltr'>non</span> <span class='ocrx_word' id='word_1_514' title='bbox 1387 889 1448 920; x_wconf 88' lang='lat' dir='ltr'>nisi</span> <span class='ocrx_word' id='word_1_515' title='bbox 1479 900 1660 922; x_wconf 90' lang='lat' dir='ltr'>sermonem</span> <span class='ocrx_word' id='word_1_516' title='bbox 1691 892 1752 922; x_wconf 91' lang='lat' dir='ltr'>Dei</span> <span class='ocrx_word' id='word_1_517' title='bbox 1782 891 1931 931; x_wconf 89' lang='lat' dir='ltr'>opponit:</span> <span class='ocrx_word' id='word_1_518' title='bbox 1965 892 2111 932; x_wconf 87' lang='lat' dir='ltr'>sequitur</span> 
     </span>
     <span class='ocr_line' id='line_1_76' title="bbox 1139 931 2111 972; baseline 0.004 -11"><span class='ocrx_word' id='word_1_519' title='bbox 1139 941 1234 972; x_wconf 89' lang='lat' dir='ltr'>ergo,</span> <span class='ocrx_word' id='word_1_520' title='bbox 1265 932 1297 962; x_wconf 92' lang='lat' dir='ltr'>in</span> <span class='ocrx_word' id='word_1_521' title='bbox 1332 931 1461 963; x_wconf 89' lang='lat' dir='ltr'>homine</span> <span class='ocrx_word' id='word_1_522' title='bbox 1491 933 1592 964; x_wconf 90' lang='lat' dir='ltr'>solam</span> <span class='ocrx_word' id='word_1_523' title='bbox 1623 934 1802 965; x_wconf 89' lang='lat' dir='ltr'>vanitatem</span> <span class='ocrx_word' id='word_1_524' title='bbox 1831 934 1982 965; x_wconf 88' lang='lat' dir='ltr'>inveniri.</span> <span class='ocrx_word' id='word_1_525' title='bbox 2032 934 2111 966; x_wconf 91' lang='lat' dir='ltr'>Ideo</span> 
     </span>
     <span class='ocr_line' id='line_1_77' title="bbox 1139 974 2112 1016; baseline 0.003 -11"><span class='ocrx_word' id='word_1_526' title='bbox 1139 984 1239 1014; x_wconf 88' lang='lat' dir='ltr'>quum</span> <span class='ocrx_word' id='word_1_527' title='bbox 1257 974 1295 1006; x_wconf 90' lang='lat' dir='ltr'>de</span> <span class='ocrx_word' id='word_1_528' title='bbox 1312 983 1406 1005; x_wconf 88' lang='lat' dir='ltr'>carne</span> <span class='ocrx_word' id='word_1_529' title='bbox 1422 978 1455 1005; x_wconf 91' lang='lat' dir='ltr'>et</span> <span class='ocrx_word' id='word_1_530' title='bbox 1471 975 1538 1006; x_wconf 89' lang='lat' dir='ltr'>eius</span> <span class='ocrx_word' id='word_1_531' title='bbox 1560 975 1666 1015; x_wconf 87' lang='lat' dir='ltr'>gratia</span> <span class='ocrx_word' id='word_1_532' title='bbox 1688 976 1827 1016; x_wconf 88' lang='lat' dir='ltr'>loquitur</span> <span class='ocrx_word' id='word_1_533' title='bbox 1851 977 1982 1015; x_wconf 90' lang='lat' dir='ltr'>Iesaias,</span> <span class='ocrx_word' id='word_1_534' title='bbox 2006 978 2112 1008; x_wconf 86' lang='lat' dir='ltr'>totum</span> 
     </span>
     <span class='ocr_line' id='line_1_78' title="bbox 1139 1017 2112 1060; baseline 0.001 -12"><span class='ocrx_word' id='word_1_535' title='bbox 1139 1017 1314 1054; x_wconf 85' lang='lat' dir='ltr'>hominem,</span> <span class='ocrx_word' id='word_1_536' title='bbox 1338 1017 1441 1057; x_wconf 88' lang='lat' dir='ltr'>qualis</span> <span class='ocrx_word' id='word_1_537' title='bbox 1458 1021 1491 1048; x_wconf 92' lang='lat' dir='ltr'>et</span> <span class='ocrx_word' id='word_1_538' title='bbox 1507 1023 1648 1058; x_wconf 89' lang='lat' dir='ltr'>quantus</span> <span class='ocrx_word' id='word_1_539' title='bbox 1665 1019 1698 1049; x_wconf 93' lang='lat' dir='ltr'>in</span> <span class='ocrx_word' id='word_1_540' title='bbox 1717 1029 1751 1050; x_wconf 85' lang='lat' dir='ltr'>se</span> <span class='ocrx_word' id='word_1_541' title='bbox 1774 1024 1831 1057; x_wconf 88' lang='lat' dir='ltr'>est,</span> <span class='ocrx_word' id='word_1_542' title='bbox 1855 1019 2112 1060; x_wconf 80' lang='lat' dir='ltr'>comprehendit,</span> 
     </span>
     <span class='ocr_line' id='line_1_79' title="bbox 1140 1059 2114 1101; baseline 0.002 -10"><span class='ocrx_word' id='word_1_543' title='bbox 1140 1070 1212 1091; x_wconf 83' lang='lat' dir='ltr'>nam</span> <span class='ocrx_word' id='word_1_544' title='bbox 1237 1059 1320 1100; x_wconf 89' lang='lat' dir='ltr'>quod</span> <span class='ocrx_word' id='word_1_545' title='bbox 1344 1060 1444 1092; x_wconf 89' lang='lat' dir='ltr'>verbo</span> <span class='ocrx_word' id='word_1_546' title='bbox 1465 1060 1527 1092; x_wconf 92' lang='lat' dir='ltr'>Dei</span> <span class='ocrx_word' id='word_1_547' title='bbox 1549 1062 1640 1100; x_wconf 89' lang='lat' dir='ltr'>quasi</span> <span class='ocrx_word' id='word_1_548' title='bbox 1663 1062 1831 1101; x_wconf 90' lang='lat' dir='ltr'>proprium</span> <span class='ocrx_word' id='word_1_549' title='bbox 1854 1062 2017 1100; x_wconf 88' lang='lat' dir='ltr'>adscribit,</span> <span class='ocrx_word' id='word_1_550' title='bbox 2041 1062 2114 1093; x_wconf 90' lang='lat' dir='ltr'>vult</span> 
     </span>
     <span class='ocr_line' id='line_1_80' title="bbox 1139 1102 2114 1145; baseline 0.002 -11"><span class='ocrx_word' id='word_1_551' title='bbox 1139 1103 1263 1134; x_wconf 88' lang='lat' dir='ltr'>homiui</span> <span class='ocrx_word' id='word_1_552' title='bbox 1306 1102 1485 1134; x_wconf 87' lang='lat' dir='ltr'>detrahere.</span> <span class='ocrx_word' id='word_1_553' title='bbox 1542 1103 1693 1144; x_wconf 89' lang='lat' dir='ltr'>Denique</span> <span class='ocrx_word' id='word_1_554' title='bbox 1733 1103 1818 1135; x_wconf 90' lang='lat' dir='ltr'>idem</span> <span class='ocrx_word' id='word_1_555' title='bbox 1857 1105 1923 1145; x_wconf 88' lang='lat' dir='ltr'>agit</span> <span class='ocrx_word' id='word_1_556' title='bbox 1957 1104 2114 1145; x_wconf 84' lang='lat' dir='ltr'>propheta</span> 
     </span>
     <span class='ocr_line' id='line_1_81' title="bbox 1140 1145 2114 1188; baseline 0.003 -12"><span class='ocrx_word' id='word_1_557' title='bbox 1140 1146 1223 1186; x_wconf 93' lang='lat' dir='ltr'>quod</span> <span class='ocrx_word' id='word_1_558' title='bbox 1241 1145 1395 1177; x_wconf 85' lang='lat' dir='ltr'>Christus</span> <span class='ocrx_word' id='word_1_559' title='bbox 1411 1145 1525 1178; x_wconf 88' lang='lat' dir='ltr'>Iohan.</span> <span class='ocrx_word' id='word_1_560' title='bbox 1539 1146 1569 1183; x_wconf 86' lang='lat'>3,</span> <span class='ocrx_word' id='word_1_561' title='bbox 1592 1146 1622 1184; x_wconf 89' lang='lat'>3,</span> <span class='ocrx_word' id='word_1_562' title='bbox 1646 1146 1807 1177; x_wconf 88' lang='lat' dir='ltr'>hominem</span> <span class='ocrx_word' id='word_1_563' title='bbox 1824 1157 1956 1187; x_wconf 86' lang='lat' dir='ltr'>prorsus</span> <span class='ocrx_word' id='word_1_564' title='bbox 1972 1158 1990 1179; x_wconf 90' lang='lat' dir='ltr'>a</span> <span class='ocrx_word' id='word_1_565' title='bbox 2013 1157 2114 1188; x_wconf 87' lang='lat' dir='ltr'>regno</span> 
     </span>
     <span class='ocr_line' id='line_1_82' title="bbox 1139 1188 2113 1228; baseline 0.002 -9"><span class='ocrx_word' id='word_1_566' title='bbox 1139 1188 1203 1219; x_wconf 90' lang='lat' dir='ltr'>Dei</span> <span class='ocrx_word' id='word_1_567' title='bbox 1224 1199 1294 1220; x_wconf 89' lang='lat' dir='ltr'>esse</span> <span class='ocrx_word' id='word_1_568' title='bbox 1316 1188 1468 1226; x_wconf 90' lang='lat' dir='ltr'>alienum,</span> <span class='ocrx_word' id='word_1_569' title='bbox 1499 1189 1580 1220; x_wconf 86' lang='lat' dir='ltr'>nihil</span> <span class='ocrx_word' id='word_1_570' title='bbox 1608 1190 1670 1220; x_wconf 89' lang='lat' dir='ltr'>nisi</span> <span class='ocrx_word' id='word_1_571' title='bbox 1694 1194 1869 1228; x_wconf 90' lang='lat' dir='ltr'>terrenum,</span> <span class='ocrx_word' id='word_1_572' title='bbox 1899 1190 2055 1221; x_wconf 81' lang='lat' dir='ltr'>caducum</span> <span class='ocrx_word' id='word_1_573' title='bbox 2080 1195 2113 1222; x_wconf 90' lang='lat' dir='ltr'>et</span> 
     </span>
     <span class='ocr_line' id='line_1_83' title="bbox 1140 1231 1756 1270; baseline 0.002 -8"><span class='ocrx_word' id='word_1_574' title='bbox 1140 1232 1235 1263; x_wconf 88' lang='lat' dir='ltr'>inane</span> <span class='ocrx_word' id='word_1_575' title='bbox 1259 1231 1387 1270; x_wconf 88' lang='lat' dir='ltr'>habere,</span> <span class='ocrx_word' id='word_1_576' title='bbox 1412 1231 1473 1262; x_wconf 90' lang='lat' dir='ltr'>nisi</span> <span class='ocrx_word' id='word_1_577' title='bbox 1497 1237 1628 1263; x_wconf 89' lang='lat' dir='ltr'>renatus</span> <span class='ocrx_word' id='word_1_578' title='bbox 1650 1232 1756 1263; x_wconf 85' lang='lat' dir='ltr'>fuerit.</span> 
     </span>
    </p>

    <p class='ocr_par' dir='ltr' id='par_1_10' title="bbox 1140 1274 2118 1778">
     <span class='ocr_line' id='line_1_84' title="bbox 1226 1274 2113 1316; baseline 0 -10"><span class='ocrx_word' id='word_1_579' title='bbox 1226 1274 1277 1306; x_wconf 81' lang='lat'>25.</span> <span class='ocrx_word' id='word_1_580' title='bbox 1319 1274 1452 1306; x_wconf 80' lang='lat' dir='ltr'>Verbum</span> <span class='ocrx_word' id='word_1_581' title='bbox 1485 1277 1586 1306; x_wconf 78' lang='lat' dir='ltr'>autem</span> <span class='ocrx_word' id='word_1_582' title='bbox 1615 1274 1758 1306; x_wconf 80' lang='lat' dir='ltr'>Domini.</span> <span class='ocrx_word' id='word_1_583' title='bbox 1809 1274 1882 1305; x_wconf 87' lang='lat' dir='ltr'>Non</span> <span class='ocrx_word' id='word_1_584' title='bbox 1917 1274 2008 1306; x_wconf 88' lang='lat' dir='ltr'>docet</span> <span class='ocrx_word' id='word_1_585' title='bbox 2041 1286 2113 1316; x_wconf 90' lang='lat' dir='ltr'>pro-</span> 
     </span>
     <span class='ocr_line' id='line_1_85' title="bbox 1141 1317 2115 1357; baseline 0.001 -9"><span class='ocrx_word' id='word_1_586' title='bbox 1141 1317 1239 1357; x_wconf 87' lang='lat' dir='ltr'>pheta</span> <span class='ocrx_word' id='word_1_587' title='bbox 1273 1317 1368 1357; x_wconf 90' lang='lat' dir='ltr'>quale</span> <span class='ocrx_word' id='word_1_588' title='bbox 1402 1318 1443 1349; x_wconf 88' lang='lat' dir='ltr'>sit</span> <span class='ocrx_word' id='word_1_589' title='bbox 1477 1318 1510 1348; x_wconf 90' lang='lat' dir='ltr'>in</span> <span class='ocrx_word' id='word_1_590' title='bbox 1545 1328 1579 1349; x_wconf 89' lang='lat' dir='ltr'>se</span> <span class='ocrx_word' id='word_1_591' title='bbox 1610 1318 1745 1349; x_wconf 88' lang='lat' dir='ltr'>verbum</span> <span class='ocrx_word' id='word_1_592' title='bbox 1775 1317 1855 1348; x_wconf 89' lang='lat' dir='ltr'>Dei:</span> <span class='ocrx_word' id='word_1_593' title='bbox 1890 1317 1946 1348; x_wconf 89' lang='lat' dir='ltr'>sed</span> <span class='ocrx_word' id='word_1_594' title='bbox 1974 1318 2065 1357; x_wconf 92' lang='lat' dir='ltr'>quale</span> <span class='ocrx_word' id='word_1_595' title='bbox 2097 1329 2115 1349; x_wconf 87' lang='lat' dir='ltr'>a</span> 
     </span>
     <span class='ocr_line' id='line_1_86' title="bbox 1141 1360 2116 1401; baseline 0.001 -10"><span class='ocrx_word' id='word_1_596' title='bbox 1141 1360 1234 1392; x_wconf 92' lang='lat' dir='ltr'>nobis</span> <span class='ocrx_word' id='word_1_597' title='bbox 1274 1361 1443 1392; x_wconf 88' lang='lat' dir='ltr'>sentiatur.</span> <span class='ocrx_word' id='word_1_598' title='bbox 1501 1360 1677 1401; x_wconf 87' lang='lat' dir='ltr'>Postquam</span> <span class='ocrx_word' id='word_1_599' title='bbox 1715 1360 1802 1392; x_wconf 89' lang='lat' dir='ltr'>enim</span> <span class='ocrx_word' id='word_1_600' title='bbox 1843 1360 2028 1392; x_wconf 82' lang='lat' dir='ltr'>exinanitus</span> <span class='ocrx_word' id='word_1_601' title='bbox 2068 1366 2116 1392; x_wconf 87' lang='lat' dir='ltr'>est</span> 
     </span>
     <span class='ocr_line' id='line_1_87' title="bbox 1140 1402 2114 1443; baseline 0 -9"><span class='ocrx_word' id='word_1_602' title='bbox 1140 1402 1236 1434; x_wconf 90' lang='lat' dir='ltr'>homo</span> <span class='ocrx_word' id='word_1_603' title='bbox 1269 1404 1302 1434; x_wconf 91' lang='lat' dir='ltr'>in</span> <span class='ocrx_word' id='word_1_604' title='bbox 1336 1414 1370 1435; x_wconf 90' lang='lat' dir='ltr'>se</span> <span class='ocrx_word' id='word_1_605' title='bbox 1404 1403 1488 1443; x_wconf 89' lang='lat' dir='ltr'>ipso,</span> <span class='ocrx_word' id='word_1_606' title='bbox 1522 1408 1624 1435; x_wconf 85' lang='lat' dir='ltr'>restat</span> <span class='ocrx_word' id='word_1_607' title='bbox 1657 1408 1693 1435; x_wconf 87' lang='lat' dir='ltr'>ut</span> <span class='ocrx_word' id='word_1_608' title='bbox 1728 1403 1804 1434; x_wconf 89' lang='lat' dir='ltr'>alibi</span> <span class='ocrx_word' id='word_1_609' title='bbox 1838 1408 1972 1443; x_wconf 87' lang='lat' dir='ltr'>quaerat</span> <span class='ocrx_word' id='word_1_610' title='bbox 2006 1403 2114 1435; x_wconf 90' lang='lat' dir='ltr'>vitam.</span> 
     </span>
     <span class='ocr_line' id='line_1_88' title="bbox 1141 1445 2116 1487; baseline -0.001 -10"><span class='ocrx_word' id='word_1_611' title='bbox 1141 1446 1236 1477; x_wconf 87' lang='lat' dir='ltr'>Hanc</span> <span class='ocrx_word' id='word_1_612' title='bbox 1252 1456 1329 1487; x_wconf 89' lang='lat' dir='ltr'>ergo</span> <span class='ocrx_word' id='word_1_613' title='bbox 1345 1446 1410 1477; x_wconf 90' lang='lat' dir='ltr'>vim</span> <span class='ocrx_word' id='word_1_614' title='bbox 1431 1451 1528 1486; x_wconf 90' lang='lat' dir='ltr'>atque</span> <span class='ocrx_word' id='word_1_615' title='bbox 1546 1446 1722 1478; x_wconf 87' lang='lat' dir='ltr'>efficaciam</span> <span class='ocrx_word' id='word_1_616' title='bbox 1746 1445 1861 1477; x_wconf 89' lang='lat' dir='ltr'>tribuit</span> <span class='ocrx_word' id='word_1_617' title='bbox 1877 1446 1994 1477; x_wconf 88' lang='lat' dir='ltr'>Petrus</span> <span class='ocrx_word' id='word_1_618' title='bbox 2018 1446 2116 1477; x_wconf 91' lang='lat' dir='ltr'>verbo</span> 
     </span>
     <span class='ocr_line' id='line_1_89' title="bbox 1141 1488 2117 1529; baseline 0 -9"><span class='ocrx_word' id='word_1_619' title='bbox 1141 1489 1203 1520; x_wconf 93' lang='lat' dir='ltr'>Dei</span> <span class='ocrx_word' id='word_1_620' title='bbox 1240 1500 1281 1520; x_wconf 85' lang='lat' dir='ltr'>ex</span> <span class='ocrx_word' id='word_1_621' title='bbox 1312 1491 1484 1520; x_wconf 78' lang='lat' dir='ltr'>autoritate</span> <span class='ocrx_word' id='word_1_622' title='bbox 1521 1489 1709 1529; x_wconf 85' lang='lat' dir='ltr'>prophetae,</span> <span class='ocrx_word' id='word_1_623' title='bbox 1753 1493 1788 1519; x_wconf 94' lang='lat' dir='ltr'>ut</span> <span class='ocrx_word' id='word_1_624' title='bbox 1819 1499 1888 1520; x_wconf 89' lang='lat' dir='ltr'>esse</span> <span class='ocrx_word' id='word_1_625' title='bbox 1918 1488 2056 1520; x_wconf 92' lang='lat' dir='ltr'>solidum</span> <span class='ocrx_word' id='word_1_626' title='bbox 2085 1493 2117 1520; x_wconf 88' lang='lat' dir='ltr'>et</span> 
     </span>
     <span class='ocr_line' id='line_1_90' title="bbox 1141 1532 2117 1572; baseline -0.002 -8"><span class='ocrx_word' id='word_1_627' title='bbox 1141 1536 1309 1564; x_wconf 89' lang='lat' dir='ltr'>aeternum</span> <span class='ocrx_word' id='word_1_628' title='bbox 1343 1532 1435 1564; x_wconf 89' lang='lat' dir='ltr'>nobis</span> <span class='ocrx_word' id='word_1_629' title='bbox 1469 1533 1621 1564; x_wconf 87' lang='lat' dir='ltr'>conferat.</span> <span class='ocrx_word' id='word_1_630' title='bbox 1667 1532 1741 1564; x_wconf 89' lang='lat' dir='ltr'>Huc</span> <span class='ocrx_word' id='word_1_631' title='bbox 1764 1532 1852 1563; x_wconf 89' lang='lat' dir='ltr'>enim</span> <span class='ocrx_word' id='word_1_632' title='bbox 1886 1532 2017 1571; x_wconf 87' lang='lat' dir='ltr'>respicit</span> <span class='ocrx_word' id='word_1_633' title='bbox 2046 1541 2117 1572; x_wconf 90' lang='lat' dir='ltr'>pro-</span> 
     </span>
     <span class='ocr_line' id='line_1_91' title="bbox 1142 1574 2117 1616; baseline -0.001 -10"><span class='ocrx_word' id='word_1_634' title='bbox 1142 1575 1250 1616; x_wconf 87' lang='lat' dir='ltr'>pheta,</span> <span class='ocrx_word' id='word_1_635' title='bbox 1282 1585 1344 1606; x_wconf 93' lang='lat' dir='ltr'>non</span> <span class='ocrx_word' id='word_1_636' title='bbox 1376 1585 1446 1606; x_wconf 90' lang='lat' dir='ltr'>esse</span> <span class='ocrx_word' id='word_1_637' title='bbox 1475 1575 1625 1607; x_wconf 87' lang='lat' dir='ltr'>stabilem</span> <span class='ocrx_word' id='word_1_638' title='bbox 1658 1575 1757 1606; x_wconf 90' lang='lat' dir='ltr'>vitam</span> <span class='ocrx_word' id='word_1_639' title='bbox 1781 1574 1845 1605; x_wconf 87' lang='lat' dir='ltr'>nisi</span> <span class='ocrx_word' id='word_1_640' title='bbox 1868 1574 1902 1605; x_wconf 90' lang='lat' dir='ltr'>in</span> <span class='ocrx_word' id='word_1_641' title='bbox 1925 1574 2012 1606; x_wconf 90' lang='lat' dir='ltr'>Deo:</span> <span class='ocrx_word' id='word_1_642' title='bbox 2045 1584 2117 1605; x_wconf 91' lang='lat' dir='ltr'>eam</span> 
     </span>
     <span class='ocr_line' id='line_1_92' title="bbox 1142 1616 2117 1658; baseline -0.001 -9"><span class='ocrx_word' id='word_1_643' title='bbox 1142 1628 1219 1649; x_wconf 91' lang='lat' dir='ltr'>vero</span> <span class='ocrx_word' id='word_1_644' title='bbox 1254 1617 1345 1649; x_wconf 90' lang='lat' dir='ltr'>nobis</span> <span class='ocrx_word' id='word_1_645' title='bbox 1375 1618 1608 1650; x_wconf 88' lang='lat' dir='ltr'>communicari</span> <span class='ocrx_word' id='word_1_646' title='bbox 1637 1628 1694 1658; x_wconf 89' lang='lat' dir='ltr'>per</span> <span class='ocrx_word' id='word_1_647' title='bbox 1727 1617 1872 1649; x_wconf 90' lang='lat' dir='ltr'>verbum.</span> <span class='ocrx_word' id='word_1_648' title='bbox 1930 1616 2117 1657; x_wconf 86' lang='lat' dir='ltr'>Quamlibet</span> 
     </span>
     <span class='ocr_line' id='line_1_93' title="bbox 1142 1661 2118 1701; baseline -0.001 -9"><span class='ocrx_word' id='word_1_649' title='bbox 1142 1671 1219 1701; x_wconf 85' lang='lat' dir='ltr'>ergo</span> <span class='ocrx_word' id='word_1_650' title='bbox 1238 1661 1359 1692; x_wconf 87' lang='lat' dir='ltr'>caduca</span> <span class='ocrx_word' id='word_1_651' title='bbox 1381 1661 1423 1693; x_wconf 89' lang='lat' dir='ltr'>sit</span> <span class='ocrx_word' id='word_1_652' title='bbox 1447 1661 1585 1692; x_wconf 87' lang='lat' dir='ltr'>hominis</span> <span class='ocrx_word' id='word_1_653' title='bbox 1607 1665 1732 1699; x_wconf 89' lang='lat' dir='ltr'>natura,</span> <span class='ocrx_word' id='word_1_654' title='bbox 1755 1665 1906 1692; x_wconf 88' lang='lat' dir='ltr'>aeternus</span> <span class='ocrx_word' id='word_1_655' title='bbox 1930 1664 2037 1692; x_wconf 88' lang='lat' dir='ltr'>tamen</span> <span class='ocrx_word' id='word_1_656' title='bbox 2060 1670 2118 1700; x_wconf 90' lang='lat' dir='ltr'>per</span> 
     </span>
     <span class='ocr_line' id='line_1_94' title="bbox 1144 1703 2118 1745; baseline -0.001 -10"><span class='ocrx_word' id='word_1_657' title='bbox 1144 1704 1279 1736; x_wconf 90' lang='lat' dir='ltr'>verbum</span> <span class='ocrx_word' id='word_1_658' title='bbox 1313 1704 1470 1744; x_wconf 82' lang='lat' dir='ltr'>efficitur,</span> <span class='ocrx_word' id='word_1_659' title='bbox 1505 1704 1582 1744; x_wconf 91' lang='lat' dir='ltr'>quia</span> <span class='ocrx_word' id='word_1_660' title='bbox 1616 1704 1788 1745; x_wconf 85' lang='lat' dir='ltr'>refingitur</span> <span class='ocrx_word' id='word_1_661' title='bbox 1818 1703 1851 1734; x_wconf 91' lang='lat' dir='ltr'>in</span> <span class='ocrx_word' id='word_1_662' title='bbox 1884 1713 1998 1735; x_wconf 90' lang='lat' dir='ltr'>novam</span> <span class='ocrx_word' id='word_1_663' title='bbox 2029 1712 2118 1734; x_wconf 87' lang='lat' dir='ltr'>crea—</span> 
     </span>
     <span class='ocr_line' id='line_1_95' title="bbox 1143 1751 1259 1778; baseline 0.009 -1"><span class='ocrx_word' id='word_1_664' title='bbox 1143 1751 1259 1778; x_wconf 90' lang='lat' dir='ltr'>turam.</span> 
     </span>
    </p>

    <p class='ocr_par' dir='ltr' id='par_1_11' title="bbox 1143 1788 2120 2685">
     <span class='ocr_line' id='line_1_96' title="bbox 1236 1788 2118 1829; baseline -0.002 -8"><span class='ocrx_word' id='word_1_665' title='bbox 1236 1789 1366 1821; x_wconf 79' lang='lat' dir='ltr'>Verbum</span> <span class='ocrx_word' id='word_1_666' title='bbox 1396 1789 1477 1829; x_wconf 80' lang='lat' dir='ltr'>quod</span> <span class='ocrx_word' id='word_1_667' title='bbox 1505 1790 1725 1821; x_wconf 75' lang='lat' dir='ltr'>annuntiatum</span> <span class='ocrx_word' id='word_1_668' title='bbox 1755 1791 1799 1820; x_wconf 72' lang='lat' dir='ltr'>est</span> <span class='ocrx_word' id='word_1_669' title='bbox 1826 1788 1919 1820; x_wconf 72' lang='lat' dir='ltr'>vobis.</span> <span class='ocrx_word' id='word_1_670' title='bbox 1969 1788 2118 1819; x_wconf 91' lang='lat' dir='ltr'>Primum</span> 
     </span>
     <span class='ocr_line' id='line_1_97' title="bbox 1143 1832 2118 1872; baseline -0.003 -8"><span class='ocrx_word' id='word_1_671' title='bbox 1143 1832 1304 1870; x_wconf 87' lang='lat' dir='ltr'>admonet,</span> <span class='ocrx_word' id='word_1_672' title='bbox 1329 1842 1430 1872; x_wconf 90' lang='lat' dir='ltr'>quum</span> <span class='ocrx_word' id='word_1_673' title='bbox 1454 1833 1546 1864; x_wconf 87' lang='lat' dir='ltr'>verbi</span> <span class='ocrx_word' id='word_1_674' title='bbox 1568 1833 1631 1864; x_wconf 92' lang='lat' dir='ltr'>Dei</span> <span class='ocrx_word' id='word_1_675' title='bbox 1654 1834 1690 1864; x_wconf 91' lang='lat' dir='ltr'>fit</span> <span class='ocrx_word' id='word_1_676' title='bbox 1714 1832 1845 1871; x_wconf 90' lang='lat' dir='ltr'>mentio,</span> <span class='ocrx_word' id='word_1_677' title='bbox 1868 1840 2035 1871; x_wconf 89' lang='lat' dir='ltr'>perperam</span> <span class='ocrx_word' id='word_1_678' title='bbox 2060 1840 2118 1862; x_wconf 85' lang='lat' dir='ltr'>nos</span> 
     </span>
     <span class='ocr_line' id='line_1_98' title="bbox 1143 1873 2118 1914; baseline -0.003 -7"><span class='ocrx_word' id='word_1_679' title='bbox 1143 1876 1261 1914; x_wconf 86' lang='lat' dir='ltr'>facere,</span> <span class='ocrx_word' id='word_1_680' title='bbox 1294 1876 1321 1906; x_wconf 88' lang='lat' dir='ltr'>si</span> <span class='ocrx_word' id='word_1_681' title='bbox 1352 1875 1434 1906; x_wconf 90' lang='lat' dir='ltr'>illud</span> <span class='ocrx_word' id='word_1_682' title='bbox 1464 1876 1498 1907; x_wconf 89' lang='lat' dir='ltr'>in</span> <span class='ocrx_word' id='word_1_683' title='bbox 1533 1885 1607 1907; x_wconf 88' lang='lat' dir='ltr'>aere</span> <span class='ocrx_word' id='word_1_684' title='bbox 1641 1880 1696 1907; x_wconf 88' lang='lat' dir='ltr'>aut</span> <span class='ocrx_word' id='word_1_685' title='bbox 1725 1875 1760 1906; x_wconf 91' lang='lat' dir='ltr'>in</span> <span class='ocrx_word' id='word_1_686' title='bbox 1791 1874 1876 1906; x_wconf 85' lang='lat' dir='ltr'>coelo</span> <span class='ocrx_word' id='word_1_687' title='bbox 1904 1884 1922 1905; x_wconf 88' lang='lat' dir='ltr'>a</span> <span class='ocrx_word' id='word_1_688' title='bbox 1951 1873 2042 1905; x_wconf 91' lang='lat' dir='ltr'>nobis</span> <span class='ocrx_word' id='word_1_689' title='bbox 2070 1883 2118 1904; x_wconf 91' lang='lat' dir='ltr'>re-</span> 
     </span>
     <span class='ocr_line' id='line_1_99' title="bbox 1143 1915 2120 1959; baseline -0.003 -10"><span class='ocrx_word' id='word_1_690' title='bbox 1143 1924 1268 1950; x_wconf 89' lang='lat' dir='ltr'>motum</span> <span class='ocrx_word' id='word_1_691' title='bbox 1292 1919 1530 1959; x_wconf 86' lang='lat' dir='ltr'>imaginamur:</span> <span class='ocrx_word' id='word_1_692' title='bbox 1562 1919 1678 1950; x_wconf 89' lang='lat' dir='ltr'>debere</span> <span class='ocrx_word' id='word_1_693' title='bbox 1701 1918 1788 1949; x_wconf 92' lang='lat' dir='ltr'>enim</span> <span class='ocrx_word' id='word_1_694' title='bbox 1812 1916 1945 1958; x_wconf 87' lang='lat' dir='ltr'>agnosci</span> <span class='ocrx_word' id='word_1_695' title='bbox 1968 1920 2003 1947; x_wconf 94' lang='lat' dir='ltr'>ut</span> <span class='ocrx_word' id='word_1_696' title='bbox 2027 1915 2120 1947; x_wconf 88' lang='lat' dir='ltr'>nobis</span> 
     </span>
     <span class='ocr_line' id='line_1_100' title="bbox 1144 1960 2119 2002; baseline -0.003 -10"><span class='ocrx_word' id='word_1_697' title='bbox 1144 1962 1341 2002; x_wconf 88' lang='lat' dir='ltr'>patefactum</span> <span class='ocrx_word' id='word_1_698' title='bbox 1372 1966 1423 1992; x_wconf 89' lang='lat' dir='ltr'>est</span> <span class='ocrx_word' id='word_1_699' title='bbox 1452 1971 1471 1992; x_wconf 89' lang='lat' dir='ltr'>a</span> <span class='ocrx_word' id='word_1_700' title='bbox 1493 1960 1645 1993; x_wconf 87' lang='lat' dir='ltr'>Domino.</span> <span class='ocrx_word' id='word_1_701' title='bbox 1690 1960 1778 1999; x_wconf 90' lang='lat' dir='ltr'>Quid</span> <span class='ocrx_word' id='word_1_702' title='bbox 1807 1964 1857 1992; x_wconf 90' lang='lat' dir='ltr'>est</span> <span class='ocrx_word' id='word_1_703' title='bbox 1884 1960 1983 2001; x_wconf 88' lang='lat' dir='ltr'>igitur</span> <span class='ocrx_word' id='word_1_704' title='bbox 2012 1967 2119 1990; x_wconf 88' lang='lat' dir='ltr'>sermo</span> 
     </span>
     <span class='ocr_line' id='line_1_101' title="bbox 1144 2001 2118 2044; baseline -0.003 -9"><span class='ocrx_word' id='word_1_705' title='bbox 1144 2004 1287 2043; x_wconf 90' lang='lat' dir='ltr'>Domini,</span> <span class='ocrx_word' id='word_1_706' title='bbox 1316 2004 1373 2044; x_wconf 91' lang='lat' dir='ltr'>qui</span> <span class='ocrx_word' id='word_1_707' title='bbox 1396 2014 1455 2036; x_wconf 88' lang='lat' dir='ltr'>nos</span> <span class='ocrx_word' id='word_1_708' title='bbox 1479 2003 1644 2037; x_wconf 83' lang='lat' dir='ltr'>vivificat?</span> <span class='ocrx_word' id='word_1_709' title='bbox 1690 2003 1814 2042; x_wconf 88' lang='lat' dir='ltr'>Nempe</span> <span class='ocrx_word' id='word_1_710' title='bbox 1837 2002 1901 2040; x_wconf 83' lang='lat' dir='ltr'>lex,</span> <span class='ocrx_word' id='word_1_711' title='bbox 1930 2001 2118 2042; x_wconf 88' lang='lat' dir='ltr'>prophetae,</span> 
     </span>
     <span class='ocr_line' id='line_1_102' title="bbox 1144 2045 2118 2088; baseline -0.003 -10"><span class='ocrx_word' id='word_1_712' title='bbox 1144 2047 1361 2088; x_wconf 89' lang='lat' dir='ltr'>evangelium.</span> <span class='ocrx_word' id='word_1_713' title='bbox 1408 2047 1512 2078; x_wconf 83' lang='lat' dir='ltr'>Extra</span> <span class='ocrx_word' id='word_1_714' title='bbox 1542 2047 1600 2079; x_wconf 88' lang='lat' dir='ltr'>hos</span> <span class='ocrx_word' id='word_1_715' title='bbox 1632 2046 1840 2079; x_wconf 89' lang='lat' dir='ltr'>revelationis</span> <span class='ocrx_word' id='word_1_716' title='bbox 1870 2045 1951 2076; x_wconf 89' lang='lat' dir='ltr'>fines</span> <span class='ocrx_word' id='word_1_717' title='bbox 1983 2045 2040 2085; x_wconf 91' lang='lat' dir='ltr'>qui</span> <span class='ocrx_word' id='word_1_718' title='bbox 2064 2054 2118 2076; x_wconf 92' lang='lat' dir='ltr'>va-</span> 
     </span>
     <span class='ocr_line' id='line_1_103' title="bbox 1143 2087 2118 2131; baseline -0.003 -10"><span class='ocrx_word' id='word_1_719' title='bbox 1143 2095 1277 2131; x_wconf 81' lang='lat' dir='ltr'>gantur,</span> <span class='ocrx_word' id='word_1_720' title='bbox 1312 2099 1369 2130; x_wconf 93' lang='lat' dir='ltr'>pro</span> <span class='ocrx_word' id='word_1_721' title='bbox 1399 2090 1498 2122; x_wconf 91' lang='lat' dir='ltr'>verbo</span> <span class='ocrx_word' id='word_1_722' title='bbox 1530 2090 1663 2121; x_wconf 91' lang='lat' dir='ltr'>Domini</span> <span class='ocrx_word' id='word_1_723' title='bbox 1697 2099 1762 2120; x_wconf 91' lang='lat' dir='ltr'>non</span> <span class='ocrx_word' id='word_1_724' title='bbox 1794 2088 1855 2119; x_wconf 87' lang='lat' dir='ltr'>nisi</span> <span class='ocrx_word' id='word_1_725' title='bbox 1887 2087 2027 2120; x_wconf 85' lang='lat' dir='ltr'>Satanae</span> <span class='ocrx_word' id='word_1_726' title='bbox 2058 2087 2118 2118; x_wconf 92' lang='lat' dir='ltr'>im-</span> 
     </span>
     <span class='ocr_line' id='line_1_104' title="bbox 1143 2130 2118 2173; baseline -0.004 -9"><span class='ocrx_word' id='word_1_727' title='bbox 1143 2138 1295 2173; x_wconf 89' lang='lat' dir='ltr'>posturas</span> <span class='ocrx_word' id='word_1_728' title='bbox 1332 2136 1364 2163; x_wconf 89' lang='lat' dir='ltr'>et</span> <span class='ocrx_word' id='word_1_729' title='bbox 1401 2143 1461 2164; x_wconf 90' lang='lat' dir='ltr'>sua</span> <span class='ocrx_word' id='word_1_730' title='bbox 1495 2132 1607 2164; x_wconf 91' lang='lat' dir='ltr'>deliria</span> <span class='ocrx_word' id='word_1_731' title='bbox 1641 2131 1894 2172; x_wconf 88' lang='lat' dir='ltr'>apprehendent.</span> <span class='ocrx_word' id='word_1_732' title='bbox 1950 2130 2047 2169; x_wconf 89' lang='lat' dir='ltr'>Quod</span> <span class='ocrx_word' id='word_1_733' title='bbox 2081 2140 2118 2161; x_wconf 89' lang='lat' dir='ltr'>eo</span> 
     </span>
     <span class='ocr_line' id='line_1_105' title="bbox 1145 2173 2117 2216; baseline -0.004 -9"><span class='ocrx_word' id='word_1_734' title='bbox 1145 2175 1332 2216; x_wconf 87' lang='lat' dir='ltr'>diligentius</span> <span class='ocrx_word' id='word_1_735' title='bbox 1362 2175 1543 2207; x_wconf 87' lang='lat' dir='ltr'>notandum</span> <span class='ocrx_word' id='word_1_736' title='bbox 1575 2180 1633 2213; x_wconf 89' lang='lat' dir='ltr'>est,</span> <span class='ocrx_word' id='word_1_737' title='bbox 1663 2175 1739 2215; x_wconf 90' lang='lat' dir='ltr'>quia</span> <span class='ocrx_word' id='word_1_738' title='bbox 1761 2174 1852 2213; x_wconf 91' lang='lat' dir='ltr'>impii</span> <span class='ocrx_word' id='word_1_739' title='bbox 1875 2177 1907 2205; x_wconf 86' lang='lat' dir='ltr'>et</span> <span class='ocrx_word' id='word_1_740' title='bbox 1929 2173 2117 2205; x_wconf 85' lang='lat' dir='ltr'>lucinianici</span> 
     </span>
     <span class='ocr_line' id='line_1_106' title="bbox 1144 2215 2116 2259; baseline -0.004 -9"><span class='ocrx_word' id='word_1_741' title='bbox 1144 2219 1289 2250; x_wconf 89' lang='lat' dir='ltr'>homines</span> <span class='ocrx_word' id='word_1_742' title='bbox 1313 2223 1418 2250; x_wconf 88' lang='lat' dir='ltr'>astute</span> <span class='ocrx_word' id='word_1_743' title='bbox 1441 2218 1660 2259; x_wconf 88' lang='lat' dir='ltr'>relinquentes</span> <span class='ocrx_word' id='word_1_744' title='bbox 1684 2217 1781 2249; x_wconf 89' lang='lat' dir='ltr'>verbo</span> <span class='ocrx_word' id='word_1_745' title='bbox 1804 2216 1867 2248; x_wconf 91' lang='lat' dir='ltr'>Dei</span> <span class='ocrx_word' id='word_1_746' title='bbox 1895 2226 1990 2248; x_wconf 90' lang='lat' dir='ltr'>suum</span> <span class='ocrx_word' id='word_1_747' title='bbox 2015 2215 2116 2246; x_wconf 88' lang='lat' dir='ltr'>hono-</span> 
     </span>
     <span class='ocr_line' id='line_1_107' title="bbox 1144 2260 2116 2301; baseline -0.004 -8"><span class='ocrx_word' id='word_1_748' title='bbox 1144 2273 1222 2299; x_wconf 85' lang='lat' dir='ltr'>rem,</span> <span class='ocrx_word' id='word_1_749' title='bbox 1246 2262 1369 2293; x_wconf 88' lang='lat' dir='ltr'>interea</span> <span class='ocrx_word' id='word_1_750' title='bbox 1392 2271 1451 2292; x_wconf 89' lang='lat' dir='ltr'>nos</span> <span class='ocrx_word' id='word_1_751' title='bbox 1474 2271 1492 2292; x_wconf 88' lang='lat' dir='ltr'>a</span> <span class='ocrx_word' id='word_1_752' title='bbox 1515 2261 1683 2301; x_wconf 87' lang='lat' dir='ltr'>scripturis</span> <span class='ocrx_word' id='word_1_753' title='bbox 1701 2260 1860 2291; x_wconf 85' lang='lat' dir='ltr'>abducere</span> <span class='ocrx_word' id='word_1_754' title='bbox 1878 2261 2054 2291; x_wconf 80' lang='lat' dir='ltr'>conantur:</span> <span class='ocrx_word' id='word_1_755' title='bbox 2079 2261 2116 2289; x_wconf 85' lang='lat' dir='ltr'>ut</span> 
     </span>
     <span class='ocr_line' id='line_1_108' title="bbox 1144 2301 2117 2345; baseline -0.004 -9"><span class='ocrx_word' id='word_1_756' title='bbox 1144 2305 1290 2345; x_wconf 88' lang='lat' dir='ltr'>impurus</span> <span class='ocrx_word' id='word_1_757' title='bbox 1314 2303 1369 2335; x_wconf 92' lang='lat' dir='ltr'>ille</span> <span class='ocrx_word' id='word_1_758' title='bbox 1392 2304 1481 2336; x_wconf 88' lang='lat' dir='ltr'>canis</span> <span class='ocrx_word' id='word_1_759' title='bbox 1502 2305 1657 2344; x_wconf 80' lang='lat' dir='ltr'>Agrippa,</span> <span class='ocrx_word' id='word_1_760' title='bbox 1681 2302 1757 2334; x_wconf 92' lang='lat' dir='ltr'>dum</span> <span class='ocrx_word' id='word_1_761' title='bbox 1781 2302 1871 2334; x_wconf 92' lang='lat' dir='ltr'>verbi</span> <span class='ocrx_word' id='word_1_762' title='bbox 1896 2302 1957 2333; x_wconf 93' lang='lat' dir='ltr'>Dei</span> <span class='ocrx_word' id='word_1_763' title='bbox 1981 2301 2117 2332; x_wconf 88' lang='lat' dir='ltr'>aeterni-</span> 
     </span>
     <span class='ocr_line' id='line_1_109' title="bbox 1144 2344 2116 2387; baseline -0.003 -9"><span class='ocrx_word' id='word_1_764' title='bbox 1144 2350 1244 2379; x_wconf 89' lang='lat' dir='ltr'>tatem</span> <span class='ocrx_word' id='word_1_765' title='bbox 1268 2347 1440 2387; x_wconf 85' lang='lat' dir='ltr'>magnifice</span> <span class='ocrx_word' id='word_1_766' title='bbox 1463 2347 1601 2385; x_wconf 86' lang='lat' dir='ltr'>extollit,</span> <span class='ocrx_word' id='word_1_767' title='bbox 1623 2345 1803 2378; x_wconf 86' lang='lat' dir='ltr'>scurriliter</span> <span class='ocrx_word' id='word_1_768' title='bbox 1824 2344 1931 2376; x_wconf 89' lang='lat' dir='ltr'>illudit</span> <span class='ocrx_word' id='word_1_769' title='bbox 1951 2344 2116 2384; x_wconf 90' lang='lat' dir='ltr'>prophetis</span> 
     </span>
     <span class='ocr_line' id='line_1_110' title="bbox 1144 2386 2115 2430; baseline -0.005 -8"><span class='ocrx_word' id='word_1_770' title='bbox 1144 2395 1176 2422; x_wconf 90' lang='lat' dir='ltr'>et</span> <span class='ocrx_word' id='word_1_771' title='bbox 1210 2390 1378 2430; x_wconf 85' lang='lat' dir='ltr'>apostolis,</span> <span class='ocrx_word' id='word_1_772' title='bbox 1412 2395 1510 2429; x_wconf 88' lang='lat' dir='ltr'>atque</span> <span class='ocrx_word' id='word_1_773' title='bbox 1544 2390 1589 2421; x_wconf 88' lang='lat' dir='ltr'>ita</span> <span class='ocrx_word' id='word_1_774' title='bbox 1621 2389 1749 2429; x_wconf 84' lang='lat' dir='ltr'>oblique</span> <span class='ocrx_word' id='word_1_775' title='bbox 1780 2388 1915 2419; x_wconf 90' lang='lat' dir='ltr'>verbum</span> <span class='ocrx_word' id='word_1_776' title='bbox 1946 2387 2007 2418; x_wconf 88' lang='lat' dir='ltr'>Dei</span> <span class='ocrx_word' id='word_1_777' title='bbox 2041 2386 2115 2418; x_wconf 93' lang='lat' dir='ltr'>sub-</span> 
     </span>
     <span class='ocr_line' id='line_1_111' title="bbox 1144 2429 2117 2473; baseline -0.004 -9"><span class='ocrx_word' id='word_1_778' title='bbox 1144 2438 1270 2464; x_wconf 86' lang='lat' dir='ltr'>sannat.</span> <span class='ocrx_word' id='word_1_779' title='bbox 1324 2433 1365 2463; x_wconf 92' lang='lat' dir='ltr'>In</span> <span class='ocrx_word' id='word_1_780' title='bbox 1394 2442 1538 2473; x_wconf 89' lang='lat' dir='ltr'>summa,</span> <span class='ocrx_word' id='word_1_781' title='bbox 1567 2430 1837 2472; x_wconf 88' lang='lat' dir='ltr'>quemadmodum</span> <span class='ocrx_word' id='word_1_782' title='bbox 1867 2431 1931 2461; x_wconf 90' lang='lat' dir='ltr'>iam</span> <span class='ocrx_word' id='word_1_783' title='bbox 1963 2429 2117 2461; x_wconf 88' lang='lat' dir='ltr'>admonui</span> 
     </span>
     <span class='ocr_line' id='line_1_112' title="bbox 1145 2473 2116 2514; baseline -0.004 -7"><span class='ocrx_word' id='word_1_784' title='bbox 1145 2487 1209 2508; x_wconf 91' lang='lat' dir='ltr'>non</span> <span class='ocrx_word' id='word_1_785' title='bbox 1240 2476 1308 2507; x_wconf 86' lang='lat' dir='ltr'>fieri</span> <span class='ocrx_word' id='word_1_786' title='bbox 1337 2475 1389 2507; x_wconf 89' lang='lat' dir='ltr'>hic</span> <span class='ocrx_word' id='word_1_787' title='bbox 1417 2475 1455 2506; x_wconf 91' lang='lat' dir='ltr'>de</span> <span class='ocrx_word' id='word_1_788' title='bbox 1479 2475 1578 2506; x_wconf 90' lang='lat' dir='ltr'>verbo</span> <span class='ocrx_word' id='word_1_789' title='bbox 1602 2474 1798 2505; x_wconf 89' lang='lat' dir='ltr'>mentionem</span> <span class='ocrx_word' id='word_1_790' title='bbox 1822 2473 1906 2514; x_wconf 91' lang='lat' dir='ltr'>quod</span> <span class='ocrx_word' id='word_1_791' title='bbox 1930 2474 1963 2504; x_wconf 94' lang='lat' dir='ltr'>in</span> <span class='ocrx_word' id='word_1_792' title='bbox 1987 2478 2116 2513; x_wconf 91' lang='lat' dir='ltr'>pectore</span> 
     </span>
     <span class='ocr_line' id='line_1_113' title="bbox 1146 2516 2113 2562; baseline -0.004 -12"><span class='ocrx_word' id='word_1_793' title='bbox 1146 2520 1206 2562; x_wconf 77' lang='lat' dir='ltr'>Dei</span> <span class='ocrx_word' id='word_1_794' title='bbox 1229 2519 1373 2551; x_wconf 89' lang='lat' dir='ltr'>clausum</span> <span class='ocrx_word' id='word_1_795' title='bbox 1398 2518 1506 2556; x_wconf 86' lang='lat' dir='ltr'>lateat,</span> <span class='ocrx_word' id='word_1_796' title='bbox 1530 2517 1584 2549; x_wconf 89' lang='lat' dir='ltr'>sed</span> <span class='ocrx_word' id='word_1_797' title='bbox 1609 2516 1694 2557; x_wconf 89' lang='lat' dir='ltr'>quod</span> <span class='ocrx_word' id='word_1_798' title='bbox 1713 2516 1752 2547; x_wconf 90' lang='lat' dir='ltr'>ab</span> <span class='ocrx_word' id='word_1_799' title='bbox 1769 2526 1823 2547; x_wconf 92' lang='lat' dir='ltr'>ore</span> <span class='ocrx_word' id='word_1_800' title='bbox 1840 2517 1908 2547; x_wconf 88' lang='lat' dir='ltr'>eius</span> <span class='ocrx_word' id='word_1_801' title='bbox 1925 2516 2113 2556; x_wconf 81' lang='lat' dir='ltr'>profectum,</span> 
     </span>
     <span class='ocr_line' id='line_1_114' title="bbox 1145 2553 2116 2596; baseline -0.004 -4"><span class='ocrx_word' id='word_1_802' title='bbox 1145 2553 1183 2593; x_wconf 53' lang='lat' dir='ltr'>a‘d</span> <span class='ocrx_word' id='word_1_803' title='bbox 1215 2572 1273 2593; x_wconf 89' lang='lat' dir='ltr'>nos</span> <span class='ocrx_word' id='word_1_804' title='bbox 1304 2561 1462 2592; x_wconf 87' lang='lat' dir='ltr'>manavit:</span> <span class='ocrx_word' id='word_1_805' title='bbox 1494 2561 1540 2592; x_wconf 88' lang='lat' dir='ltr'>ita</span> <span class='ocrx_word' id='word_1_806' title='bbox 1571 2570 1681 2591; x_wconf 87' lang='lat' dir='ltr'>rursus</span> <span class='ocrx_word' id='word_1_807' title='bbox 1712 2559 1896 2590; x_wconf 90' lang='lat' dir='ltr'>habendum</span> <span class='ocrx_word' id='word_1_808' title='bbox 1920 2563 1977 2596; x_wconf 85' lang='lat' dir='ltr'>est,</span> <span class='ocrx_word' id='word_1_809' title='bbox 2008 2557 2116 2589; x_wconf 90' lang='lat' dir='ltr'>Deum</span> 
     </span>
     <span class='ocr_line' id='line_1_115' title="bbox 1146 2601 2116 2645; baseline -0.005 -9"><span class='ocrx_word' id='word_1_810' title='bbox 1146 2615 1201 2645; x_wconf 90' lang='lat' dir='ltr'>per</span> <span class='ocrx_word' id='word_1_811' title='bbox 1232 2604 1392 2645; x_wconf 85' lang='lat' dir='ltr'>apostolos</span> <span class='ocrx_word' id='word_1_812' title='bbox 1416 2608 1448 2634; x_wconf 90' lang='lat' dir='ltr'>et</span> <span class='ocrx_word' id='word_1_813' title='bbox 1472 2603 1646 2643; x_wconf 88' lang='lat' dir='ltr'>prophetas</span> <span class='ocrx_word' id='word_1_814' title='bbox 1668 2602 1810 2633; x_wconf 88' lang='lat' dir='ltr'>voluisse</span> <span class='ocrx_word' id='word_1_815' title='bbox 1841 2602 1935 2633; x_wconf 88' lang='lat' dir='ltr'>nobis</span> <span class='ocrx_word' id='word_1_816' title='bbox 1958 2601 2052 2641; x_wconf 90' lang='lat' dir='ltr'>loqui,</span> <span class='ocrx_word' id='word_1_817' title='bbox 2083 2605 2116 2631; x_wconf 90' lang='lat' dir='ltr'>et</span> 
     </span>
     <span class='ocr_line' id='line_1_116' title="bbox 1145 2643 2116 2685; baseline -0.004 -7"><span class='ocrx_word' id='word_1_818' title='bbox 1145 2648 1274 2679; x_wconf 87' lang='lat' dir='ltr'>illorum</span> <span class='ocrx_word' id='word_1_819' title='bbox 1299 2657 1354 2678; x_wconf 90' lang='lat' dir='ltr'>ora</span> <span class='ocrx_word' id='word_1_820' title='bbox 1378 2657 1413 2678; x_wconf 91' lang='lat' dir='ltr'>os</span> <span class='ocrx_word' id='word_1_821' title='bbox 1437 2647 1532 2677; x_wconf 87' lang='lat' dir='ltr'>unius</span> <span class='ocrx_word' id='word_1_822' title='bbox 1552 2646 1613 2677; x_wconf 91' lang='lat' dir='ltr'>Dei</span> <span class='ocrx_word' id='word_1_823' title='bbox 1638 2655 1717 2677; x_wconf 88' lang='lat' dir='ltr'>esse.</span> <span class='ocrx_word' id='word_1_824' title='bbox 1768 2645 1894 2676; x_wconf 91' lang='lat' dir='ltr'>Deinde</span> <span class='ocrx_word' id='word_1_825' title='bbox 1917 2655 2012 2685; x_wconf 92' lang='lat' dir='ltr'>quum</span> <span class='ocrx_word' id='word_1_826' title='bbox 2039 2643 2116 2675; x_wconf 90' lang='lat' dir='ltr'>dicit</span> 
     </span>
    </p>
   </div>
   <div class='ocr_carea' id='block_1_8' title="bbox 1862 2704 1911 2730">
    <p class='ocr_par' dir='ltr' id='par_1_12' title="bbox 1862 2704 1911 2730">
     <span class='ocr_line' id='line_1_117' title="bbox 1862 2704 1911 2730; baseline 0.02 -1"><span class='ocrx_word' id='word_1_827' title='bbox 1862 2704 1911 2730; x_wconf 83' lang='lat'>15*</span> 
     </span>
    </p>
   </div>
  </div>
 </body>
</html>
