2513 3126
300 191 358 221 ΠΕ)

297 288 395 328 quirit
426 287 458 317 in
489 286 547 316 hac
579 289 676 324 parto,
708 281 782 321 quia
814 279 1012 319 simulatque
1043 288 1172 310 securos
1195 288 1264 310 esse

299 338 354 362 aut
379 329 527 360 remissos
544 326 628 356 videt
647 324 760 359 Satan,
785 327 949 353 momento
970 332 1026 353 nos
1043 320 1263 352 circumvenit.

300 373 447 412 Denique
477 368 682 401 contentione
706 373 737 397 ot
762 365 929 406 vigilantia
952 374 1032 404 opus
1055 370 1113 403 ost,
1137 364 1163 394 si
1188 363 1263 394 veli-

299 427 371 446 mus
406 421 611 454 perseverare
642 411 673 441 in
706 409 765 440 Dei
797 408 910 448 gratia.
965 408 1067 438 Porro
1102 406 1265 446 gratiae

300 458 441 493 nomine,
477 459 574 484 totam
606 458 748 484 nostram
782 451 980 482 vocationem
1012 448 1264 489 comprehendit.

300 502 335 530 Si
367 499 441 529 hinc
464 497 621 536 quispiam
645 495 772 534 inferat,
803 503 866 524 non
891 504 958 525 esse
982 493 1080 532 igitur
1103 492 1263 524 efficacem
1290 517 1291 529 ,

1290 531 1291 538 ¹
1318 532 1608 574 primogenituram
1632 542 1722 564 suam
1740 533 1876 570 fecisset,
1902 532 2122 564 benedictione
2139 532 2285 573 privatus

1290 577 1291 583 ¹
1319 577 1388 607 fuit.
1428 575 1561 606 Prosani
1585 585 1661 615 ergo
1685 580 1764 606 sunt
1786 575 1817 606 in
1842 575 1959 615 quibus
1979 575 2023 606 ita
2041 580 2155 616 regnat
2175 574 2286 606 muudi

301 543 360 572 Dei
394 541 544 581 gratiam,
578 539 637 569 nisi
673 548 730 568 nos
765 536 894 577 proprio
929 541 1013 566 motu
1047 544 1263 574 cooperemur,

298 583 449 615 frivolum
467 583 527 613 erit
544 586 782 622 argumentum.
819 578 947 610 Scimus
963 582 1083 618 quanta
1098 577 1140 608 sit
1155 577 1262 609 carnis

299 632 425 658 nostrae
456 625 602 666 pigritia:
636 623 798 654 continuis
828 622 936 662 itaque
968 620 1108 652 stimulis
1131 619 1264 660 indiget.
1291 645 1292 652 ,

398 679 496 709 quum
529 667 687 698 Dominus
723 664 880 696 monendo
915 670 945 695 et
976 662 1178 694 exhortando
1210 658 1292 704 nos}

1291 709 1292 720 ¹
1320 704 1426 743 dediti,
1461 703 1509 735 vel
1545 703 1616 734 aliis
1647 703 1765 735 delitiis
1800 704 1925 741 irretiti,
1958 703 2127 744 spirituale
2162 702 2285 734 Christi

299 670 321 697 ς

297 669 453 750 {miganiae
482 710 576 742 simul
601 710 697 740 etiam
727 707 823 739 corda
848 711 958 738 nostra
981 706 1078 738 afficit
1100 716 1139 736 ne
1165 715 1265 736 vanae

297 756 361 787 sint
385 753 634 788 exhortationes.
665 751 716 782 vel
740 751 809 782 sine
833 749 949 781 effectu
973 748 1130 780 diffluant.
1176 747 1264 788 Ergo

297 810 315 829 a
339 796 516 839 praeceptis
540 799 572 826 et
595 793 872 826 exhortationibus
896 791 1111 832 colligendum
1133 800 1195 821 non
1215 795 1265 822 est
1291 803 1292 806 ¹

299 841 375 881 quid
400 850 457 880 per
479 849 513 871 se
530 837 635 869 valeat
658 837 764 874 homo,
789 838 844 867 aut
867 845 949 875 quae
969 835 1011 866 sit
1029 833 1121 865 liberi
1139 832 1265 864 arbitrii

301 883 455 915 tacultas:
480 892 555 912 nam
575 883 662 912 certe
685 879 832 919 attentio,
852 888 946 918 quam
972 878 1024 908 hic
1040 875 1203 917 apostolus
1221 886 1266 906 re-

299 927 406 967 quirit,
431 925 549 956 donum
573 923 636 954 Dei
659 927 716 954 est.

388 968 435 999 Ne
471 977 533 1007 qua
566 966 671 998 radix.
727 965 799 997 Non
833 964 942 995 dubito
976 964 1051 1003 quin
1087 961 1126 992 ad
1162 961 1265 992 locum

298 1012 399 1043 Mosis
423 1010 613 1050 respexerit,
636 1009 691 1048 qui
715 1008 834 1049 legitur
852 1007 948 1038 Dent.
971 1007 1074 1046 capite
1091 1004 1141 1035 529.
1181 1003 1264 1034 Nam

298 1053 501 1095 promulgata
524 1053 595 1093 lege
612 1052 720 1083 Moses
742 1049 923 1082 cavendum
947 1059 1016 1081 esse
1035 1048 1126 1078 docet
1146 1056 1186 1077 ne
1203 1055 1266 1086 qua

299 1097 389 1128 radix
425 1096 464 1127 fel
496 1101 527 1127 et
558 1094 766 1136 absynthium
797 1093 983 1134 germinans
1006 1091 1038 1122 in
1063 1089 1179 1130 populo
1204 1089 1265 1120 Dei

297 1139 443 1180 pollulet.
494 1139 613 1170 Postea
647 1138 880 1177 interpretatur
910 1134 985 1175 quid
1015 1133 1073 1165 sibi
1105 1132 1192 1172 velit,
1226 1142 1265 1163 ne

299 1183 369 1223 quis
398 1182 520 1214 scilieet
542 1181 669 1212 animae
693 1190 770 1211 suae
795 1180 826 1209 in
852 1183 979 1219 peccato
1004 1175 1204 1213 benedicens,
1235 1178 1266 1205 et
1290 1199 1291 1204 ,

298 1224 571 1265 quemadmodum
593 1223 671 1255 ebrii
696 1223 783 1254 sitim
807 1231 896 1253 suam
921 1229 1036 1251 acuere
1056 1217 1169 1258 solent,
1193 1228 1263 1258 pra-

298 1278 373 1299 vam
402 1266 609 1308 cupiditatem
637 1267 777 1304 irritans,
807 1263 1007 1304 impunitatis
1030 1260 1179 1293 illecebra
1204 1260 1264 1292 Dei

299 1315 521 1350 contemptum
556 1309 694 1341 inducat.
748 1307 837 1339 Idem
873 1316 957 1337 nunc
987 1305 1054 1346 agit
1084 1303 1264 1344 apostolus:

299 1353 455 1395 praedicit
477 1352 561 1383 enim
585 1352 653 1383 sore
677 1356 713 1382 ut
736 1351 761 1382 si
786 1350 881 1381 talem
907 1348 1045 1380 radicem
1071 1346 1166 1378 altius
1186 1356 1266 1378 cres-

302 1406 374 1428 cere
397 1396 549 1433 sinamus,
580 1395 698 1426 multos
721 1396 907 1432 corrumpat
931 1401 967 1423 ac
991 1391 1155 1431 depravet.
1200 1388 1266 1420 Nec

300 1445 427 1470 tantum
461 1439 548 1470 iubet
582 1436 727 1478 singulos
757 1435 919 1467 eradicare
951 1445 991 1465 ex
1021 1432 1170 1465 cordibus
1199 1431 1266 1463 suis

300 1482 398 1513 talem
422 1487 555 1522 pestem,
579 1481 634 1512 sed
658 1479 805 1520 prohibet
829 1478 924 1509 etiam
950 1487 989 1508 ne
1005 1476 1166 1517 patiamur
1182 1475 1266 1505 inter

299 1535 358 1556 nos
382 1535 534 1557 creseere.
572 1523 659 1555 Fieri
683 1521 810 1562 quidem
836 1530 901 1551 non
926 1525 1026 1560 potest
1047 1519 1127 1559 quin
1144 1517 1266 1549 radices

300 1569 382 1600 istae
416 1568 569 1598 haereant
601 1567 631 1597 in
656 1565 788 1596 ecclesia
812 1564 892 1595 Dei:
928 1564 1001 1603 quia
1025 1562 1116 1593 bonis
1140 1570 1267 1601 semper

300 1611 395 1642 mixti
426 1613 502 1642 sunt
526 1609 712 1651 hypocritae
735 1613 767 1639 et
789 1607 894 1647 impii:
927 1606 983 1637 sed
1007 1605 1060 1637 ubi
1083 1605 1267 1644 erumpunt,

300 1655 438 1686 resecari
456 1654 581 1690 debent,
599 1663 639 1684 ne
655 1651 827 1683 crescendo
843 1650 1002 1682 suffocent
1014 1650 1134 1680 bonum
1147 1657 1267 1685 semen,

300 1696 555 1729 Amarulentiam
580 1696 670 1736 ponit
693 1705 750 1735 pro
773 1703 810 1726 eo
834 1694 920 1734 qnod
940 1693 1047 1725 Moses
1071 1691 1148 1723 dicit
1170 1689 1211 1721 fel
1235 1694 1269 1720 et

301 1740 527 1781 absynthium:
557 1739 611 1770 sed
636 1744 769 1778 uterque
793 1746 986 1768 venenosam
1011 1744 1047 1766 ac
1070 1733 1267 1765 mortiferam

300 1783 441 1814 radicem
466 1783 645 1823 exprimere
663 1781 775 1813 voluit.
813 1779 923 1819 Quum
948 1789 1024 1819 ergo
1049 1784 1113 1808 tam
1137 1774 1268 1807 exitiale
1294 1810 1295 1814 Ἰ

1295 1819 1297 1823 “
1322 1824 1432 1857 spectu
1463 1819 1628 1855 admoniti,
1658 1818 1755 1849 etiam
1786 1817 1927 1849 iacturae
1953 1824 2049 1856 quam
2081 1814 2291 1854 negligebant

1294 1859 1296 1896 l,
1322 1871 1418 1892 sensu
1458 1868 1642 1902 tangantur.

300 1826 341 1856 sit
365 1825 425 1857 hoc
444 1826 520 1857 mali
536 1835 648 1866 genus,
673 1835 709 1855 eo
727 1824 847 1855 acriore
864 1821 971 1854 studio
986 1830 1152 1853 occurrere
1169 1818 1268 1856 decet,

300 1879 340 1899 ne
364 1868 490 1909 longius
514 1874 626 1908 surgat
650 1867 700 1899 vel
724 1872 843 1906 serpat.

386 1912 436 1943 16.
462 1911 510 1943 Ne
532 1911 604 1951 quis
625 1912 775 1942 scortator
797 1909 842 1940 rel
855 1908 1020 1948 profanus.
1060 1906 1164 1939 Sicuti
1181 1904 1268 1945 prius

301 1954 340 1984 ad
371 1954 618 1986 sanctimoniam
649 1954 799 1984 hortatus
830 1958 886 1989 est,
918 1952 962 1981 ita
994 1957 1028 1981 ut
1058 1961 1075 1980 a
1099 1947 1268 1981 contrariis

304 1997 557 2036 inquinamentis
577 2002 712 2034 revocet,
738 1995 874 2035 speciem
893 2004 991 2025 unam
1009 1993 1116 2033 ponit:
1141 2002 1180 2023 ne
1198 1990 1269 2030 quis

303 2039 341 2069 sit
367 2045 532 2071 scortator.
578 2038 644 2071 Sed
668 2049 742 2069 mox
767 2038 806 2069 ad
831 2047 934 2078 genus
957 2037 1063 2076 ipsum
1088 2033 1268 2066 descendit:

302 2092 343 2112 ne
380 2082 450 2122 quis
484 2083 523 2113 sit
558 2082 720 2122 profanus.
778 2080 860 2111 Nam
895 2079 957 2110 hoe
991 2089 1107 2110 nomen
1142 2076 1269 2117 proprie

303 2125 534 2156 sanctimoniae
564 2125 747 2164 opponitur.
795 2123 833 2154 In
866 2123 951 2154 hunc
982 2122 1079 2153 finem
1107 2119 1269 2151 Dominus

304 2178 362 2198 nos
383 2174 475 2199 vocat
497 2172 533 2198 ut
556 2167 589 2197 in
612 2178 705 2198 suum
731 2165 919 2206 obsequium
944 2164 1133 2197 sanctificet.
1172 2162 1210 2193 Id
1234 2162 1270 2193 fit

303 2209 379 2241 dum
410 2210 531 2241 mundo
558 2210 790 2241 renuntiamus.

305 2252 453 2284 sordibus
476 2252 536 2284 sibi
561 2254 604 2282 ita
624 2252 726 2292 placet
747 2258 781 2283 ut
799 2252 832 2282 in
850 2262 903 2283 eas
920 2250 1057 2282 subinde
1074 2249 1268 2284 revolvatur,

303 2306 336 2326 se
366 2297 522 2336 profanat.

304 2339 374 2369 nire
403 2338 486 2376 licet,
517 2338 700 2378 quicunque
729 2348 789 2367 non
814 2337 895 2368 tanti
919 2337 1092 2368 aestimant
1117 2335 1176 2366 Dei
1200 2343 1270 2374 gra-

304 2382 396 2418 tiam,
435 2387 470 2412 ut
504 2381 543 2412 ad
578 2391 666 2420 eam,
705 2383 887 2419 contempto
922 2378 1055 2417 mundo,
1094 2377 1269 2418 adspirent.

304 2421 466 2463 Quoniam
491 2428 598 2454 autem
618 2422 718 2454 variis
741 2422 842 2453 modis
865 2423 1093 2461 profanescunt
1113 2419 1269 2455 homines,

304 2477 340 2498 eo
371 2467 473 2498 maior
502 2466 607 2497 danda
638 2471 687 2496 est
709 2475 806 2505 opera
829 2475 868 2495 ne
892 2464 1033 2496 Satanae
1056 2464 1139 2495 rima
1162 2464 1270 2503 pateat

304 2509 343 2541 ad
376 2520 434 2541 nos
461 2510 526 2540 suis
557 2507 748 2548 corruptelis
777 2507 1002 2547 inquinandos.
1048 2507 1092 2538 Et
1120 2503 1269 2546 quemad—

303 2552 433 2583 modum
469 2552 536 2582 sine
571 2551 810 2583 consecratione
842 2550 930 2581 nulla
960 2554 1008 2581 est
1038 2560 1117 2581 vera
1146 2546 1270 2588 religio,

304 2605 432 2634 semper
455 2595 487 2625 in
512 2595 626 2625 timore
643 2594 714 2631 Dei,
739 2593 981 2624 mortificatione
1001 2593 1118 2631 carnis,
1142 2596 1270 2630 totaque

304 2637 432 2677 pietatis
455 2638 683 2669 exercitatione
707 2634 936 2676 proficiendum
963 2639 1019 2667 est.
1058 2635 1140 2666 Nam
1161 2643 1269 2674 quem-

1043 183 1180 213 ltl’ls'lx
1207 181 1267 213 AD
1292 181 1414 212 111⁴]ssst
1425 183 1446 212 A
1456 181 1538 212 EOS

836 2208 991 2248 Quisquis
1015 2212 1124 2239 autem
1147 2206 1180 2237 in
1203 2204 1269 2236 suis
1297 2236 1298 2251 3

1323 2258 1389 2278 sam
1415 2257 1542 2286 passum
1567 2256 1645 2278 esse.

569 2295 773 2334 Quamquam
802 2294 995 2335 generaliter
1019 2292 1169 2333 profanos
1193 2290 1268 2322 defi·
1296 2301 1297 2339 ᾗ

2226 179 2286 210 180

1318 277 1489 309 admodum
1515 275 1641 315 profani
1662 286 1774 307 sumus
1799 275 1899 307 donec
1918 286 2104 316 separemur
2121 287 2139 307 a
2155 277 2285 318 mundo,

1319 322 1361 351 ita
1385 321 1409 351 si
1436 318 1634 350 revolvimur
1658 319 1689 350 in
1714 318 1826 350 mundi
1843 317 1964 358 sordes,
1989 330 2006 350 a
2024 319 2284 351 sanctificationis

1319 364 1423 404 gratia
1447 361 1662 393 desciscimus.

1410 404 1446 435 [st
1482 403 1583 435 Esau.
1639 404 1709 436 Hoc
1746 403 1928 444 exemplum
1970 404 2036 436 viee
2076 404 2285 444 expositionis

1320 459 1387 480 esso
1412 446 1502 478 nobis
1526 450 1639 486 potest,
1663 452 1819 487 quantum
1844 447 1883 478 ad
1909 447 2073 487 profani
2097 457 2212 478 nomen
2237 450 2284 478 at—

1319 493 1413 522 tinet:
1444 499 1517 520 nam
1541 499 1639 529 quum
1663 490 1750 521 Esau
1776 490 1876 530 pluris
1899 489 2041 521 edulium
2067 499 2166 520 unum
2190 500 2286 529 quam

1319 628 1408 650 amor
1432 628 1468 650 ac
1492 617 1664 658 praevalet,
1689 620 1724 648 ut
1746 618 1870 649 coelum
1895 617 2143 650 obliviscantur:
2173 623 2207 649 ut
2230 618 2285 658 qui

1319 661 1493 693 ambitione
1517 660 1650 701 abrepti,
1674 659 1791 692 addicti
1816 661 1968 701 pecuniae
1991 666 2022 692 et
2038 660 2168 698 divitiis,
2191 661 2286 700 gulae

1321 756 1455 787 regnum
1479 746 1564 777 inter
1587 755 1662 777 suas
1685 756 1778 777 curas
1798 746 1848 778 vel
1869 746 1955 778 nullo
1972 746 2023 778 vel
2042 751 2201 786 postremo
2217 745 2287 777 loco

1321 790 1450 822 habent.
1490 788 1704 829 Aptissimum
1729 799 1824 829 porro
1844 788 1903 821 hoc
1919 789 2104 829 exemplum
2122 792 2187 820 est:
2212 797 2286 819 nam

1320 843 1417 873 quum
1444 831 1604 863 Dominus
1639 832 1706 863 vim
1741 831 1870 870 amoris,
1904 842 1967 872 quo
2001 831 2153 872 populum
2189 840 2286 862 suum

1319 875 1540 916 prosequitur,
1578 874 1651 906 vult
1688 874 1885 915 exprimere,
1924 875 2155 915 primogenitos
2194 876 2287 905 vocat

1319 929 1430 950 omnes
1461 927 1541 957 quos
1570 918 1609 949 ad
1640 927 1728 958 spem
1758 918 1842 949 vitae
1873 921 2024 949 aeternae
2048 917 2184 949 vocavit.
2232 916 2286 947 In-

1320 960 1530 993 aestimabilis
1558 970 1634 992 sane
1666 960 1718 992 hie
1747 960 1849 991 honor
1879 964 1929 991 est
1950 970 2013 1001 quo
2036 970 2095 991 nos
2119 959 2285 1000 dignatur:

1319 1004 1358 1035 ad
1389 1014 1482 1044 quem
1514 1004 1540 1034 si
1563 1003 1769 1035 conferantur
1791 1013 1902 1034 omnes
1926 1002 2036 1034 mundi
2060 1013 2148 1043 opes,
2178 1002 2287 1033 omnia

1320 1046 1496 1083 commoda,
1514 1045 1662 1086 honores,
1679 1045 1817 1086 delitiae,
1834 1051 1865 1076 et
1882 1055 2088 1085 quaeeunque
2105 1044 2144 1076 ad
2162 1044 2285 1076 beatam

1320 1090 1419 1120 vitam
1455 1089 1617 1129 pertinere
1648 1088 1746 1129 vulgo
1779 1089 2023 1128 existimantur,
2058 1092 2154 1118 erunt
2184 1087 2287 1119 instar

1319 1132 1392 1163 vilis
1409 1131 1515 1163 edulii.
1554 1131 1648 1171 Quod
1667 1137 1774 1163 autem
1799 1141 1846 1169 ea,
1870 1142 1951 1171 quae
1975 1140 2074 1171 prope
2091 1129 2186 1161 nihili
2201 1135 2288 1168 sunt,

1318 1175 1474 1206 habemus
1491 1175 1523 1205 in
1543 1179 1634 1206 tanto
1657 1174 1768 1214 pretio,
1792 1174 1822 1205 id
1847 1174 1883 1205 fit
1906 1174 1981 1214 quia
2005 1182 2104 1213 prava
2126 1171 2287 1213 cupiditas

1318 1218 1410 1249 nobis
1427 1217 1616 1258 perstringit
1631 1216 1747 1257 oculos,
1765 1216 1908 1257 adeoque
1925 1227 1983 1248 nos
1999 1220 2160 1248 excaecat.
2196 1215 2284 1254 Ergo

1317 1261 1343 1292 si
1368 1261 1504 1292 velimus
1528 1260 1634 1291 locum
1656 1260 1688 1291 in
1707 1259 1770 1291 Dei
1795 1260 1976 1291 sanctuario
2001 1264 2120 1295 tenere,
2145 1260 2285 1290 contem-

1318 1314 1394 1335 nere
1418 1303 1579 1335 discamus
1603 1302 1757 1334 eiusmodi
1782 1302 1898 1341 edulia,
1930 1301 2046 1343 quibus
2070 1302 2214 1333 inescare
2239 1310 2287 1332 re-

1319 1347 1433 1387 probos
1456 1346 1538 1377 solet
1561 1345 1673 1378 Satan.

1407 1389 1455 1420 17.
1488 1390 1590 1429 Quum
1615 1389 1702 1420 vellet
1722 1388 1963 1420 benedictionem.
2009 1386 2108 1418 Initio
2131 1386 2289 1418 ludicrum

1320 1432 1458 1464 ducebat
1495 1432 1615 1463 factum
1654 1431 1751 1471 illud,
1789 1441 1851 1471 quo
1885 1429 2174 1470 primogenituram
2210 1439 2288 1460 ven-

1320 1475 1459 1512 diderat,
1494 1486 1530 1506 ac
1557 1476 1582 1506 si
1615 1475 1748 1514 puerilis
1776 1475 1887 1505 fuisset
1916 1474 2021 1504 lusus:
2056 1482 2127 1503 sero
2158 1471 2290 1502 tandem

1292 1513 1293 1529 ³
1320 1518 1395 1558 quid
1420 1518 1529 1549 damni
1553 1517 1679 1549 fecisset
1697 1518 1808 1553 sensit,
1832 1527 1930 1556 quum
1949 1515 2127 1547 benedictio
2144 1515 2175 1545 in
2193 1513 2289 1545 Iacob

1320 1571 1338 1591 a
1367 1567 1457 1600 patre
1489 1561 1645 1592 translata
1674 1560 1721 1591 illi
1755 1559 2002 1591 abiudicaretur.
2048 1557 2109 1594 Ita,
2141 1557 2195 1597 qui
2219 1556 2289 1587 ille-

1320 1604 1424 1635 cebris
1459 1605 1555 1635 huius
1590 1603 1702 1634 mundi
1735 1603 1820 1642 eapti
1850 1612 1884 1633 se
1914 1611 1932 1632 a
1963 1600 2034 1631 Deo
2065 1599 2224 1637 alienant,
2259 1604 2291 1630 et

1292 1658 1294 1684 ις
1321 1647 1456 1678 salutem
1491 1657 1582 1678 suam
1614 1647 1758 1678 vendunt
1792 1651 1828 1676 ut
1859 1655 1893 1675 se
1922 1643 2125 1684 ingurgitent
2152 1642 2290 1673 terrenis

1293 1696 1295 1708 s
1321 1689 1445 1727 eduliis,
1470 1700 1535 1721 non
1559 1695 1674 1729 putant
1697 1689 1756 1721 sibi
1780 1688 1956 1728 quidquam
1981 1686 2094 1726 perire,
2118 1686 2181 1716 imo
2198 1684 2288 1725 quasi

1321 1740 1398 1763 tune
1422 1733 1565 1764 maxime
1589 1733 1675 1764 beati
1699 1736 1816 1767 essent,
1841 1730 1902 1762 sibi
1926 1730 2053 1770 placent
2068 1739 2104 1760 ac
2121 1729 2290 1768 plaudunt.

1323 1775 1402 1806 Sero
1434 1776 1497 1807 illis
1522 1775 1681 1807 Dominus
1712 1776 1815 1814 aperit
1838 1773 1954 1810 oculos,
1986 1778 2021 1803 ut
2044 1771 2118 1802 mali
2143 1772 2192 1803 sui
2215 1781 2290 1803 con-

1699 1860 1864 1899 Quamdiu
1903 1858 2067 1890 famelicus
2105 1863 2154 1888 est
2191 1857 2288 1892 Esau.

1322 1904 1400 1934 nihil
1435 1912 1525 1936 curat
1556 1904 1618 1935 nisi
1642 1909 1678 1934 ut
1702 1908 1848 1934 ventrem
1873 1901 1989 1933 habeat
2014 1902 2092 1932 bene
2116 1900 2288 1931 refertum:

1322 1955 1410 1977 satur
1434 1948 1526 1985 ridet,
1551 1958 1587 1978 ac
1611 1948 1743 1977 fratrem
1763 1946 1816 1986 qui
1835 1955 1869 1976 se
1885 1943 1991 1976 edulio
2007 1947 2120 1983 sponte
2137 1941 2287 1983 privavit.

1295 1998 1296 2005 ¹
1322 1990 1445 2020 fatuum
1464 1989 1593 2021 iudicat.
1631 1989 1728 2025 Talis,
1753 1989 1894 2028 inquam,
1913 1992 1962 2018 est
1978 1986 2151 2026 impiorum
2168 1990 2289 2025 stupor,

1323 2033 1475 2072 quamdiu
1509 2033 1616 2073 pravis
1650 2031 1828 2063 desideriiis
1852 2034 2014 2069 aestuant,
2051 2028 2102 2059 vel
2133 2028 2288 2067 intempe-

1296 2083 1297 2092 ¹
1323 2082 1432 2107 ranter
1454 2086 1488 2107 se
1512 2075 1706 2116 demergunt
1729 2075 1759 2105 in
1784 2083 1872 2105 suam
1898 2073 2064 2104 laetitiam.
2110 2071 2188 2102 Post
2210 2075 2288 2100 tem-

1323 2128 1391 2158 pus,
1423 2118 1609 2159 intelligunt
1639 2128 1734 2158 quam
1765 2116 1894 2148 exitiale
1925 2115 1982 2146 sibi
2017 2114 2113 2145 fuerit
2135 2111 2290 2153 quidquid

1324 2167 1387 2192 tam
1420 2161 1513 2193 avide
1539 2160 1742 2202 expetebant.
1789 2158 1883 2198 Quod
1907 2157 1983 2189 dicit
2007 2156 2288 2197 reprobatum,

1323 2204 1454 2244 perinde
1478 2204 1566 2236 valet
1595 2213 1630 2234 ac
1658 2203 1684 2234 si
1708 2203 1840 2234 dixisset
1864 2201 2080 2241 repudiatum,
2113 2198 2163 2229 vel
2187 2197 2289 2237 repul-

1407 2289 1618 2321 Poenitentiae
1646 2289 1745 2320 locum
1771 2297 1831 2318 non
1855 2286 1979 2317 invenit.
2024 2284 2094 2316 Hoc
2118 2288 2175 2320 est,
2207 2281 2290 2313 nihil

1323 2334 1455 2372 profecit
1486 2332 1537 2364 vel
1567 2336 1780 2371 consequutus
1811 2336 1859 2360 est
1889 2339 1960 2360 sera
1990 2337 2047 2359 sua
2075 2325 2288 2367 poenitentia:

1323 2376 1381 2407 etsi
1412 2386 1484 2407 cum
1516 2375 1666 2416 lacrymis
1698 2377 1866 2414 quaereret
1897 2369 2160 2407 benedictionem,
2192 2377 2288 2408 quam

1322 2429 1379 2449 sua
1409 2418 1504 2459 culpa
1535 2418 1696 2449 amiserat.
1742 2415 1827 2454 Quia
1855 2418 1962 2446 autem
1994 2413 2142 2444 omnibus
2166 2411 2290 2452 gratiae

1323 2461 1386 2492 Dei
1398 2461 1674 2501 contemptoribus
1686 2458 1772 2489 idem
1787 2456 1965 2498 periculum
1981 2455 2162 2486 denuntiat:
2179 2453 2289 2494 quaeri

1323 2510 1427 2544 potest
1458 2514 1500 2535 an
1531 2504 1557 2535 si
1586 2501 1796 2541 contemptim
1819 2504 1947 2539 recepta
1972 2498 2068 2529 fuerit
2093 2497 2153 2529 Dei
2176 2496 2288 2537 gratia,

1296 2553 1356 2578 'et
1389 2546 1611 2587 posthabitum
1645 2543 1767 2576 mundo
1802 2543 1870 2574 eius
1905 2551 2055 2582 regnum,
2095 2539 2183 2572 nulla
2217 2548 2289 2587 spes

1296 2590 1298 2626 ξ
1324 2591 1436 2621 veniae
1468 2589 1616 2629 supersit.

1296 2627 1299 2663 i
1325 2632 1442 2664 talibus
1474 2631 1598 2672 negari:
1630 2629 1685 2661 sed
1716 2628 1881 2660 admoneri
1914 2632 1950 2658 ut
1980 2627 2038 2658 sibi
2068 2629 2218 2662 caveant,
2251 2633 2290 2654 ne

1662 2586 1864 2628 Respondeo,
1895 2595 1957 2616 non
1989 2583 2130 2625 praecise
2162 2590 2289 2614 veniam
