2513 3126
124 189 184 221 185

123 287 196 317 dam
221 291 366 327 saperet:
397 285 542 316 nondum
566 296 665 326 snpra
688 286 793 316 coelos
816 286 969 317 eveheret
993 285 1094 316 homi-

122 340 197 360 num
228 335 352 361 mentes
374 328 413 360 ad
438 328 612 368 perfectam
636 328 839 368 sapientiam.
886 328 1093 367 Quamquam
1120 334 1123 362 ῑ

122 373 208 403 enim
226 371 361 403 eandem
385 371 439 402 lex
463 370 641 402 doctrinam
664 371 863 403 continebat:
888 371 962 411 quia
985 375 1092 400 tamen

121 414 318 456 paedagogia
341 417 470 445 tantum
494 413 566 454 fuit,
594 414 744 454 perfectio
767 423 895 454 semper
918 413 964 443 illi
989 411 1093 444 detra·
1121 419 1123 436 ὲ

1121 485 1122 488 ,
1148 456 1263 488 blande
1287 468 1390 498 nuper
1406 457 1469 489 Dei
1488 457 1627 498 gratiam
1644 459 1827 498 proposuit:
1854 460 1897 490 ita
1912 461 2121 493 severitatem

1120 506 1122 534 ζ
1148 499 1334 531 denuntiat:
1357 511 1393 532 ac
1417 500 1545 532 videtur
1569 501 1652 533 hanc
1675 501 1870 532 sententiam
1895 507 2060 535 mutuatus
2082 515 2121 535 ex

1120 544 1121 553 ¹
1148 540 1279 573 Deutcr.
1297 543 1400 582 capite
1424 544 1454 574 4.
1494 543 1541 574 lta
1565 543 1715 575 videmus
1732 543 1838 575 Deum
1862 544 1943 576 nihil
1960 546 2121 584 omittere,

122 457 220 488 hitur.

205 499 256 531 26.
281 498 380 531 Cuius
401 509 459 530 voa·
479 501 605 531 terram.

119 543 255 574 eusserit
283 541 317 572 in
347 541 418 583 lege
449 541 650 582 publicanda,
680 541 793 581 probat
816 550 913 577 nunc,
945 540 1094 579 magnifi-

119 585 244 616 centius
273 585 379 625 ipsum
412 585 506 625 loqui,
538 585 613 625 quia
642 587 764 615 terram
793 582 890 614 simul
913 586 944 612 ct
967 582 1091 613 coelum

118 628 290 659 concutiat.
327 628 366 659 In
383 637 453 659 eam
477 638 546 659 rem
569 627 648 657 citat
668 625 890 657 testimonium
914 624 1093 664 prophetae

117 669 225 710 Hagai
256 669 298 711 (2,
331 670 373 709 7).
419 670 531 710 Neque
562 674 670 700 tamen
701 667 831 708 singula
859 667 959 699 verba
982 667 1092 704 refert,

118 712 173 744 sed
204 713 280 753 quia
303 714 460 753 propheta
482 711 726 742 concussionem
750 714 856 741 terrae
879 714 912 741 et
934 709 1016 741 coeli
1040 709 1091 740 fu-

117 761 223 786 turam
259 755 429 796 praedicit,
464 754 525 785 hoc
558 753 658 785 sumit
690 752 872 793 apostolus,
911 758 947 784 ut
980 752 1093 784 doceat

117 798 278 839 evangelii
313 808 421 830 vocem
455 806 520 827 non
551 797 584 827 in
615 800 703 827 terra
736 795 842 827 solum
873 800 1001 833 tonare,
1035 795 1092 827 sed

117 847 288 881 penetrare
317 849 416 879 supra
446 839 560 871 coelos.
606 839 709 870 Porro
740 837 806 870 illic
829 839 882 879 agi
905 838 944 869 de
967 838 1091 870 Christi

118 893 229 924 regno,
263 885 356 914 extra
385 882 637 914 controversiam
669 891 739 913 esse
771 880 881 913 debet:
916 891 991 912 nam
1015 891 1093 912 mox

118 927 151 957 in
174 930 327 957 contextu
351 925 511 965 sequitur;
535 924 753 956 Commovebo
777 934 889 956 omnes
912 927 1037 964 gentes,
1061 928 1093 956 et

118 969 225 1000 veniet
254 967 449 999 desiderium
481 970 673 999 cunctarum
704 967 863 1009 gentium,
896 972 928 998 et
950 966 1093 1006 implebo

119 1011 249 1042 domum
289 1011 385 1042 istam
425 1010 539 1051 gloria.
599 1010 699 1050 Atqui
740 1014 864 1042 certum
902 1014 951 1041 est
988 1020 1092 1050 neque

117 1058 232 1093 gentes
255 1063 365 1085 omnes
389 1053 539 1085 collectas
563 1053 663 1085 fuisse
686 1053 720 1084 in
744 1063 845 1084 unum
869 1062 997 1093 corpus,
1029 1053 1092 1083 nisi

117 1095 243 1128 Christi
267 1096 434 1136 auspiciis:
465 1105 525 1128 nec
551 1095 638 1127 aliud
660 1106 731 1128 esse
755 1095 948 1127 desiderium
972 1095 1005 1125 in
1030 1106 1092 1135 quo

116 1140 359 1179 acquiescamus
391 1150 504 1170 omnes
538 1149 634 1179 quam
669 1138 776 1179 ipsum
812 1138 996 1170 Christum:
1033 1148 1092 1169 nec

117 1181 274 1222 templum
310 1181 493 1214 Solomonis
527 1182 624 1213 fuisse
658 1182 762 1222 gloria
794 1185 994 1222 superatum,
1029 1181 1092 1212 nisi

116 1234 217 1264 quum
234 1224 302 1256 eius
319 1225 510 1265 magnitudo
533 1235 590 1264 per
613 1229 718 1256 totum
742 1225 854 1256 orbem
878 1224 997 1256 diffusa
1021 1225 1091 1256 fuit.

117 1267 228 1306 Quare
244 1272 369 1307 tempus
385 1267 511 1300 Christi
526 1267 637 1307 procul
651 1268 747 1299 dubio
765 1267 910 1308 designat
923 1266 1090 1307 propheta.

118 1309 211 1349 Quod
246 1311 273 1341 si
310 1311 477 1342 exoriente
512 1309 635 1342 Christi
670 1321 787 1351 reguo,
822 1320 887 1341 non
921 1310 1091 1341 inferiores

116 1355 246 1385 tantum
269 1353 383 1385 mundi
405 1359 513 1394 partes
536 1354 673 1391 concuti,
703 1353 760 1384 sed
784 1353 851 1384 vim
873 1353 942 1384 eius
964 1353 997 1384 in
1021 1363 1090 1385 coe-

116 1395 184 1427 lum
207 1406 308 1437 usque
331 1397 502 1436 pervenire
524 1396 680 1437 oportuit:
713 1396 829 1427 merito
853 1395 975 1436 colligit
1001 1407 1091 1436 apos-

114 1438 209 1476 tolus,
232 1438 454 1471 sublimiorem
469 1449 539 1471 esse
555 1439 717 1480 evangelii
737 1439 928 1477 doctrinam,
951 1444 984 1470 et
1006 1449 1090 1479 quae

116 1481 156 1513 ab
179 1481 330 1513 omnibus
353 1483 508 1514 creaturis
531 1482 651 1514 clarius
673 1482 878 1514 exaudienda
900 1482 952 1513 sit.

201 1524 251 1556 27.
274 1525 367 1557 Illud
396 1528 507 1564 autem,
537 1525 639 1557 adhue
664 1524 763 1557 semel.
809 1524 862 1556 Ad
887 1525 1020 1556 verbum
1044 1525 1090 1557 sic

115 1567 259 1608 quuitur
282 1568 455 1609 propheta:
485 1568 604 1600 Adhuc
631 1578 734 1600 unum
758 1568 931 1600 modicum.
977 1567 1088 1609 Signi-

113 1611 187 1642 ficat
210 1613 319 1642 autem
342 1621 407 1642 non
431 1611 618 1643 diuturnam
642 1611 709 1643 fore
732 1611 948 1643 calamitatem
967 1611 1088 1652 populi,

113 1654 191 1693 quin
225 1653 387 1686 Dominus
421 1660 596 1686 succurrat.
652 1654 718 1686 Sed
760 1654 926 1694 apostolus
960 1655 993 1685 in
1028 1654 1089 1686 hac

111 1706 189 1729 voce
223 1707 287 1728 non
318 1697 454 1729 insistit:
489 1701 617 1729 tantum
648 1708 687 1728 ex
717 1697 925 1729 concussione
952 1697 1032 1729 coeli
1056 1702 1089 1729 et

111 1743 218 1772 terrae
251 1740 351 1772 infert
385 1741 484 1772 totius
513 1741 628 1773 mundi
660 1745 784 1772 statum
815 1739 932 1772 debere
963 1740 1088 1772 Christi

111 1782 257 1815 adventu
272 1784 402 1815 mutari.
438 1784 522 1815 Nam
542 1794 624 1825 quae
647 1788 754 1816 creata
776 1785 862 1821 sunt,
886 1783 1088 1824 corruptioni

111 1825 287 1858 subiacent.
323 1827 370 1859 At
389 1826 511 1859 Christi
540 1837 677 1868 regnum
702 1833 869 1859 aeternum
893 1829 952 1858 est.
999 1826 1088 1869 Ergo

111 1872 277 1902 creaturas
312 1880 425 1902 omnes
454 1871 489 1902 in
516 1870 633 1902 melius
663 1869 832 1902 reformari
862 1879 995 1902 necesse
1026 1875 1085 1902 est.

641 498 750 538 Quum
767 498 858 530 Deus
875 502 995 529 terram
1019 507 1093 528 con-

111 1911 194 1943 Inde
224 1912 286 1945 sibi
316 1913 489 1945 transitum
519 1914 595 1945 facit
625 1913 664 1945 ad
696 1913 793 1945 aliam
817 1912 1087 1953 exhortationem,

111 1959 146 1986 ut
163 1965 298 1996 regnum
314 1955 596 1997 apprehendamus
613 1956 697 1997 quod
722 1956 851 1987 concuti
875 1966 940 1987 non
965 1960 1084 1996 potest:

111 1998 264 2037 quoniam
294 1998 365 2030 ideo
389 2009 447 2030 nos
469 2004 578 2031 movet
601 1999 772 2038 Dominus,
804 2005 838 2029 ut
862 2009 937 2030 vere
961 2003 993 2030 et
1015 2009 1084 2040 per-

109 2046 205 2080 petuo
236 2040 322 2081 apud
353 2052 386 2073 se
417 2042 568 2073 stabiliat.
614 2043 822 2082 Quamquam
854 2042 959 2083 magis
983 2043 1084 2082 probo

110 2083 271 2115 diversam
302 2084 471 2116 lectionem
502 2095 596 2125 quam
628 2092 720 2117 vetus
743 2086 904 2125 interpres
927 2084 1083 2116 reddidit:

111 2125 333 2166 Suscipientes
363 2137 508 2167 regnum,
542 2128 699 2160 habemus
729 2128 879 2169 gratiam.
930 2127 966 2159 Si
997 2128 1083 2159 affir-

109 2170 231 2201 mative
261 2170 357 2210 legas,
392 2180 507 2201 sensus
537 2171 657 2210 optime
680 2172 776 2202 fluet:
811 2182 879 2208 nos,
914 2171 991 2201 dum
1016 2181 1083 2202 am—

109 2212 280 2251 plectimur
313 2212 532 2253 evangelium,
570 2213 683 2245 donari
719 2214 839 2246 Christi
874 2214 1011 2254 spirim,
1047 2219 1083 2245 ut

109 2261 295 2287 reverenter
319 2261 348 2287 et
372 2257 422 2295 pie
445 2255 588 2287 colamus
610 2256 727 2288 Deum.
773 2257 811 2289 Si
836 2257 868 2287 in
892 2256 987 2288 modo
1013 2256 1083 2288 hor-

109 2299 198 2329 tandi
230 2298 334 2339 legas:
370 2299 573 2330 Habeamus:
608 2305 716 2331 coacta
740 2305 772 2331 et
794 2300 929 2331 obscura
952 2300 1014 2330 erit
1037 2300 1083 2331 Io—

109 2342 230 2380 quutio.
268 2341 308 2372 In
328 2352 455 2372 summa
479 2342 549 2383 hoc,
573 2352 643 2373 meo
666 2343 791 2381 iudicio,
817 2343 887 2374 vult
910 2342 1083 2382 apostolus,

108 2384 201 2415 modo
218 2384 280 2416 fide
299 2384 521 2425 ingrediamur
544 2386 577 2416 in
594 2384 719 2416 Christi
742 2395 888 2426 regnum,
912 2396 969 2416 nos
988 2386 1083 2417 firma

108 2427 212 2466 gratia
243 2427 412 2468 potituros,
446 2438 527 2468 quac
557 2438 614 2459 nos
645 2428 820 2460 efficaciter
850 2429 882 2459 in
908 2428 970 2458 Dei
993 2428 1083 2459 cultu

108 2469 264 2501 retineat:
294 2471 368 2510 quia
391 2471 485 2503 sicuti
510 2470 636 2502 Christi
659 2481 806 2511 regnum,
836 2471 881 2502 ita
905 2476 937 2502 et
961 2470 1082 2502 donum

108 2513 360 2552 regenerationis
398 2513 519 2544 mundo
557 2514 600 2544 sit
633 2514 791 2554 superius.
850 2513 959 2552 Quum
995 2513 1081 2550 dicit,

107 2555 167 2586 coli
188 2555 294 2586 Deum
318 2555 495 2597 εὐαρέστως
518 2568 590 2588 cum
616 2557 799 2588 reverentia
822 2562 854 2588 et
877 2557 1000 2593 timore,
1025 2558 1083 2588 etsi

102 2599 379 2637 promptitudinem
395 2601 421 2630 et
436 2600 589 2639 qaudium
609 2601 705 2640 exiyit
728 2600 762 2631 in
782 2600 899 2631 nostris
921 2600 1081 2639 obsequiis,

106 2641 202 2672 simul
230 2643 330 2672 tamen
361 2642 486 2673 nullum
517 2643 563 2674 illi
596 2644 722 2683 probari
754 2643 877 2674 cultum
907 2642 1080 2683 significat,

1002 189 1151 221 CAPUT
1174 188 1272 221 XIII.

2066 194 2125 225 136

1149 287 1210 317 nisi
1242 297 1315 318 cum
1344 286 1524 318 humilitate
1553 289 1585 317 ot
1615 287 1772 318 modestia.
1801 288 2018 320 coniunctum.
2072 290 2124 321 Ita

1149 328 1282 360 damnat
1315 333 1381 360 tam
1416 334 1656 370 praeposteram
1690 331 1795 362 carnis
1826 330 1988 372 fiduciam,
2026 342 2124 371 quam

1149 371 1315 412 desidiam,
1340 382 1421 412 quae
1446 372 1521 403 iude
1541 372 1631 413 gigni
1656 374 1749 404 solet.

1234 414 1285 446 28.
1317 414 1404 446 Deus
1433 415 1515 446 enim
1544 418 1647 446 noster
1680 416 1774 455 tynis.
1839 416 2121 455 Quemadmodum

1147 593 1208 622 quo
1238 595 1297 616 nos
1324 585 1365 616 ad
1389 597 1422 617 sc
1446 586 1571 618 trahat:
1604 587 1680 626 quia
1701 597 1723 618 a
1744 586 1902 618 dulcedine
1927 589 2051 627 quidem
2074 590 2120 621 in-

1146 627 1235 667 cipit,
1275 638 1332 667 quo
1368 628 1512 660 libentius
1548 639 1735 669 sequamur.-
1772 630 1854 670 quod
1887 630 1914 660 si
1951 631 2122 664 alliciendo

1146 678 1261 708 parum
1285 671 1423 710 proficit,
1455 677 1564 704 terret.
1610 673 1656 704 Et
1678 682 1757 704 sanc
1782 671 1921 713 expedit,
1953 684 2119 714 nunquam

1147 721 1165 742 a
1188 711 1257 743 Deo
1286 712 1378 744 nobis
1408 715 1554 753 promitti
1585 715 1733 756 gratiam,
1766 716 1845 756 quin
1869 716 1977 747 minae
2001 717 2120 748 admis-

1146 759 1289 786 ceantur.
1334 755 1417 786 Nam
1450 760 1499 797 (ut
1531 758 1669 789 nimium
1701 758 1740 789 ad
1767 757 2003 799 indulgendum
2028 760 2121 791 nobis

1146 797 1305 837 proclives
1328 799 1452 837 sumus)
1486 800 1547 831 nisi
1571 801 1605 831 hi
1628 801 1752 832 stimuli
1776 801 2038 842 admoverentur,
2067 802 2121 833 fri-

1146 844 1238 880 geret
1260 840 1347 880 apud
1370 851 1429 872 nos
1452 842 1561 873 mitior
1584 843 1740 875 doctrina.
1780 844 1868 885 Ergo
1888 844 2059 885 Dominus,
2084 850 2119 876 ut

1146 883 1336 914 timentibus
1366 894 1400 915 se
1427 884 1585 924 propitius
1615 892 1664 917 est
1694 897 1730 918 ac
1760 887 1944 919 misericors
1973 888 2006 919 in
2030 888 2120 919 mille

1145 926 1388 966 generationes:
1422 926 1468 958 ita
1502 927 1621 959 zelotes
1655 933 1704 960 est
1733 940 1769 961 ac
1799 930 1906 961 iustus
1935 929 2057 962 vindex
2087 931 2119 962 in

1146 969 1277 1000 tertiam
1301 971 1333 1000 et
1357 974 1506 1009 quartam
1531 971 1782 1011 generationem,
1812 973 1866 1004 ubi
1890 974 2118 1005 contemnitur.

1477 1116 1659 1155 CAPUT
1683 1116 1797 1157 XIII.

1235 1210 1262 1241 1.
1294 1208 1451 1241 Fraterna
1484 1210 1601 1241 caritas
1634 1212 1766 1241 maneat.

1146 1262 1182 1283 ne
1212 1252 1283 1283 sitis
1311 1253 1518 1284 immemores:
1546 1263 1606 1293 per
1634 1252 1713 1284 lianc
1741 1253 1822 1284 enim
1850 1254 1998 1293 quosdam
2027 1256 2119 1287 latuit

1144 1305 1240 1334 quum
1255 1295 1437 1334 recepissent
1451 1296 1582 1335 anqelos.
1618 1295 1647 1327 3.
1669 1295 1821 1327 Memores
1835 1299 1926 1328 estote
1941 1298 2118 1339 vinctorum,

1143 1341 1291 1378 tanquam
1314 1348 1378 1369 una
1400 1339 1512 1370 vincti:
1541 1348 1647 1370 eorum
1670 1339 1725 1379 qui
1747 1339 1941 1380 affliyuntur,
1971 1343 2118 1381 tanquam

1143 1381 1207 1420 ipsi
1229 1390 1347 1421 quoque
1368 1382 1440 1412 sitis
1463 1383 1496 1413 in
1512 1391 1646 1422 corpore.
1679 1382 1709 1413 4.
1726 1381 1915 1414 Honorabile
1929 1384 1963 1413 in
1979 1384 2119 1415 omnibus

1143 1424 1322 1464 coniuqium
1351 1426 1377 1455 et
1399 1424 1504 1456 thorus
1534 1425 1728 1464 impollutus:
1763 1428 1941 1457 scortatores
1970 1429 2072 1458 autem
2093 1430 2119 1458 et

1142 1467 1299 1498 adulteros
1322 1467 1472 1499 iudicabit
1487 1467 1585 1500 Deus.
1620 1468 1650 1499 5.
1676 1467 1747 1500 Sint
1765 1478 1864 1500 mores
1885 1469 1952 1500 siue
1971 1471 2117 1502 avaritia.

1144 1508 1282 1541 Contenti
1296 1510 1369 1542 sitis
1384 1511 1427 1542 iis
1444 1521 1522 1550 quae
1544 1511 1673 1542 adsunt:
1698 1511 1765 1552 ipse
1787 1512 1869 1543 enim
1891 1512 1981 1550 dixit,
2011 1523 2070 1545 non
2092 1516 2118 1544 te

1141 1552 1246 1584 desero
1275 1563 1372 1592 neque
1402 1556 1428 1585 te
1457 1553 1650 1594 derelinquo:
1694 1554 1723 1585 6.
1747 1556 1781 1585 ut
1806 1554 1935 1594 fidentes
1963 1556 2115 1596 dicamus,

1141 1595 1302 1669 quipus
1339 1596 1419 1627 milei
1455 1597 1597 1636 adiutor,
1634 1607 1728 1637 neque
1764 1597 1874 1628 timebo
1911 1599 1987 1637 quid
2018 1599 2118 1638 faciat

1141 1648 1219 1670 miti
1251 1649 1340 1670 tomo.

1823 1211 1852 1241 2.
1884 1211 2119 1251 Hospitalitatis

1228 1733 1255 1765 1.
1290 1732 1450 1766 Fraterna
1475 1734 1600 1767 caritas.
1654 1734 1703 1766 De
1732 1745 1836 1766 amore
1867 1735 2006 1774 fraterno
2038 1735 2116 1775 forte

1138 1775 1208 1807 ideo
1230 1777 1397 1817 praecipit,
1426 1778 1503 1818 quia
1532 1777 1661 1809 obscura
1688 1788 1726 1809 ex
1747 1777 1833 1818 fastu
1857 1777 2048 1810 Iudaeorum
2069 1779 2114 1810 si-

1138 1818 1254 1850 multas
1282 1820 1424 1852 ecclesias
1453 1821 1590 1853 scindere
1610 1823 1744 1860 poterat.
1792 1821 1987 1861 Quamquam
2009 1821 2044 1852 in
2063 1831 2114 1862 ye-

1137 1872 1209 1893 nere
1232 1862 1312 1894 haec
1335 1864 1518 1904 praeceptio
1537 1863 1632 1895 valde
1653 1868 1700 1895 est
1723 1864 1911 1901 necessaria,
1936 1864 2012 1904 quia
2033 1864 2116 1896 nihil

1138 1904 1264 1936 facilius
1288 1905 1407 1937 diffluit
1430 1917 1527 1948 quam
1550 1907 1683 1939 caritas:
1710 1906 1785 1938 dum
1802 1907 1862 1938 sibi
1881 1907 2019 1947 quisque
2043 1907 2117 1947 plus

1138 1958 1240 1988 aequo
1263 1948 1420 1988 addictus,
1444 1949 1516 1981 aliis
1539 1950 1646 1981 minus
1666 1949 1789 1981 tribuit.
1825 1948 1953 1981 Deinde
1969 1949 2115 1990 quotidie

1138 1991 1361 2023 interveniunt
1402 1993 1524 2024 multae
1561 1993 1701 2024 offensae
1741 2003 1823 2032 quae
1861 2003 1918 2024 nos
1952 1997 2113 2033 separent.

1137 2033 1332 2066 Fraternam
1367 2036 1521 2076 appellat,
1558 2047 1620 2067 uon
1656 2039 1781 2066 tantum
1817 2040 1854 2066 ut
1887 2035 2047 2076 singulari
2082 2040 2114 2067 et

1138 2077 1253 2108 intimo
1285 2080 1404 2110 amoris
1434 2079 1551 2111 affectu
1581 2078 1696 2109 debere
1724 2088 1783 2108 nos
1809 2082 1921 2109 mutuo
1945 2089 2014 2110 esse
2038 2089 2113 2110 con-

1138 2120 1263 2151 iunctos
1295 2121 1423 2153 doceat:
1459 2122 1514 2153 sed
1551 2123 1647 2153 etiam
1683 2126 1719 2152 ut
1753 2121 2013 2159 meminerimus,
2048 2131 2114 2152 non

1137 2162 1233 2194 aliter
1264 2174 1322 2195 nos
1345 2164 1551 2196 Christianos
1582 2174 1651 2195 esse
1682 2174 1775 2203 posse
1806 2174 1903 2204 quam
1936 2164 1963 2195 si
1995 2165 2112 2195 fratres

1137 2206 1247 2237 simus.
1305 2206 1389 2238 Nam
1425 2207 1464 2238 de
1500 2218 1607 2239 amore
1645 2206 1787 2246 loquitur
1824 2217 1919 2247 quem
1958 2207 2044 2237 inter
2078 2216 2112 2237 se

1137 2248 1241 2280 colere
1272 2250 1390 2281 debent
1420 2250 1586 2282 domestici
1616 2250 1704 2281 fidei:
1740 2249 2013 2290 quemadmodum
2043 2248 2111 2279 Dc-

1138 2292 1248 2323 minus
1272 2294 1437 2324 communi
1460 2293 1640 2333 adoptionis
1658 2293 1786 2324 vinculo
1803 2293 1924 2324 arctius
1946 2302 1999 2323 eos
2016 2291 2111 2323 simul

1136 2334 1295 2367 devinxit.
1346 2336 1460 2376 Itaque
1490 2336 1578 2367 utilis
1610 2336 1643 2366 in
1673 2335 1777 2375 prima
1808 2335 1943 2367 ecclesia
1972 2335 2034 2366 fuit
2064 2334 2110 2366 lo-

1136 2378 1256 2417 quendi
1279 2379 1487 2416 consuetude,
1511 2380 1596 2419 quod
1620 2388 1654 2409 se
1678 2377 1859 2410 Christiani
1884 2379 2000 2409 fratres
2023 2378 2110 2409 voci-

1136 2420 1264 2451 tabant:
1300 2433 1384 2454 nunc
1415 2433 1480 2453 una
1510 2432 1583 2454 cum
1614 2431 1648 2452 re
1677 2430 1795 2452 nomen
1826 2422 1932 2461 ipsum
1960 2421 2026 2452 fere
2055 2419 2110 2451 ob-

1134 2463 1262 2503 solevit,
1296 2465 1356 2496 nisi
1388 2465 1473 2505 quod
1506 2475 1596 2496 usum
1620 2464 1690 2495 eius
1713 2464 1752 2495 ab
1777 2464 1848 2494 aliis
1872 2463 2020 2495 relictum
2045 2473 2109 2493 mo-

1136 2507 1230 2537 nachi
1265 2507 1305 2538 ad
1339 2518 1371 2539 se
1407 2512 1600 2548 rapuerunt,
1633 2507 1701 2538 suis
1734 2507 1852 2538 interea
1886 2506 2054 2538 discordiis
2083 2508 2110 2536 et

1133 2550 1290 2581 intestinis
1326 2551 1513 2589 factionibus
1550 2552 1690 2581 testantes
1726 2559 1758 2581 se
1795 2559 1832 2581 ex
1861 2551 1954 2589 patre
1988 2548 2108 2580 diabolo

1134 2602 1239 2624 omnes
1260 2603 1323 2624 esse
1341 2596 1441 2624 natos.

1220 2645 1248 2675 2.
1276 2644 1518 2683 Hospitalitatis,
1549 2646 1599 2676 ete.
1646 2644 1718 2676 Hoc
1745 2653 1871 2685 quoque
1896 2642 2107 2676 humanitatis
