2513 3126
301 187 365 220 419
1137 182 1279 215 EPIST.
1303 182 1461 216 IAOOBI
2237 184 2301 216 420

304 283 410 324 prium
435 288 483 313 cst
505 281 628 321 erigere
652 279 801 316 abiectos,
826 288 863 310 ac
882 278 1068 319 praesertim
1087 277 1143 318 qui
1162 282 1275 317 sponte
1299 293 1302 315 ι

305 337 339 357 se
377 325 539 356 deiiciunt.
597 321 753 362 Quisquis
791 331 868 362 ergo
905 322 1032 352 firmam
1071 319 1274 352 altitudinem
1300 320 1302 359 ξ

305 367 441 408 appetit,
477 365 624 406 propriae
655 364 852 396 infirmitatis
882 374 978 395 sensu
1009 363 1161 400 deiectus,
1194 362 1274 394 nihil

306 411 344 441 de
367 420 401 441 se
425 409 487 439 nisi
511 407 633 438 humile
649 407 778 448 cogitet.
812 406 904 438 Bene
921 406 1038 438 alicubi
1055 405 1275 446 Augustinus:
1300 410 1301 432 ἰ

305 453 399 484 sicuti
423 451 578 488 arborem,
603 456 637 481 ut
657 460 786 481 sursum
810 452 943 486 crescat,
968 448 1144 489 profundas
1162 448 1276 480 subtus
1300 464 1302 497 ξ

305 495 429 526 radices
463 503 558 534 agere
595 498 735 533 oportet,
770 493 815 523 ita
845 492 989 532 quisquis
1018 492 1050 522 in
1081 490 1275 523 humilitatis

304 536 540 612 gd‘i'ffimfixum
571 536 716 567 animum
745 545 809 567 non
840 534 946 573 habet,
977 535 1009 565 in
1034 534 1161 565 ruinam
1184 544 1275 565 suam

392 664 441 696 11.
472 664 521 696 Ne
547 663 720 696 detrahatis
742 663 888 695 ὀπυόεεηιε
914 662 1031 702 fratres
1063 662 1118 702 qui
1147 661 1279 694 detrahit

303 708 408 748 fratri,
432 711 486 739 aut
501 707 618 739 iudicat
633 707 763 745 fratrem
779 716 880 746 suum,
903 705 1034 737 detrahit
1052 705 1122 746 leyi,
1145 707 1171 736 et
1193 704 1277 736 iudi-

304 754 352 782 cat
367 750 477 792 leyem:
498 751 527 782 si
544 753 646 780 autem
664 749 787 780 iudicas
809 748 912 789 leyem,
934 758 996 780 non
1017 758 1050 780 es
1071 749 1169 788 factor
1191 746 1277 788 leqis,

304 793 358 825 sed
386 793 488 825 iudex.
544 792 592 824 12.
631 792 719 824 Unus
747 794 790 823 est
819 791 984 832 leyislator,
1013 791 1068 832 qui
1091 793 1189 830 potest
1217 800 1277 822 ser-

304 846 379 868 vare
401 838 427 867 et
444 835 584 876 perdere,
607 838 640 867 tu
662 835 734 875 quis
754 844 786 866 es
807 835 862 875 qui
884 834 1009 866 iudicas
1031 832 1188 865 alterum?

392 921 440 953 11.
474 921 523 952 Ne
550 920 731 952 detrahatis.
783 919 943 951 Videmus
972 924 1130 960 quantum
1162 928 1278 959 operae

305 965 448 996 insumat
472 964 606 995 Iacobus
636 964 669 994 in
702 962 896 1004 corrigenda
922 961 1114 1002 obloquendi
1138 961 1277 993 libidine.

304 1007 443 1047 Semper
473 1007 557 1038 enim
588 1006 728 1047 superba
759 1011 808 1038 est
838 1005 1035 1046 hypocrisis:
1063 1009 1159 1045 atque
1182 1014 1201 1035 a
1223 1014 1278 1035 na-

304 1053 378 1081 tura
393 1060 504 1081 sumus
524 1049 724 1090 hypocritae,
748 1059 812 1080 non
832 1050 903 1080 sine
926 1048 1060 1079 aliorum
1084 1047 1278 1079 contumelia

303 1092 418 1133 cupide
448 1103 505 1124 nos
535 1092 718 1124 efferentes.
763 1091 858 1123 Alter
890 1091 986 1123 etiam
1019 1090 1162 1121 humano
1189 1090 1278 1131 inge-

302 1135 358 1167 nio
387 1136 552 1176 ingenitus
583 1141 632 1166 est
655 1134 796 1175 morbus,
827 1139 863 1165 ut
887 1133 965 1165 velit
987 1133 1125 1173 quisque
1148 1142 1205 1164 suo
1227 1142 1276 1163 ar-

304 1178 400 1209 bitrio
429 1177 508 1210 alios
538 1187 651 1209 omnes
683 1177 802 1209 vivere.
847 1176 944 1208 Hanc
967 1176 1183 1207 temeritatem
1207 1185 1278 1216 pro-

302 1222 372 1262 prie
395 1221 535 1262 castigat
558 1220 694 1252 Iacobus
719 1220 780 1252 hoc
803 1220 882 1258 loco,
909 1219 991 1259 quod
1016 1218 1148 1250 vivendi
1172 1218 1275 1259 legem

302 1264 460 1296 fratribus
504 1264 626 1295 nostris
664 1263 820 1295 audemus
858 1263 1034 1302 imponere.
1098 1260 1275 1293 Detrac-

304 1308 458 1338 tionem
493 1317 570 1348 ergo
604 1306 718 1346 accipit
751 1315 810 1346 pro
844 1305 1015 1336 calumniis
1045 1305 1205 1343 omnibus,
1237 1304 1276 1336 si-

303 1350 480 1390 nistrisque
509 1350 713 1381 sermonibus
742 1349 796 1388 qui
826 1359 867 1380 ex
897 1347 1040 1387 maligno
1069 1352 1101 1378 et
1124 1357 1276 1387 perverso

303 1392 423 1424 iudicio
438 1399 582 1423 manant.
619 1392 702 1423 Late
719 1394 808 1431 patet
823 1390 1017 1431 obloquendi
1041 1390 1172 1421 malum.
1211 1389 1275 1422 Sed

303 1434 356 1466 hic
378 1436 414 1466 in
445 1445 511 1466 una
538 1435 593 1466 illa
615 1435 730 1475 specie,
754 1444 852 1474 quam
877 1433 953 1470 dixi,
985 1433 1114 1473 proprie
1137 1432 1276 1464 insistit:

303 1488 421 1518 nempe
445 1478 522 1509 dum
542 1477 747 1518 superciliose
770 1477 942 1508 statuimus
966 1476 1005 1507 de
1027 1476 1164 1507 aliorum
1183 1475 1275 1507 factis

303 1532 341 1553 ac
358 1521 460 1557 dictis,
484 1530 521 1553 ac
537 1521 564 1552 si
588 1527 698 1551 nostra
721 1520 893 1551 morositas
916 1519 980 1550 illis
1003 1529 1061 1560 pro
1084 1519 1154 1560 lege
1178 1522 1274 1550 esset:

303 1564 380 1595 dum
411 1574 524 1596 secure
547 1563 738 1594 damnamus
761 1562 916 1603 quidquid
941 1562 1032 1594 nobis
1056 1572 1122 1593 non
1145 1561 1275 1593 arridet.

302 1607 415 1638 Talem
439 1606 667 1638 confidentiam
692 1605 745 1638 hic
769 1605 954 1646 perstringi,
984 1615 1025 1637 ex
1053 1605 1178 1637 ratione
1199 1615 1276 1636 mox

303 1649 413 1681 addita
436 1654 535 1689 patet.

391 1692 453 1732 Qui
474 1691 607 1724 detrahit
627 1692 733 1732 fratri.
779 1690 951 1732 Significat
975 1691 1106 1722 tandem
1130 1690 1276 1731 derogari

302 1735 375 1776 legi,
400 1742 557 1775 quantum
581 1735 640 1766 sibi
665 1735 799 1775 quisque
821 1735 855 1765 in
880 1734 996 1766 fratres
1020 1739 1165 1774 usurpat.
1210 1733 1275 1765 De-

301 1778 420 1810 tractio
439 1778 540 1818 igitur
562 1777 719 1809 adversus
742 1777 846 1818 legem
870 1778 1070 1809 reverentiae
1094 1776 1275 1817 opponitur,

303 1831 400 1861 quam
426 1820 472 1852 illi
496 1820 613 1852 deferri
638 1831 657 1852 a
681 1821 776 1851 nobis
799 1820 940 1852 decebat.
979 1820 1069 1851 Idem
1093 1820 1161 1850 fere
1183 1829 1276 1860 argu-

304 1869 448 1895 mentum
487 1869 604 1895 tractat
641 1863 765 1895 Paulus
803 1862 843 1894 ad
881 1863 1045 1894 Romanos
1082 1862 1186 1903 capite
1221 1862 1276 1893 14:

305 1907 434 1938 tametsi
458 1906 520 1937 alia
543 1907 709 1938 occasione
731 1905 895 1938 inductus.
940 1905 1022 1937 Nam
1046 1915 1146 1946 quum
1166 1915 1276 1945 super-

305 1949 393 1980 stitio
428 1950 461 1980 in
495 1949 639 1980 ciborum
675 1948 801 1980 delectu
829 1948 984 1989 quosdam
1016 1953 1155 1979 teneret:
1191 1947 1277 1988 quod

306 1991 445 2023 sibinen
463 1992 623 2032 putabant
639 2002 708 2024 esse
731 1991 864 2029 licitum,
888 1992 922 2023 in
944 1991 1016 2023 aliis
1039 2001 1164 2031 quoque
1187 1990 1276 2022 dam-

305 2033 437 2065 nabant.
483 2034 554 2066 Illic
578 2045 655 2075 ergo
679 2034 841 2073 admonet,
873 2045 973 2066 unum
1004 2044 1076 2066 esse
1099 2033 1276 2065 Dominum

306 2076 399 2109 cuius
415 2077 546 2108 arbitrio
563 2084 685 2109 stamus
709 2088 745 2108 ac
768 2078 913 2109 cadimus
935 2087 1046 2108 omnes
1070 2083 1102 2108 et
1125 2077 1164 2108 ad
1188 2077 1278 2107 cuius

307 2119 448 2150 tribunal
482 2130 592 2151 sumus
629 2130 741 2151 omnes
775 2120 920 2151 sistendi.
976 2119 1071 2152 Unde
1105 2119 1276 2156 concludit,

307 2172 391 2202 eum,
425 2162 479 2202 qui
503 2162 620 2193 fratres
651 2162 772 2194 iudicat
802 2173 841 2193 ex
870 2173 928 2194 suo
959 2173 1066 2200 sensu,
1101 2162 1184 2203 quod
1216 2161 1277 2193 Dei

306 2204 473 2245 proprium
504 2211 552 2236 est
582 2204 643 2236 sibi
671 2215 833 2246 arrogare.
878 2205 1014 2237 Iacobus
1038 2211 1145 2237 autem
1169 2215 1276 2245 repre-

306 2247 420 2278 hendit
449 2257 502 2278 eos
533 2248 587 2288 qui
618 2247 811 2279 damnandis
838 2248 992 2279 fratribus
1015 2248 1134 2279 famam
1158 2248 1277 2280 sancti-

306 2290 383 2322 tatis
411 2293 553 2330 captant.
598 2290 741 2330 Ideoque
769 2300 861 2321 suam
890 2291 1109 2322 morositatem
1133 2294 1279 2323 statuunt

307 2333 436 2365 divinae
470 2333 551 2374 legis
581 2332 659 2365 loco.
705 2333 829 2364 Eadem
860 2338 969 2364 tamen
1000 2334 1122 2365 ratione
1155 2337 1278 2375 pugnat

306 2386 368 2416 qua
391 2375 523 2414 Paulus,
555 2385 672 2416 nempe
695 2381 814 2407 temere
839 2386 896 2407 nos
917 2376 1032 2415 facere,
1055 2376 1081 2408 si
1104 2376 1196 2409 nobis
1217 2377 1277 2407 im-

306 2419 432 2458 perium
456 2419 489 2449 in
514 2419 652 2450 fratrum
677 2419 776 2450 vitam
801 2419 983 2458 arripimus,
1014 2429 1114 2459 quum
1138 2419 1193 2451 lex
1215 2418 1277 2450 Dei

307 2471 366 2492 nos
397 2471 510 2493 omnes
541 2461 610 2493 sinc
641 2461 828 2502 exceptione
857 2462 889 2492 in
915 2461 1053 2493 eundem
1077 2467 1169 2503 cogat
1192 2461 1276 2493 ordi-

307 2514 392 2535 nem.
443 2503 608 2536 Docemur
638 2515 725 2545 ergo,
759 2514 826 2536 non
857 2514 926 2536 esse
956 2505 1017 2536 nisi
1045 2515 1085 2536 ex
1115 2505 1186 2546 lege
1215 2504 1278 2536 Dei

304 2546 527 2578 iudicandum.

393 2589 468 2620 ,Non
483 2599 514 2620 es
528 2590 629 2629 factor
645 2589 731 2630 leyz's,
754 2590 808 2622 sed
823 2589 928 2621 iudeae.
967 2589 1022 2622 Sic
1044 2590 1162 2623 resolvi
1185 2589 1279 2622 debet

306 2632 425 2670 oratio,
462 2631 572 2671 Quum
608 2633 787 2664 censoriam
821 2632 879 2664 tibi
910 2638 1101 2673 potestatem
1135 2633 1278 2666 vindices

1328 288 1426 318 supra
1451 278 1553 318 legem
1571 275 1643 316 Dei,
1667 276 1730 306 iam
1754 276 1870 307 eximis
1894 281 1925 307 te
1948 286 1966 307 a
1989 276 2069 318 legis
2092 277 2299 310 subiectione.

1328 321 1417 361 Ergo
1451 321 1502 360 qui
1536 319 1667 350 fratrem
1699 323 1819 350 temere
1849 319 1978 356 iudicat,
2014 319 2143 351 excudit
2166 319 2227 351 Dei
2251 321 2299 352 iu-

1328 373 1421 404 gum:
1453 363 1525 402 quia
1555 361 1720 392 communi
1752 361 1880 393 vivendi
1910 362 2041 402 regulae
2067 372 2101 393 se
2132 373 2196 393 non
2226 362 2299 394 sub-

1329 406 1438 437 mittit.
1486 405 1544 435 Est
1576 405 1675 444 igitur
1706 409 1935 444 argumentum
1965 414 1984 436 a
2006 405 2191 437 contrariis:
2224 406 2301 445 quia

1329 448 1408 489 legis
1443 447 1624 479 observatio
1659 446 1798 478 multum
1832 447 1872 478 ab
1901 446 1961 478 hac
1992 449 2177 488 arrogantia
2208 448 2300 479 dissi-

1329 491 1412 528 deat,
1440 500 1536 530 quum
1555 489 1700 521 homines
1723 489 1840 521 stultae
1863 499 1941 521 suae
1964 490 2107 530 opinioni
2131 490 2210 531 legis
2235 491 2300 522 vim

1329 544 1365 565 ac
1397 533 1600 565 autoritatem
1633 532 1789 564 tribuunt.
1835 531 1930 564 Unde
1957 534 2113 573 sequitur,
2144 539 2221 565 tunc
2245 543 2302 566 nos

1329 577 1431 618 legem
1466 575 1636 607 observare
1673 585 1770 617 quum
1805 575 1862 606 toti
1896 585 1915 606 a
1947 575 2017 607 sola
2050 576 2117 608 eius
2151 576 2298 608 doctrina

1301 621 1303 627 ’
1330 619 1517 661 pendemus,
1550 627 1608 649 nec
1631 617 1762 649 aliunde
1785 617 1998 649 discernimus
2020 619 2106 650 inter
2130 618 2245 650 bonum
2269 624 2301 651 et

1330 662 1461 698 malum,
1492 660 1587 693 sicuti
1611 661 1707 692 etiam
1731 661 1840 692 omnia
1863 660 2032 692 hominum
2056 662 2138 693 facta
2161 666 2192 693 et
2216 661 2302 694 dicta

1330 705 1417 745 exigi
1431 704 1557 735 debent.
1577 702 1614 735 Si
1627 703 1699 743 quis
1711 703 1849 742 obiiciat,
1861 709 1988 736 sanctos
1996 709 2105 735 tamen
2114 705 2180 735 fore
2190 704 2301 736 mundi

1330 748 1465 779 iudices:
1496 746 1601 778 facilis
1624 752 1672 777 est
1695 746 1870 786 responsio,
1894 757 1958 778 non
1981 749 2165 787 competere
2189 747 2222 778 in
2245 756 2301 779 eos

1330 789 1486 822 eiusmodi
1517 789 1672 821 honorem
1701 789 1829 829 proprio
1852 790 1936 820 iure:
1966 789 2023 821 sed
2047 794 2205 830 quatenus
2226 794 2303 822 sunt

1330 833 1454 865 Christi
1470 831 1624 863 membra.
1662 830 1758 870 Quod
1777 836 1886 863 autem
1910 841 1997 863 nunc
2019 831 2166 864 iudicant
2187 842 2302 864 secun-

1331 877 1406 907 dum
1441 875 1555 916 legem,
1590 875 1623 906 in
1658 885 1694 906 eo
1729 884 1793 906 non
1824 880 1900 906 sunt
1930 875 2136 907 existimandi
2165 874 2301 907 iudices:

1330 919 1404 960 quia
1427 918 1496 950 Deo
1527 923 1656 949 tantum
1683 927 1741 949 suo
1771 921 1803 949 et
1832 918 1975 949 omnium
1999 918 2095 950 iudici
2117 917 2304 950 obedienter

1330 961 1547 994 subscribunt.
1592 960 1760 1000 Quantum
1785 960 1824 992 ad
1850 960 1956 991 Deum
1979 965 2112 1001 spectat,
2135 961 2217 1001 legis
2236 961 2301 992 fac-

1331 1010 1382 1036 tor
1411 1003 1534 1036 censeri
1565 1014 1630 1035 non
1661 1003 1770 1034 debet:
1805 1004 1956 1044 quoniam
1987 1003 2056 1034 eius
2086 1004 2209 1035 iustitia
2232 1004 2302 1045 lege

1330 1053 1379 1079 est
1410 1047 1566 1087 superior.
1610 1046 1701 1078 Fluit
1724 1046 1810 1077 enim
1834 1046 1887 1077 lex
1911 1056 1953 1077 ex
1977 1053 2108 1078 aeterna
2129 1046 2303 1078 immensa-

1331 1101 1392 1132 que
1416 1090 1477 1121 Dei
1500 1089 1636 1128 iustitia,
1656 1092 1811 1129 tanquam
1835 1099 1876 1120 ex
1899 1087 1990 1120 fonte
2013 1089 2149 1121 rivulus.

1416 1133 1465 1165 12.
1497 1131 1584 1164 Unus
1613 1131 1779 1173 leyislator.
1832 1131 1942 1171 Quum
1978 1131 2130 1163 servandi
2165 1131 2303 1172 perden-

1330 1176 1424 1217 dique
1455 1178 1649 1216 potestatem
1680 1184 1753 1206 cum
1777 1174 1971 1216 legislatoris
1994 1174 2101 1206 officio
2122 1174 2302 1216 coniungit,

1330 1219 1499 1260 significat,
1531 1222 1634 1250 totam
1658 1217 1720 1249 Dei
1744 1217 1943 1249 maiestatem
1975 1217 2014 1248 ad
2043 1228 2078 1249 se
2107 1227 2220 1258 rapere
2248 1227 2303 1249 eos

1330 1262 1385 1303 qui
1415 1261 1474 1293 sibi
1503 1261 1553 1292 ius
1584 1260 1735 1293 fetandae
1766 1260 1846 1301 legis
1870 1260 2044 1292 vindicant.
2099 1260 2197 1301 Atqui
2221 1259 2302 1292 tales

1330 1309 1406 1336 sunt
1429 1305 1482 1344 qui
1505 1314 1599 1336 suum
1623 1307 1737 1335 nutum
1762 1302 1833 1335 aliis
1855 1303 2009 1344 ingerunt
2031 1313 2088 1344 pro
2112 1303 2191 1343 lege.
2233 1302 2303 1334 Me-

1329 1348 1521 1379 minerimus
1551 1351 1661 1379 autem
1693 1356 1757 1377 non
1789 1345 1827 1378 de
1857 1351 1993 1378 externa
2024 1346 2134 1386 politia
2162 1345 2214 1377 hic
2236 1346 2302 1387 agi,

1329 1391 1362 1422 in
1379 1400 1442 1430 qua
1458 1390 1564 1422 locum
1581 1389 1703 1421 habent
1720 1389 1969 1430 magistratuum
1993 1389 2098 1421 edicta
2120 1394 2177 1420 aut
2199 1388 2301 1429 leges:

1329 1433 1383 1465 sed
1419 1433 1457 1464 de
1490 1431 1651 1474 spirituali
1685 1432 1812 1463 animae
1840 1432 2006 1473 regimine,
2040 1432 2073 1462 in
2104 1441 2167 1471 quo
2197 1431 2302 1463 solum

1330 1476 1391 1508 Dei
1423 1476 1558 1507 verbum
1591 1475 1750 1507 dominari
1777 1475 1937 1507 convenit.
1983 1474 2077 1506 Unus
2106 1484 2183 1515 ergo
2213 1474 2303 1506 Deus

1330 1524 1379 1551 est
1410 1519 1467 1559 qui
1498 1519 1564 1551 suis
1588 1518 1714 1559 legibus
1735 1517 1948 1550 conscientias
1971 1517 2041 1548 iure
2064 1517 2223 1549 subiectas
2246 1517 2302 1548 ha-

1329 1562 1397 1594 bet:
1422 1561 1691 1602 quemadmodum
1716 1560 1802 1592 solus
1825 1561 1953 1592 animae
1972 1559 2111 1591 salutem
2130 1559 2181 1592 vel
2203 1560 2302 1592 inter-

1328 1606 1409 1636 itum
1425 1605 1525 1637 habet
1546 1605 1579 1636 in
1602 1614 1701 1635 manu
1725 1613 1791 1635 sua.
1822 1603 1909 1635 Hinc
1932 1607 2059 1635 constat
2080 1602 2156 1644 quid
2180 1602 2219 1635 de
2241 1603 2302 1635 hu-

1328 1648 1432 1679 manis
1465 1647 1646 1688 praeceptis
1676 1646 1883 1678 sent-iendum
1906 1646 1958 1683 sit,
1990 1656 2072 1686 quae
2095 1646 2301 1678 conscientiis

1328 1691 1479 1731 laqueum
1504 1689 1703 1722 necessitatis
1727 1689 1885 1721 iniiciunt.
1930 1689 2126 1721 Modestiam
2149 1689 2182 1720 in
2209 1688 2302 1720 nobis

1328 1733 1457 1774 quidam
1482 1733 1666 1765 desiderant
1684 1742 1783 1773 quum
1807 1742 1923 1773 papam
1947 1741 2099 1764 vocamus
2123 1731 2302 1764 Antichris-

1329 1782 1406 1815 tum,
1441 1777 1494 1818 qui
1529 1775 1736 1818 tyrannidem
1766 1776 1800 1806 in
1824 1776 1950 1806 animas
1981 1779 2118 1814 exercet,
2152 1785 2186 1806 se
2208 1774 2302 1816 legis-

1328 1819 1462 1851 latorem
1492 1819 1615 1851 faciens
1638 1818 1709 1850 Deo
1740 1818 1915 1859 aequalem.
1960 1818 2060 1858 Atqui
2089 1828 2130 1849 ex
2153 1817 2303 1850 hocloco

1330 1862 1424 1903 longe
1455 1862 1527 1903 plus
1556 1861 1755 1902 colligimus:
1790 1860 1984 1893 Antichristi
2013 1860 2135 1893 scilicet
2157 1860 2302 1892 membra

1329 1915 1398 1937 esse
1427 1907 1482 1946 qui
1515 1904 1596 1936 tales
1626 1904 1757 1945 laqueos
1787 1909 1900 1945 sponte
1922 1903 2080 1935 induunt:
2115 1907 2147 1935 et
2170 1902 2303 1935 Christo

1329 1954 1462 1979 eatenus
1491 1947 1681 1980 renuntiare
1712 1947 1788 1978 dum
1818 1946 1866 1978 illi
1896 1956 1961 1978 non
1984 1946 2150 1978 hominem
2173 1950 2302 1978 tantum

1330 1990 1511 2031 mortalem,
1543 1990 1598 2023 sed
1628 1990 1682 2030 qui
1713 2000 1747 2021 se
1770 1989 1928 2021 adversus
1951 1999 2024 2020 eum
2049 1989 2183 2027 extollit,
2213 1997 2303 2021 asso-

1329 2034 1425 2066 ciant.
1481 2034 1542 2065 Est
1575 2034 1705 2073 inquam
1739 2032 1997 2073 praevaricatrix
2032 2031 2231 2072 obedientia,
2269 2034 2300 2062 et

1330 2086 1411 2117 quae
1438 2076 1566 2108 diabolo
1588 2075 1771 2113 exhibetur,
1802 2074 1878 2105 dum
1901 2074 2002 2106 alium
2033 2074 2234 2106 admittimus
2260 2072 2300 2105 ad

1330 2119 1488 2160 regendas
1511 2119 1636 2150 animas
1658 2118 1875 2159 legislatorem
1899 2127 1995 2158 quam
2017 2117 2134 2148 Deum.

1420 2162 1468 2193 Tu
1490 2163 1563 2203 quis
1586 2172 1626 2193 es.
1663 2161 1787 2192 Putant
1810 2160 1941 2201 quidam
1965 2159 2132 2191 admoneri
2154 2159 2208 2191 hic
2230 2168 2302 2190 suo-

1331 2215 1402 2236 rum
1426 2205 1582 2237 vitiorum
1605 2203 1864 2244 reprehensores,
1888 2208 1925 2234 ut
1946 2202 2102 2233 inchoent
2124 2211 2142 2233 a
2165 2212 2199 2233 se
2221 2201 2302 2242 ipsis

1330 2258 1484 2280 examen:
1518 2257 1554 2279 ac
1585 2248 1662 2278 dum
1693 2250 1845 2286 reputant
1875 2255 1909 2277 se
1933 2245 2034 2276 nihilo
2056 2254 2127 2276 esse
2150 2243 2220 2275 aliis
2244 2254 2301 2284 pu-

1330 2291 1441 2332 riores,
1474 2295 1540 2322 tam
1570 2289 1676 2322 severi
1707 2299 1777 2321 esse
1806 2288 1964 2320 desinant.
2008 2287 2079 2328 Ego
2110 2287 2302 2328 simpliciter

1331 2343 1421 2365 suam
1453 2332 1639 2365 hominibus
1671 2331 1887 2364 conditionem
1918 2329 2011 2362 obiici
2041 2334 2127 2370 puto,
2158 2335 2195 2361 ut
2217 2329 2303 2371 cogi·

1331 2379 1402 2407 tent
1433 2381 1590 2417 quantum
1619 2375 1726 2406 absint
1749 2374 1787 2406 ab
1811 2384 1848 2406 eo
1869 2373 1972 2414 gradu
1993 2373 2028 2403 in
2051 2382 2146 2413 quem
2171 2382 2204 2404 se
2226 2382 2301 2404 eve-

1331 2419 1423 2451 hunt.
1471 2417 1752 2458 Quemadmodum
1783 2416 1880 2447 etiam
1904 2415 2027 2447 Paulus
2056 2415 2216 2456 loquitur:
2251 2415 2301 2446 Tu

1330 2462 1400 2502 quis
1433 2472 1467 2493 es
1497 2462 1550 2502 qui
1581 2460 1722 2492 alienum
1749 2469 1881 2491 servum
1903 2457 2025 2490 iudicas
2047 2457 2154 2499 (Rom.
2173 2458 2222 2496 14,
2244 2456 2301 2498 4)?

1415 2546 1465 2579 13.
1489 2546 1556 2587 Aye
1569 2555 1660 2586 nunc,
1684 2545 1739 2585 qm·
1754 2544 1866 2583 dicitis,
1890 2543 1991 2575 Hodie
2006 2546 2034 2575 et
2047 2553 2117 2576 eras
2138 2553 2245 2575 eamus
2266 2544 2301 2575 in

1329 2590 1491 2627 civitatem,
1500 2592 1527 2621 et
1537 2588 1749 2629 transiyamus
1760 2587 1825 2618 illic
1835 2597 1952 2619 annum
1962 2596 2068 2626 unum,
2084 2589 2110 2618 et
2121 2596 2298 2626 mercemur,

1331 2635 1358 2664 et
1380 2632 1551 2666 lucremur,-
1592 2631 1641 2663 14.
1665 2631 1720 2672 qui
1748 2630 1872 2662 nescitis
1893 2630 1970 2671 quid
1992 2639 2064 2662 cras
2083 2629 2226 2670 fumrwm
2247 2628 2299 2668 sit,
