2513 3126
317 220 373 251 191
1062 215 1201 246 ΕΙἾὸΤ.
1229 215 1289 245 ΑΙ)
1316 214 1561 247 ΗΕΒΙῖΑΕΟὸ
2252 215 2310 247 192

314 317 481 349 doctrinis:
520 326 576 345 ιιυι·
601 313 687 344 aliud
712 323 781 344 osse
805 311 941 344 cavendi
967 311 1154 349 remedium,
1189 321 1285 350 quam
1312 341 1314 358 ι
1342 311 1404 343 Per
1438 312 1602 343 ministros
1641 322 1714 342 vero
1755 310 1968 347 tabernaculi,
2010 310 2161 351 intelligit
2200 321 2309 343 omncs

316 368 351 391 ut
377 370 457 400 pura
481 357 601 387 Christi
625 356 807 395 cognitione
831 355 958 385 munita
981 355 1032 385 sit.
1312 364 1314 379 ι
1340 354 1617 386 caeremoniarum
1646 354 1794 386 cultores.
1842 353 1929 393 Ergo
1954 361 1990 384 ut
2013 352 2144 385 Christo
2167 363 2310 385 commu-

400 401 523 432 Bomaem
543 399 624 429 enim
644 399 760 439 qratia.
800 397 896 428 Nunc
919 407 937 428 a
961 397 1105 438 generali
1130 396 1287 437 principio
1312 387 1314 417 l
1340 397 1493 434 nicemus‚
1525 395 1732 429 tabernaculo
1763 395 2015 427 renuntiandum
2047 406 2116 427 csse
2139 395 2310 436 significat.

314 446 352 476 ud
371 444 507 482 speeiem
526 440 701 472 descondit.
738 440 899 471 Nimirum
920 439 1097 477 familiaris,
1121 444 1157 470 ut
1175 444 1286 470 notum
1341 439 1423 470 Nam
1447 438 1542 469 sicuti
1567 438 1679 470 altaris
1702 449 1819 470 nomen
1844 438 2094 470 immolationem
2119 443 2150 469 et
2175 439 2310 470 hostiam

314 496 370 521 ost,
395 485 523 516 Iudaeis
549 483 735 524 superstitio
755 483 872 514 eratin
897 482 1047 514 babendo
1069 482 1213 514 ciborum
1237 482 1288 513 de·
1341 480 1603 522 comprehendit:
1645 482 1692 514 sic
1734 481 1979 513 tabernaculum
2013 487 2165 512 externas
2200 491 2312 514 omnes

314 530 406 565 lectu,
430 537 512 567 quae
529 527 639 558 multis
657 527 735 557 rixis
752 536 788 557 ac
812 524 952 556 dissidiis
975 525 1175 557 occasionem
1199 535 1288 565 prae·
1342 526 1462 564 figuras
1496 533 1577 563 quae
1606 534 1679 555 cum
1710 524 1766 556 illo
1796 524 1988 556 coniunctae
2019 530 2119 555 erant.
2171 523 2312 556 Proinde

315 571 417 602 bebat.
456 570 537 601 Erat
555 575 661 601 autem
685 569 763 600 hacc
782 579 846 599 una
862 578 903 599 ex
920 568 1102 608 peregrinis
1119 567 1288 598 doctrinis:
1314 564 1316 606 l
1342 576 1456 598 sensus
1472 571 1530 602 est,
1556 566 1644 597 Nihil
1661 568 1778 598 mirum
1796 567 1822 598 si
1847 566 1939 598 hodic
1962 573 2090 598 cessant
2114 566 2194 607 legis
2216 567 2312 598 ritus:

313 615 389 653 quia
405 612 567 644 oriebatur
583 623 621 643 cx
640 612 823 652 ignorantia
839 611 973 642 Christi.
1011 611 1099 652 Ergo
1117 615 1288 651 postquam
1314 610 1316 615 '

313 656 411 687 fidem
435 661 581 687 nostram
606 656 637 685 iu
662 654 795 685 Christo
819 653 977 689 fundavit.
1007 653 1150 685 ciborum
1181 652 1288 684 obscr-

315 700 478 730 vationem
495 698 534 729 ud
558 707 717 729 summam
743 697 858 728 salutis
883 706 1056 736 veramque
1078 696 1288 728 sanctitatem
1316 722 1317 736 ,

313 742 476 783 pertinere
519 745 626 781 negat.
684 739 795 778 Quum
831 739 939 771 cibis
974 739 1107 779 opponit
1140 739 1288 779 gratiam,

317 796 382 816 uon
408 784 519 815 dubito
543 783 621 823 quin
645 782 847 822 spiritualem
868 781 931 813 Dei
953 782 1078 814 cultum
1103 787 1136 813 ct
1159 791 1290 821 regeno-

314 828 475 859 rationem
498 825 661 866 intelligat
685 825 746 857 hoc
768 825 909 856 nomine.
956 824 1108 856 Cordis
1132 823 1288 855 confir-

315 870 541 901 mationem
566 868 665 908 ponit,
691 867 838 900 alludens
854 867 894 899 ad
910 867 1046 899 verbum
1068 865 1287 899 circumfe-

315 912 451 944 rendi:
486 922 522 943 ac
551 912 579 943 si
613 910 743 949 diceret,
777 910 957 951 spiritualis
980 911 1041 942 Dei
1075 909 1179 950 gratia
1212 917 1290 939 vere

316 966 374 987 nos
391 954 540 991 stabiliet,
558 964 621 985 non
638 953 783 986 ciborum
800 953 994 986 observatio
1024 952 1119 991 Quod
1135 950 1290 991 sequitur,

316 998 419 1029 nihil
440 998 650 1037 profuisse
669 996 781 1028 cibos
801 996 852 1028 iis
871 996 995 1036 quiin
1020 995 1110 1026 illis
1133 993 1290 1025 versati

315 1043 432 1072 sunt:
461 1041 622 1072 incertum
653 1046 702 1071 est
730 1039 771 1070 ad
803 1049 881 1079 quos
912 1038 1040 1070 referat.
1087 1037 1171 1068 Nam
1202 1041 1290 1068 certe

315 1083 473 1125 patribus,
503 1084 558 1123 qui
589 1082 649 1114 sub
679 1082 751 1123 lege
782 1083 946 1119 vixerunt,
982 1080 1070 1112 utilis
1091 1080 1150 1111 fuit
1173 1079 1290 1119 paeda-

315 1128 419 1168 gogia,
451 1125 543 1158 cuius
571 1135 645 1166 pars
667 1130 736 1156 erat
758 1125 902 1156 ciborum
926 1124 1107 1155 discrimen.
1153 1121 1292 1153 Videtur

316 1180 393 1211 ergo
416 1169 477 1200 hoo
500 1168 608 1209 potius
632 1168 671 1199 dc
694 1167 926 1208 superstitiosis
950 1166 1096 1206 intelligi.
1121 1165 1174 1205 qui
1198 1175 1290 1196 reve-

315 1212 381 1244 lato
404 1210 574 1252 evangelio
606 1220 775 1251 perperam
800 1210 906 1241 adhuc
939 1210 971 1240 in
997 1208 1161 1240 veteribus
1183 1217 1290 1240 caere—

314 1255 430 1287 moniis
461 1253 650 1285 haerebant.
696 1252 902 1293 Quamquam
930 1252 957 1284 si
981 1251 1020 1282 de
1043 1251 1190 1291 patribus
1213 1250 1290 1282 dex-

314 1304 384 1329 tere
416 1306 572 1337 exponas,
607 1296 689 1327 nihil
721 1296 782 1327 erit
812 1294 953 1326 absurdi.
998 1294 1128 1325 Profuit
1159 1293 1291 1334 quidem

315 1340 391 1379 illis,
414 1339 603 1380 impositum
627 1349 645 1370 a
667 1338 807 1370 Domino
830 1338 940 1378 iugum
964 1337 1080 1374 subire,
1105 1342 1136 1368 et
1159 1346 1193 1368 se
1216 1336 1291 1368 obe-

315 1383 442 1415 dienter
476 1382 643 1414 continere
675 1382 734 1413 sub
767 1381 932 1412 communi
967 1380 1092 1420 piorum
1127 1387 1160 1410 et
1195 1379 1292 1411 totius

316 1425 470 1457 ecclesiae
493 1424 677 1465 disciplina:
708 1433 820 1455 verum
844 1423 1009 1463 apostolus
1032 1422 1202 1464 significat,
1236 1433 1293 1463 per

317 1479 351 1501 se
385 1468 468 1499 nihil
501 1467 641 1499 valuisse
670 1466 814 1498 ciborum
845 1466 1086 1498 abstinentiam.
1131 1465 1177 1497 Et
1205 1470 1292 1497 certe

317 1511 413 1543 nihili
430 1509 610 1551 reputanda
625 1514 685 1548 est,
708 1509 770 1541 nisi
794 1512 954 1549 quatenus
977 1509 1198 1541 rudimentum
1221 1508 1292 1545 fuit,

317 1564 380 1594 quo
415 1559 560 1594 tempore
589 1552 710 1584 similes
739 1553 849 1592 pueris
881 1556 974 1583 erant
1004 1551 1063 1583 filii
1094 1550 1157 1583 Dei
1187 1550 1292 1592 quoad

316 1602 490 1628 externum
525 1596 679 1636 regimen.
743 1594 903 1636 Versari¹)
936 1595 976 1626 in
1011 1595 1131 1632 cibis,
1165 1594 1292 1635 capitur

315 1649 374 1680 pro
397 1639 517 1671 habere
540 1638 668 1670 illorum
692 1638 859 1676 rationem,
887 1643 922 1669 ut
945 1638 1118 1670 discrimen
1143 1638 1186 1669 sit
1208 1639 1292 1669 inter

315 1682 474 1714 mundum
507 1687 539 1712 et
567 1680 783 1712 immundum.
829 1681 1006 1712 Caeterum
1035 1680 1119 1722 quod
1151 1682 1190 1712 de
1213 1680 1292 1712 cibis

316 1725 426 1765 tradit,
457 1723 566 1756 licebit
589 1724 629 1755 ad
653 1724 732 1755 alios
755 1723 837 1764 legis
860 1724 942 1756 ritus
966 1723 1152 1755 extendere.

404 1810 453 1842 10.
478 1809 638 1842 Habemus
666 1810 776 1850 altare,
810 1810 846 1841 de
873 1820 932 1850 quo
962 1810 1072 1842 edendi
1103 1819 1163 1842 non
1185 1809 1294 1841 habeut

310 1855 488 1894 potestatem
512 1853 567 1892 qui
588 1852 784 1885 tabernaculo
804 1853 950 1884 serviunt.
990 1853 1041 1884 11.
1060 1853 1198 1893 Quorum
1212 1853 1294 1885 enim

316 1896 503 1928 animalium
528 1896 662 1935 infertur
684 1896 815 1937 sanquis
832 1905 893 1936 pro
908 1898 1033 1935 peccato
1055 1896 1090 1927 in
1111 1897 1218 1928 sancia
1234 1906 1294 1936 per

317 1939 508 1977 sacerdotem,
543 1948 648 1969 eorum
679 1948 814 1978 corpora
847 1941 1024 1970 cremantur
1057 1941 1147 1970 caira
1179 1941 1293 1971 casura.

320 1981 370 2013 12.
389 1982 492 2020 Quare
507 1983 533 2012 et
549 1981 649 2019 Iesus,
673 1984 708 2012 ut
730 1981 939 2020 sanctificaret
954 1991 1015 2021 per
1031 1981 1200 2021 proprium
1221 1992 1293 2014 san-

317 2024 444 2064 quinem
454 2023 617 2064 populum,
633 2027 721 2055 extra
731 2026 856 2064 portam
867 2034 986 2064 passus
1001 2026 1054 2055 est.
1092 2025 1142 2056 13.
1157 2024 1294 2056 Proinde

318 2076 465 2098 exeamus
486 2067 528 2098 acl
550 2076 618 2097 eum
640 2069 729 2098 extra
756 2068 868 2104 casira,
892 2066 1044 2107 probrum
1065 2068 1133 2099 eius
1153 2067 1294 2107 ferentes.

320 2109 369 2139 14.
395 2109 466 2140 Non
498 2109 578 2139 enim
607 2108 753 2140 habemus
779 2108 830 2141 hic
853 2111 1024 2141 manentem
1045 2110 1208 2151 civitatem,
1241 2110 1295 2142 sed

316 2151 461 2191 futuram
483 2151 683 2190 inquirimus.
732 2151 780 2183 15.
805 2151 868 2183 Per
898 2153 1003 2191 ipsum
1032 2163 1102 2194 erqo
1130 2153 1295 2193 offeramus

318 2203 438 2234 semper
453 2193 585 2224 hostiam
608 2194 714 2225 laudis
729 2194 807 2232 Deo,
830 2194 883 2226 hoe
906 2198 957 2235 esi,
984 2196 1122 2235 fructum
1143 2195 1296 2228 labiorum

320 2237 523 2276 confitentium
546 2237 664 2268 nomini
686 2237 763 2269 eius.

409 2321 458 2353 10.
488 2321 649 2353 Habemus
681 2322 787 2354 altare.
844 2323 986 2364 Elegans
1019 2330 1068 2355 est
1101 2334 1245 2365 anagoge
1279 2334 1296 2354 a

323 2364 426 2396 veteri
460 2364 541 2405 legis
571 2365 637 2395 ritu
669 2365 708 2396 ad
739 2370 943 2405 praesentem
981 2366 1134 2399 ecclesiae
1164 2372 1295 2398 statum.

323 2406 465 2438 Solenne
495 2411 566 2438 erat
594 2407 745 2439 sacrificii
774 2419 884 2449 genus,
917 2408 1006 2441 cuius
1029 2410 1151 2441 mentio
1174 2410 1212 2441 fit
1234 2410 1296 2441 Le-

323 2450 411 2481 vitici
436 2450 485 2488 16,
509 2449 595 2481 unde
617 2450 708 2482 nulla
731 2451 836 2491 portio
859 2451 898 2482 ad
923 2452 1102 2484 sacerdotes
1125 2456 1157 2484 et
1180 2453 1297 2484 levitas

324 2492 459 2523 redibat.
497 2492 570 2524 Hoc
594 2504 681 2525 nunc
703 2493 872 2534 impletum
897 2495 995 2526 fuisse
1018 2496 1051 2526 in
1069 2495 1201 2527 Christo
1223 2506 1298 2527 con-

326 2535 423 2566 cinna
447 2535 605 2567 allusione
629 2536 728 2575 docet,
758 2537 912 2577 quoniam
935 2537 996 2569 hac
1018 2538 1090 2579 lege
1113 2538 1298 2570 immolatus

326 2577 395 2614 fuit,
421 2582 456 2609 ut
472 2589 508 2609 eo
525 2589 589 2609 non
607 2584 781 2612 vescantur
797 2580 852 2620 qui
874 2580 1079 2613 tabernaculo
1102 2581 1296 2614 ministrant.

413 2672 436 2704 ¹)
453 2671 603 2698 Ambulare.

1343 619 1417 640 nam
1452 608 1531 639 illud
1565 609 1741 649 figuratum
1777 610 1835 641 suit
1863 610 1895 640 in
1926 609 2083 641 sacrificio
2114 609 2197 649 quod
2222 616 2314 641 extra

1343 656 1448 683 castra
1463 651 1642 682 efferebant
1658 652 1804 691 Levitae,
1829 659 1864 684 ut
1880 653 1945 684 illic
1963 657 2152 684 cremarent.
2191 652 2314 692 Nempe

1344 694 1421 734 quia
1436 693 1532 724 sicuti
1549 693 1628 724 nihil
1646 693 1720 726 inde
1741 695 1914 734 gustabant
1939 694 2136 726 tabernaculi
2160 695 2314 726 ministri:

1343 737 1388 767 ita
1419 736 1445 767 si
1470 736 1679 768 tabernaculo
1702 737 1871 775 servimus,
1902 737 1933 768 id
1957 744 2015 778 cst,
2046 739 2223 769 retinemus
2246 737 2315 768 eius

1343 780 1577 817 caeremonias,
1610 789 1675 810 non
1707 779 1827 811 erimus
1861 782 2032 820 participes
2066 780 2135 811 eius
2168 780 2316 812 sacrificii

1344 821 1428 862 quod
1463 821 1563 853 semel
1587 821 1738 853 Christus
1771 821 1897 860 obtulit,
1932 833 1991 855 nec
2022 824 2090 855 eius
2120 823 2316 864 expiationis

1344 874 1441 904 quam
1482 864 1583 896 semel
1621 865 1755 904 perfecit
1791 875 1849 896 suo
1889 867 2056 907 sanguine.
2113 865 2316 906 Sanguinem

1344 907 1432 938 enim
1455 917 1562 945 suum,
1595 912 1630 938 ut
1653 907 1767 938 mundi
1791 913 1920 948 peccata
1943 910 2099 950 expiaret,
2122 910 2153 940 in
2178 908 2316 940 coeleste

1343 950 1565 982 sanctuarium
1588 949 1709 981 intulit.

1432 993 1480 1024 13.
1507 992 1644 1025 Proinde
1667 1003 1812 1025 exeamus
1834 994 1876 1025 ad
1899 1003 1977 1025 eum.
2013 994 2062 1026 Ne
2085 994 2202 1035 frigeat
2223 1003 2316 1034 supe-

1344 1036 1409 1067 rior
1439 1035 1604 1077 allegoria‚
1640 1036 1692 1067 vel
1723 1037 1899 1077 anagogica
1929 1036 2115 1075 similitudo,
2148 1036 2316 1077 coniungit

1344 1079 1466 1110 serium
1516 1079 1723 1118 exercitium,
1769 1079 1854 1120 quod
1907 1090 1926 1111 a
1969 1079 2165 1111 Christianis
2214 1078 2316 1110 omni-

1345 1122 1404 1153 bus
1445 1122 1630 1162 requiritur.
1688 1122 1731 1153 Et
1771 1122 1858 1154 hunc
1889 1122 2039 1154 similiter
2068 1121 2203 1153 docendi
2232 1121 2317 1153 ordi-

1345 1174 1418 1195 nem
1443 1169 1554 1196 tenere
1577 1164 1699 1196 Paulus
1723 1165 1812 1203 solet,
1844 1172 1877 1196 ut
1900 1166 2048 1197 fidelibus
2076 1164 2227 1196 ostendat
2249 1164 2316 1205 qui-

1344 1207 1404 1239 bus
1419 1207 1454 1238 in
1473 1207 1568 1239 rebus
1585 1207 1676 1239 Deus
1699 1209 1842 1239 exerceri
1865 1219 1918 1240 eos
1941 1208 2031 1246 velit,
2054 1208 2131 1239 dum
2154 1217 2173 1238 a
2195 1206 2318 1239 frivolis

1344 1250 1556 1282 caeremoniis
1590 1260 1644 1282 eos
1678 1251 1836 1283 abducere
1869 1250 1989 1283 studet.
2045 1250 2187 1282 Perinde
2220 1260 2257 1282 ac
2289 1250 2318 1282 si

1345 1292 1480 1325 diceret:
1514 1293 1586 1325 Hoc
1621 1299 1670 1325 est
1700 1294 1785 1334 quod
1816 1305 1835 1326 a
1865 1294 1956 1326 vobis
1985 1293 2089 1334 exigit
2113 1294 2218 1325 Deus:
2254 1303 2318 1324 non

1345 1335 1427 1367 illud
1461 1336 1494 1367 in
1525 1346 1587 1377 quo
1618 1337 1740 1368 frustra
1771 1347 1830 1369 vos
1858 1337 2011 1378 fatigatis.
2057 1336 2107 1367 Ita
2138 1346 2227 1368 nnnc
2250 1336 2319 1377 agit

1346 1378 1517 1419 apostolus.
1571 1379 1640 1410 Nos
1673 1379 1760 1411 enim
1790 1379 1868 1411 dum
1898 1380 2009 1412 relicto
2039 1378 2247 1411 tabernaculo
2277 1378 2319 1410 ad

1345 1422 1546 1462 sequendum
1576 1421 1747 1454 Christum
1777 1423 1903 1461 invitat,
1937 1422 2033 1463 longe
2061 1421 2148 1453 aliud
2178 1432 2197 1453 a
2226 1420 2318 1453 nobis

1345 1465 1503 1505 postulari
1525 1471 1642 1503 monet,
1674 1475 1770 1506 quam
1791 1470 1827 1497 ut
1850 1466 1883 1497 in
1907 1465 2024 1497 umbra
2046 1464 2155 1496 Deum
2177 1464 2318 1496 colamus

1345 1508 1404 1540 sub
1434 1509 1604 1549 magnifico
1634 1508 1747 1549 templi
1776 1509 1962 1549 splendore:
2001 1508 2077 1548 quia
2117 1517 2174 1547 per
2210 1507 2318 1545 exilia,

1345 1551 1447 1592 fugas,
1471 1551 1596 1591 probra,
1624 1556 1657 1583 et
1678 1561 1774 1582 omne
1797 1562 1900 1592 genus
1923 1560 2094 1583 aerumnas
2116 1549 2319 1591 pergendum

1344 1594 1397 1625 sit.
1450 1594 1546 1626 Hanc
1575 1594 1734 1633 militiam,
1768 1595 1803 1625 in
1835 1605 1898 1635 qua
1927 1603 2028 1634 usque
2055 1593 2096 1624 ad
2126 1593 2319 1634 sanguinem

1344 1637 1526 1668 sudandum
1543 1642 1602 1675 est,
1625 1637 1783 1669 umbrosis
1798 1637 2062 1669 meditationibus
2076 1636 2218 1677 opponit,
2238 1645 2318 1676 quas

1345 1679 1428 1712 solas
1451 1680 1617 1712 iactabant
1638 1680 1918 1712 caeremoniarum
1942 1679 2096 1721 magistri.

1433 1723 1482 1754 14.
1508 1722 1581 1754 Non
1603 1723 1684 1755 enim
1707 1722 1862 1756 babemus.
1907 1723 2055 1764 Longius
2085 1720 2231 1754 extendit
2251 1722 2319 1753 exi-

1346 1771 1414 1798 tum
1438 1766 1531 1798 cuius
1554 1766 1762 1798 meminerat:
1785 1776 1902 1806 nempe
1925 1771 1961 1797 ut
1983 1767 2016 1797 in
2040 1765 2100 1797 hoc
2123 1764 2244 1796 mundo
2266 1774 2319 1805 pe-

1346 1809 1468 1850 regrini
1485 1818 1522 1841 ac
1538 1809 1622 1850 vagi,
1645 1809 1739 1841 nobis
1755 1819 1917 1850 nusquam
1933 1819 2004 1841 esse
2019 1809 2119 1840 fixam
2138 1808 2321 1847 stationem,

1346 1853 1409 1884 nisi
1437 1852 1472 1883 in
1501 1851 1600 1891 coelo,
1629 1852 1819 1893 cogitemus.
1864 1851 1980 1893 Itaque
2009 1851 2134 1892 quoties
2156 1850 2208 1883 vel
2231 1850 2320 1892 pelli—

1346 1906 1419 1927 mur
1448 1906 1490 1926 ex
1520 1894 1627 1935 aliquo
1651 1894 1729 1933 loco,
1760 1895 1811 1927 vel
1834 1895 1942 1936 aliqua
1965 1895 2056 1926 nobis
2078 1894 2217 1926 mutatio
2240 1893 2320 1926 acci·

1347 1938 1405 1979 dit,
1436 1937 1630 1970 meditemur
1660 1938 1744 1978 quod
1767 1938 1820 1970 hic
1842 1937 2007 1978 apostolus
2030 1937 2132 1976 docet,
2163 1947 2227 1968 non
2250 1946 2321 1969 esse

1347 1982 1438 2013 nobis
1461 1986 1582 2013 certam
1605 1981 1640 2012 ιιι
1665 1985 1752 2013 terra
1774 1981 1893 2018 sedem,
1921 1981 1997 2022 quia
2018 1979 2142 2011 coelum
2165 1980 2207 2011 sit
2229 1978 2321 2012 nobis

1347 2024 1546 2055 haereditas:
1570 2025 1739 2065 magisque
1755 2034 1793 2056 ac
1809 2025 1912 2065 magis
1928 2023 2097 2055 exercitati
2112 2022 2152 2054 ad
2168 2022 2320 2054 ultimum

1347 2078 1474 2107 semper
1490 2067 1614 2098 exitum
1630 2077 1687 2098 nos
1706 2077 1938 2108 comparemus.
1975 2066 2060 2098 Nam
2083 2066 2200 2106 quibus
2223 2065 2321 2097 nimis

1348 2111 1455 2150 quieta
1485 2114 1534 2141 est
1565 2110 1641 2148 vita,
1671 2110 1783 2141 nidum
1807 2110 1868 2142 sibi
1891 2111 1956 2141 fere
1978 2110 2012 2140 in
2035 2109 2096 2140 hoc
2118 2108 2238 2140 mundo
2260 2109 2320 2139 fin-

1348 2159 1440 2194 gunt.
1477 2152 1588 2192 Quare
1605 2152 1696 2184 nobis
1715 2153 1771 2193 qui
1790 2153 1830 2184 ad
1853 2153 1951 2184 talem
1973 2152 2146 2193 segnitiem
2168 2150 2321 2191 propensi

1349 2206 1469 2233 sumus,
1493 2206 1588 2236 saepe
1604 2196 1668 2227 huc
1684 2195 1760 2227 illuc
1779 2196 1895 2237 agitari
1919 2195 2058 2235 prodest,
2081 2199 2116 2225 ut
2138 2195 2171 2224 in
2194 2193 2320 2225 coelum

1349 2244 1538 2271 convertere
1575 2239 1684 2270 oculos
1721 2239 1899 2276 discamus,
1937 2238 1990 2278 qui
2028 2237 2163 2268 nimium
2201 2236 2321 2277 alioqui

1350 2283 1500 2313 deorsum
1524 2281 1693 2313 inclinant.

1438 2324 1487 2355 15.
1515 2324 1690 2364 Offeramus
1710 2324 1845 2356 hostiam
1867 2323 1981 2355 laudis.
2018 2322 2118 2353 Redit
2140 2321 2180 2353 ad
2202 2322 2321 2362 specia-

1351 2368 1413 2398 lem
1424 2367 1513 2399 illam
1522 2367 1713 2408 doctrinam,
1723 2377 1816 2407 quam
1826 2367 1988 2406 attigerat,
1998 2365 2037 2396 de
2045 2365 2208 2406 abrogatis
2216 2375 2322 2397 eaere-

1351 2410 1470 2441 moniis
1482 2409 1654 2442 veteribus.
1686 2409 1864 2441 Praevenit
1875 2413 1982 2440 autem
1999 2407 2085 2448 quod
2100 2412 2213 2440 contra
2228 2407 2322 2439 obiici

1351 2458 1487 2493 poterat.
1532 2453 1617 2483 Nam
1647 2462 1746 2492 quum
1778 2451 1935 2483 sacrificia
1957 2451 2164 2483 tabernaculo
2185 2450 2322 2487 subsint,

1352 2497 1445 2536 quasi
1468 2495 1677 2536 appendices:
1701 2495 1757 2526 illo
1780 2494 1907 2533 abolito,
1929 2495 2076 2534 sequitur
2099 2494 2178 2525 haec
2197 2502 2322 2534 quoqne

1352 2540 1507 2570 desinere.
1564 2538 1665 2578 Atqui
1698 2537 1862 2578 apostolus
1895 2536 2060 2577 docuerat,
2094 2547 2194 2577 quum
2227 2540 2323 2568 extra

1351 2586 1477 2621 portam
1497 2591 1610 2621 passus
1633 2581 1675 2612 sit
1691 2580 1853 2617 Christus
1877 2590 1935 2611 nos
1958 2590 2083 2620 quoque
2106 2580 2182 2611 illue
2205 2579 2321 2617 vocari,

1352 2629 1448 2664 atque
1464 2624 1535 2656 ideo
1557 2624 1663 2664 ipsum
1687 2623 1780 2664 sequi
1802 2622 1994 2661 volentibus,
2017 2622 2229 2655 deserendum
2251 2632 2322 2653 esse

1353 2667 1606 2699 tabernaculum.
1669 2666 1732 2698 Hic
1772 2665 1936 2697 oriebatur
1975 2666 2136 2705 quaestio,
2177 2664 2323 2705 nunquid
