2513 3126
134 190 193 222 133

131 289 328 328 exspectatio
351 290 492 321 maxime
515 300 629 321 acuere
649 300 706 321 000
723 289 814 321 debet
832 292 898 320 tam
915 289 954 320 ad
974 293 1104 320 sanctae
1128 294 1129 302 ¹

131 332 217 363 vitae
246 332 500 369 meditationem,
536 342 632 372 quam
663 332 703 363 ad
732 342 841 364 curam
872 336 905 363 et
935 331 1102 362 ardentem
1128 335 1129 359 l

131 378 283 406 conatum
307 374 459 406 ecclesiae
482 374 690 416 colligendae.
729 375 893 414 Quorsum
917 374 1003 405 enim
1028 383 1103 404 ven·
1128 403 1129 409 ,

132 422 224 448 turus
243 421 292 448 est
317 417 482 456 Christus,
516 418 578 449 nisi
608 422 644 449 111
675 428 734 449 000
763 427 875 449 0111000
907 427 946 448 ex
969 415 1039 455 hac,
1070 416 1102 446 10

132 470 196 499 qua
226 470 313 491 nunc
337 471 504 501 vagamur,
536 461 733 501 dispersione
765 461 795 490 10
827 469 928 490 unum
953 457 1102 498 colligat?
1126 465 1129 495 ς

132 502 245 542 Itaque
276 513 338 542 quo
369 503 498 543 propior
527 508 575 534 est
612 504 681 535 eius
718 502 891 539 adventus,
933 511 970 532 eo
1000 502 1102 541 magis

132 545 361 577 elaborandum
386 550 420 576 ut
443 546 495 585 qui
520 546 664 586 dissipati
687 548 775 585 sunt,
798 548 912 576 coeant
931 548 963 574 01
984 544 1101 575 coadu-

131 593 265 627 nentur,

130 630 201 670 quis
237 636 328 671 roget
361 631 521 671 quomodo
556 630 640 661 dicat
674 628 836 668 apostolus
865 638 919 658 000
950 628 1004 667 qui
1035 632 1101 658 tam

129 674 240 713 procul
271 674 375 704 adhuc
398 673 533 704 aberant
555 683 573 703 a
595 672 718 703 Christi
742 670 950 708 revelatione,
982 669 1102 701 vidisse

129 716 344 756 propinquum
364 715 457 752 diem,
481 725 517 746 ac
533 715 597 745 iam
614 714 680 744 fere
698 714 890 744 instantem:
915 712 1101 752 respondeo,

129 758 174 789 sic-
204 758 243 789 ab
271 758 361 788 initio
383 758 475 797 regni
498 756 621 788 Christi
649 755 857 787 constitutam
881 755 978 786 fuisse
1001 754 1101 786 eccle-

128 802 217 837 siam,
242 805 276 830 ut
299 800 389 839 quasi
409 810 485 830 mox
502 803 673 830 venturum
694 797 830 829 iudicem
847 797 906 828 sibi
924 807 1102 838 proponere

129 843 297 874 debuerint
319 841 438 872 fideles.
480 841 545 872 Nec
569 851 645 872 vero
668 840 774 872 fallaci
792 840 1024 881 imaginatione
1048 840 1100 871 de-

127 885 188 916 lusi
218 886 356 920 fuerunt,
387 893 487 923 quum
517 883 557 914 ad
586 883 811 924 excipiendum
836 883 1006 914 Christum
1035 883 1101 914 sin-

125 927 209 968 gulis
239 927 305 958 fere
334 927 508 957 momentis
538 927 640 966 parati
671 931 788 958 essent.
834 926 922 957 Talis
952 927 1038 957 enim
1061 925 1101 957 ab

125 969 283 1010 evangelii
306 969 566 1010 promulgatione
589 969 649 1001 fuit
667 969 820 1001 ecclesiae
835 973 947 1006 status,
972 974 1008 1000 ut
1024 979 1101 1000 vere

125 1017 156 1043 et
185 1012 315 1052 proprie
346 1016 450 1043 totum
480 1012 561 1043 illud
592 1016 718 1052 tempus
742 1016 875 1044 vocetur
906 1015 1100 1043 extremum.

125 1055 268 1086 Proinde
290 1055 344 1094 qui
368 1055 433 1086 iam
456 1065 475 1086 a
497 1055 610 1086 multis
634 1055 770 1086 saeculis
788 1059 864 1086 sunt
882 1055 1012 1093 mortui,
1036 1065 1100 1085 000

126 1098 233 1129 minus
263 1107 360 1138 quam
390 1108 463 1136 nos,
493 1098 553 1129 sub
583 1098 767 1130 novissimis
794 1097 907 1129 diebus
936 1097 1100 1129 vixerunt.

128 1140 337 1172 Subsannant
360 1140 420 1172 1130
443 1142 476 1172 10
495 1145 586 1181 parte
601 1140 840 1181 simplicitatem
860 1145 1002 1171 nostram
1019 1140 1101 1171 vafri

127 1190 159 1214 01
189 1183 296 1215 nasuti
327 1183 484 1220 homines,
515 1183 630 1224 quibus
660 1183 839 1215 fabulosum
870 1188 919 1215 est
946 1183 1101 1223 quidquid

127 1226 166 1257 de
196 1226 304 1258 carnis
333 1227 568 1258 resurreetione
594 1231 627 1258 et
657 1226 769 1258 ultimo
790 1226 909 1257 iudicio
931 1226 1102 1258 credimus.

128 1268 193 1300 Sed
228 1279 267 1300 ne
301 1269 368 1300 suis
402 1269 550 1300 ludibriis
587 1269 683 1301 fidem
721 1274 865 1301 nostram
898 1268 1104 1308 labefactent,

127 1311 304 1343 exadverso
338 1322 396 1344 nos
431 1312 564 1353 spiritus
597 1318 728 1345 03001110
760 1312 925 1349 admonet,
961 1312 1102 1352 primum

125 1354 214 1386 mille
244 1365 346 1386 annos
375 1365 483 1387 coram
508 1355 577 1387 Deo
608 1356 713 1387 instar
740 1355 801 1386 diei
833 1356 930 1386 unius
953 1365 1036 1393 esse,
1067 1359 1104 1386 111

126 1397 249 1438 quoties
286 1398 324 1429 de
363 1398 455 1439 regni
493 1398 640 1430 coelestis
681 1398 873 1430 aeternitate
912 1398 1102 1438 cogitamus,

126 1439 252 1472 nullum
275 1441 368 1472 nobis
387 1446 513 1482 tempus
534 1441 637 1472 videri
657 1441 791 1481 longum
812 1440 935 1472 debeat.
974 1440 1103 1471 Deinde

126 1494 166 1514 ex
197 1493 260 1524 quo
289 1483 439 1516 Christus
473 1484 610 1524 expletis
643 1483 793 1516 omnibus
826 1484 938 1515 salutis
972 1487 1102 1515 nostrae

126 1527 273 1566 partibus
301 1527 334 1558 in
364 1527 488 1559 coelum
518 1527 671 1565 ascendit,
701 1537 836 1567 aequum
867 1537 937 1558 esse
969 1531 1004 1557 111
1027 1536 1101 1558 con-

126 1570 218 1601 tinua
246 1569 407 1601 secundae
437 1571 505 1602 eius
529 1570 739 1602 revelationis
761 1570 1002 1610 exspectatione
1032 1580 1102 1601 sus-

125 1612 231 1652 pensi,
265 1623 526 1653 unumquemque
561 1613 644 1645 diem
679 1613 814 1654 perinde
847 1618 1034 1653 reputemus
1067 1622 1103 1644 ac

125 1660 335 1695 postremum.

210 1699 262 1730 26.
304 1698 485 1731 Voluntaria
517 1700 608 1731 enim.
664 1699 819 1731 Ostendit
856 1709 952 1739 quam
991 1708 1104 1730 severa

126 1740 186 1772 Dei
220 1741 302 1773 ultio
337 1748 447 1774 manet
479 1752 533 1774 eos
567 1753 677 1774 omues
711 1743 767 1782 qui
795 1752 814 1773 a
842 1741 967 1773 Christi
997 1741 1103 1782 gratia

127 1783 297 1816 deficiunt:
320 1785 397 1825 quia
420 1785 538 1826 privati
561 1786 657 1817 unica
680 1785 794 1824 salute,
817 1785 881 1816 iam
905 1785 997 1825 quasi
1015 1789 1103 1816 certo

127 1827 227 1858 exitio
251 1827 358 1859 devoti
382 1828 456 1860 sint.
499 1828 572 1860 Hoc
594 1829 781 1860 testimonio
804 1838 839 1859 se
862 1827 940 1858 olim
963 1828 1103 1859 armavit

127 1869 274 1902 Novatus
296 1881 369 1902 cum
393 1881 452 1902 sua
479 1871 626 1910 factione,
657 1876 691 1902 ut
715 1870 864 1902 omnibus
887 1872 960 1911 post
982 1871 1102 1911 baptis-

127 1923 214 1943 mum
243 1912 343 1954 lapsis
372 1914 553 1954 promiscue
582 1925 672 1955 spem
700 1915 816 1945 veniae
845 1914 983 1945 tolleret.
1037 1913 1103 1952 Qui

127 1955 250 1987 diluere
282 1956 352 1988 eius
380 1957 574 1988 calumniam
610 1968 674 1989 non
703 1961 864 1998 poterant,
899 1957 996 1989 fidem
1028 1956 1103 1988 huic

127 1998 282 2038 epistolae
312 1999 467 2041 derogare
496 2000 683 2031 maluerunt
705 2010 803 2040 quam
827 2004 936 2031 tantae
960 1999 1102 2031 absurdi-

127 2042 185 2072 tati
205 2042 413 2074 subscribere.
446 2043 546 2083 Atqui
568 2043 711 2084 genuina
734 2043 796 2074 loci
814 2042 972 2083 expositio
989 2053 1101 2082 quam-

127 2085 177 2116 vis
204 2084 309 2116 alieno
339 2086 492 2126 suffragio
515 2096 581 2117 non
604 2085 723 2125 adiuta,
752 2086 830 2117 satis
853 2096 910 2126 per
933 2096 967 2118 00
991 2085 1031 2117 311
1054 2095 1101 2116 10-

127 2126 302 2159 fellendam
319 2128 437 2160 Novati
455 2128 689 2168 impudentiam
709 2128 839 2160 valebit.
873 2129 1029 2160 Peccan
1041 2133 1102 2160 tes

128 2175 221 2202 vocat
235 2171 412 2210 apostolus:
434 2181 499 2202 000
516 2172 569 2211 qui
585 2172 617 2203 in
634 2171 747 2211 quovis
763 2182 881 2212 genere
897 2171 1102 2211 delinquunt,

127 2213 183 2245 sed
202 2214 256 2254 qui
280 2224 410 2254 prorsus
427 2214 553 2245 deserta
569 2214 702 2246 00010013
719 2225 753 2246 00
769 2225 787 2246 3
803 2214 933 2246 Christo
949 2214 1101 2245 alienant.

129 2255 200 2288 Non
223 2257 309 2288 enim
334 2257 385 2288 hic
409 2257 447 2288 de
466 2256 525 2288 1100
541 2257 593 2289 vel
614 2256 670 2288 illo
692 2257 815 2297 peccati
839 2267 958 2298 genere
973 2261 1101 2294 tractat,

128 2299 183 2331 sed
206 2310 260 2331 eos
282 2300 473 2332 nominatim
496 2300 613 2341 arguit,
643 2300 699 2340 qui
724 2299 809 2331 ultro
831 2310 865 2331 se
888 2299 928 2330 ab
950 2300 1102 2332 ecclesiae

128 2343 280 2374 societate
311 2343 510 2375 abdicabant.
556 2343 658 2374 Porro
686 2342 826 2373 multum
853 2343 990 2374 interest
1019 2343 1103 2374 inter

129 2386 340 2424 particulares
370 2386 478 2427 lapsus
508 2390 539 2416 01
567 2385 782 2417 universalem
817 2385 974 2417 eiusmodi
997 2385 1102 2417 defec-

130 2428 260 2468 tionem,
283 2439 346 2469 qua
369 2430 405 2460 fit
429 2434 464 2461 111
487 2439 505 2460 3
524 2428 646 2460 Christi
670 2428 777 2469 gratia
798 2428 832 2459 in
856 2432 959 2459 totum
975 2427 1103 2460 excida-

130 2481 212 2503 mus.
268 2471 354 2510 Quia
385 2476 493 2504 autem
528 2472 650 2503 nemini
683 2471 743 2503 hoc
776 2471 964 2512 contingere
998 2475 1103 2511 potest

129 2513 192 2545 nisi
215 2515 269 2554 qui
292 2515 356 2546 iam
379 2515 581 2547 illuminatus
604 2514 681 2545 fuit:
712 2513 783 2545 ideo
805 2514 897 2553 dixit,
920 2513 1102 2545 voluntarie

130 2561 201 2596 post
223 2562 387 2597 acceptam
410 2558 559 2589 veritatis
581 2557 729 2589 notitiam
752 2556 969 2598 peccantibus.
1008 2556 1057 2588 Ac
1075 2557 1103 2589 si

130 2598 258 2637 diceret,
282 2600 337 2640 qui
359 2600 464 2632 sciens
486 2610 523 2632 30
541 2601 652 2632 volens
674 2601 822 2641 gratiam,
846 2610 943 2641 quam
967 2598 1103 2640 adeptus

129 2648 213 2680 erat,
251 2642 411 2675 abiecerit.
470 2643 564 2675 Nunc
601 2643 710 2675 videre
746 2646 795 2674 est
831 2647 987 2684 quantum
1024 2642 1103 2675 haec

1023 191 1172 224 CAPUT
1195 191 1237 223 X.

308 589 426 628 fiatque
457 599 558 620 unum
588 588 671 619 ovile
702 591 734 618 et
764 596 849 617 unus
889 590 1008 625 pastor.
1065 585 1101 616 Si
1127 599 1129 611 ι

2068 195 2127 225 134

1157 289 1302 321 doctrina
1336 300 1354 320 a
1378 289 1493 320 Novati
1528 299 1636 320 errore
1671 290 1830 321 dissideat.
1888 290 1983 329 Quod
2018 294 2126 322 autem

1157 331 1241 362 solos
1271 336 1434 371 apostatas
1464 332 1516 363 hic
1545 332 1797 372 comprehendat
1827 333 2004 373 apostolus,
2040 339 2127 374 patet

1156 384 1195 404 ex
1220 378 1386 405 contextu:
1418 374 1477 405 hoc
1508 376 1590 405 enim
1616 374 1692 415 agit,
1725 386 1764 406 ne
1788 375 1953 407 ecclesiam
1976 375 2126 407 deserant

1156 417 1210 455 qui
1241 417 1335 448 semel
1367 417 1399 447 in
1430 428 1498 447 eam
1532 418 1658 449 fuerant
1680 419 1829 457 cooptati,
1860 418 2126 458 quemadmodum

1156 458 1240 489 soliti
1271 459 1400 498 quidam
1431 466 1549 491 essent.
1595 460 1689 492 Nunc
1719 460 1836 491 talibus
1860 461 1980 492 nullam
2006 466 2128 493 restare

1155 501 1293 540 amplius
1318 502 1453 533 hostiam
1479 505 1674 542 pronuntiat,
1698 503 1774 543 quia
1793 503 1973 535 voluntarie
1997 510 2128 544 peccent

1156 546 1228 582 post
1247 549 1409 584 acceptam
1426 546 1572 576 veritatis
1592 545 1751 577 notitiam.
1786 545 1885 586 Atqui
1910 547 2126 585 peccatoribus

1156 586 1210 624 qui
1238 597 1302 617 11110
1333 587 1439 627 aliquo
1467 588 1498 618 in
1531 598 1648 628 genere
1677 588 1757 628 lapsi
1788 592 1877 627 sunt,
1912 588 2063 621 Christus
2094 601 2127 621 se

1155 628 1297 666 quotidie
1331 630 1438 661 offert:
1475 636 1509 661 ut
1544 641 1606 662 non
1641 631 1704 662 alia
1738 631 1846 662 hostia
1875 633 2057 671 quaerenda
2087 633 2128 664 sit

1155 671 1324 710 expiandis
1354 683 1462 703 eorum
1494 674 1641 713 peccatis.
1691 674 1841 705 Hostiam
1872 684 1948 714 ergo
1982 674 2021 705 iis
2049 676 2127 706 resi-

1155 712 1250 743 duam
1283 724 1351 744 esse
1382 720 1492 755 negat,
1522 717 1576 755 qui
1607 727 1626 747 a
1655 716 1777 747 Christi
1809 720 1912 747 morte
1942 716 2127 748 discedunt:

1155 755 1240 795 quod
1272 766 1333 786 nou
1362 757 1398 787 fit
1428 759 1614 796 particulari
1639 759 1745 799 aliquo
1769 758 1896 798 11011010,
1926 759 1982 791 sed
2005 760 2128 791 abiecta

1154 798 1188 828 in
1213 802 1316 829 totum
1341 798 1412 829 fide.
1450 800 1540 831 Haec
1556 800 1617 832 Dei
1641 802 1796 834 severitas
1820 803 1947 833 tametsi
1967 802 2128 834 horrenda

1155 845 1217 881 est,
1246 845 1277 871 et
1304 840 1375 872 ideo
1405 844 1595 881 proponitur
1625 849 1660 874 ut
1690 850 1846 876 terrorem
1876 845 2029 877 incutiat:
2064 856 2127 876 non

1154 888 1261 923 potest
1283 888 1391 914 tamen
1414 884 1595 916 insimulari
1618 887 1780 919 saevitiae.
1815 887 1898 918 Nam
1918 897 2017 928 quum
2042 898 2128 919 mors

1155 926 1281 958 Christi
1304 927 1435 957 unicum
1459 927 1500 958 sit
1523 928 1701 959 remedium
1725 940 1789 969 quo
1812 931 1851 961 ab
1874 935 2007 961 aeterna
2025 937 2129 962 morte

1155 969 1346 1000 liberamur:
1377 970 1431 1009 qui
1462 970 1526 1000 vim
1557 970 1643 1001 illius
1672 982 1708 1003 30
1738 973 1936 1010 110001101οω,
1971 979 2128 1014 quantum

1154 1013 1189 1043 in
1214 1022 1248 1043 se
1272 1018 1328 1047 001,
1353 1011 1491 1049 abolent,
1522 1023 1628 1044 nonne
1652 1013 1741 1054 digni
1764 1020 1841 1046 sunt
1864 1016 1980 1055 quibus
2004 1021 2132 1056 praeter

1155 1055 1411 1095 desperationem
1443 1055 1525 1086 nihil
1548 1055 1709 1095 reliquum
1733 1057 1808 1087 fiat?
1854 1057 1917 1097 Qui
1941 1059 1974 1089 in
1999 1059 2131 1090 Christo

1155 1102 1298 1135 manent,
1329 1107 1384 1128 eos
1415 1098 1454 1129 ad
1484 1098 1704 1138 quotidianam
1728 1100 2017 1132 reconciliationem
2040 1102 2131 1133 Deus

1156 1141 1283 1178 invitat,
1303 1140 1443 1180 quotidie
1463 1141 1643 1181 irrigantur
1659 1141 1780 1173 Christi
1799 1144 1966 1183 sanguine,
1990 1144 2131 1184 quotidie

1156 1183 1331 1224 expiantur
1364 1193 1475 1215 eorum
1510 1188 1641 1225 peccata
1674 1190 1828 1225 perpetuo
1861 1187 1929 1216 eius
1965 1187 2131 1219 sacrificio.

1158 1226 1192 1258 Si
1216 1230 1311 1257 extra
1333 1237 1407 1257 eum
1431 1237 1494 1258 non
1518 1232 1566 1258 est
1589 1228 1773 1267 quaerenda
1796 1228 1891 1263 salus.
1913 1240 1953 1259 00
1975 1230 2132 1261 miremur

1156 1280 1278 1309 0111000,
1302 1270 1356 1309 qui
1380 1280 1453 1300 eum
1477 1275 1590 1310 sponte
1613 1271 1808 1310 relinquent,
1833 1271 1917 1302 omui
1941 1282 1996 1312 spe
2020 1273 2132 1304 veniae

1156 1313 1288 1353 privari.
1334 1312 1405 1344 Hoc
1428 1312 1487 1344 sibi
1511 1313 1584 1344 vult
1615 1313 1802 1344 adverbium
1826 1314 1879 1351 ἔτι,
1910 1314 1961 1345 vel
1982 1315 2130 1355 amplius.

1157 1355 1281 1387 Christi
1312 1355 1398 1386 enim
1429 1355 1623 1387 sacrificium
1650 1366 1752 1396 usque
1776 1356 1816 1387 ad
1840 1362 1975 1388 mortem
2000 1358 2061 1397 piis
2084 1363 2132 1389 est

1156 1398 1288 1436 efficax,
1325 1398 1451 1430 etiamsi
1488 1398 1623 1430 subinde
1662 1404 1804 1439 peccent.
1857 1400 1928 1431 Imo
1961 1405 2132 1441 propterea

1158 1441 1301 1482 vigorem
1325 1451 1420 1472 suum
1445 1451 1572 1481 semper
1594 1442 1729 1473 retinet:
1753 1442 1829 1482 quia
1852 1443 1922 1474 fieri
1938 1453 2004 1474 non
2027 1448 2132 1483 potest

1156 1488 1192 1514 ut
1215 1484 1309 1516 vacui
1338 1484 1402 1515 0101
1432 1489 1576 1525 peccato,
1606 1484 1761 1525 quamdiu
1788 1486 1821 1516 in
1849 1496 1945 1517 carne
1973 1486 2131 1518 habitant.

1157 1527 1225 1558 Eos
1248 1527 1347 1568 igitur
1370 1527 1453 1558 solos
1472 1533 1563 1558 notat
1579 1528 1752 1568 apostolus,
1776 1529 1832 1569 qui
1848 1528 2017 1560 Christum
2033 1529 2131 1570 impie

1156 1569 1334 1601 deserendo
1365 1570 1478 1601 mortis
1501 1572 1569 1602 eius
1593 1570 1750 1602 beneficio
1773 1581 1807 1602 se
1841 1572 1982 1612 privant.
2028 1572 2131 1603 Mem-

1157 1613 1250 1644 brum
1268 1612 1358 1651 illud,
1382 1617 1468 1653 post
1485 1618 1691 1654 acceptam
1709 1614 1906 1645 veritatis
1922 1615 2132 1652 notitiam,

1156 1656 1407 1696 exaggerandae
1424 1656 1671 1696 ingratitudinis
1687 1666 1783 1688 causa
1799 1658 1937 1697 positum
1954 1661 2013 1690 est.
2047 1657 2132 1689 Nam

1155 1699 1208 1739 qui
1239 1703 1353 1739 sponte
1383 1708 1419 1730 ac
1449 1699 1626 1731 deliberata
1656 1699 1861 1739 improbitate
1883 1700 1990 1732 lucem
2012 1701 2075 1732 Dei
2099 1702 2132 1732 in

1155 1742 1250 1773 corde
1273 1752 1331 1773 suo
1354 1751 1523 1774 accensam
1546 1743 1734 1783 exstinguit,
1758 1743 1840 1774 nihil
1865 1743 1963 1774 habet
1984 1743 2067 1783 quod
2091 1744 2132 1775 ad

1155 1795 1190 1816 se
1213 1784 1435 1816 excusandum
1451 1784 1522 1816 Deo
1546 1785 1687 1817 obiiciat.
1721 1785 1863 1817 Proinde
1886 1785 2047 1818 discamus
2066 1796 2131 1817 non

1156 1827 1249 1858 modo
1266 1828 1405 1859 oblatam
1423 1827 1514 1859 uobis
1527 1829 1698 1860 veritatem
1716 1833 1903 1860 reverenter
1917 1833 2132 1869 promptaque

1156 1871 1256 1902 animi
1288 1870 1451 1902 docilitate
1481 1871 1644 1911 amplecti,
1675 1871 1730 1902 sed
1760 1871 1794 1902 in
1825 1872 1892 1902 eius
1919 1871 2034 1903 notitia
2057 1881 2132 1903 con-

1155 1918 1279 1944 stanter
1308 1918 1468 1953 perstare,
1503 1924 1544 1945 ne
1574 1919 1640 1945 tam
1675 1918 1799 1946 atroces
1829 1914 1899 1945 eius
1928 1917 2131 1955 contemptae

1155 1967 1274 1997 poenas
1297 1957 1420 1987 demus.

1241 1999 1290 2030 27.
1324 1998 1384 2030 Sed
1409 1999 1560 2031 terribilis
1581 2000 1770 2040 exspectatio.
1816 1999 2005 2031 Cruciatum
2028 2000 2132 2031 malae

1154 2042 1370 2074 conscientiae
1393 2042 1555 2083 significat
1578 2052 1673 2082 quem
1697 2043 1844 2074 sentiunt
1866 2042 1967 2083 impii,
1991 2043 2045 2083 qui
2065 2053 2129 2074 non

1154 2085 1250 2117 modo
1278 2089 1408 2126 gustum
1437 2086 1560 2126 gratiae
1591 2085 1716 2117 nullum
1740 2084 1868 2123 habent,
1899 2085 1955 2117 sed
1978 2091 2130 2126 percepto

1154 2129 1224 2160 eius
1252 2133 1362 2169 gustu,
1395 2138 1454 2159 0113
1483 2128 1577 2169 culpa
1610 2129 1644 2159 in
1678 2132 1869 2168 perpetuum
1903 2138 1936 2160 se
1966 2128 2129 2160 abdicatos

1154 2182 1223 2203 esse
1254 2175 1384 2202 norunt.
1429 2171 1523 2202 Tales
1547 2182 1611 2202 non
1642 2171 1741 2211 pungi
1768 2172 1897 2202 tantum
1921 2182 1958 2203 ac
1980 2171 2129 2209 morderi,

1153 2214 1209 2246 sed
1234 2213 1433 2245 horrendum
1456 2214 1489 2245 in
1512 2215 1642 2246 modum
1659 2214 1800 2254 torqueri
1816 2224 1852 2245 30
1868 2214 1983 2245 1301311
1999 2223 2130 2245 0000000

1154 2263 1213 2289 est.
1258 2257 1344 2288 Hinc
1374 2257 1411 2287 fit
1441 2260 1478 2288 ut
1505 2257 1661 2289 adversus
1683 2256 1790 2287 Deum
1813 2256 2043 2288 contumaciter
2065 2256 2129 2288 fre-

1154 2304 1253 2337 mant,
1277 2299 1430 2339 quoniam
1449 2303 1517 2331 tam
1533 2310 1682 2331 severum
1699 2299 1837 2330 iudicem
1854 2299 1938 2331 ferre
1953 2305 2128 2340 nequeunt.

1155 2343 1298 2374 Tentant
1331 2342 1460 2382 quidem
1493 2343 1600 2374 omnia
1634 2347 1670 2374 ut
1699 2351 1830 2373 sensum
1859 2343 1926 2373 irae
1956 2342 2018 2374 Dei
2048 2352 2066 2374 a
2095 2353 2130 2375 00

1154 2386 1363 2417 amoliantur:
1393 2384 1449 2416 sed
1478 2385 1598 2417 frustra
1627 2385 1658 2415 id
1686 2385 1816 2416 faciunt.
1862 2385 1946 2416 Nam
1973 2385 2130 2417 simulac

1154 2428 1269 2460 breves
1292 2428 1355 2459 illis
1377 2427 1520 2459 indutias
1536 2428 1627 2459 Deus
1647 2427 1814 2465 concessit,
1837 2438 1915 2459 mox
1930 2427 1970 2459 ad
1987 2428 2130 2460 tribunal

1154 2482 1250 2503 suum
1274 2474 1439 2507 retractos,
1464 2472 1634 2502 tormentis
1657 2480 1738 2510 quae
1757 2470 1898 2502 maxime
1915 2471 2052 2511 fugiunt,
2075 2481 2129 2502 eos

1154 2515 1308 2555 exagitat.
1352 2512 1454 2544 Addit
1476 2513 1587 2554 ignis
1610 2513 1756 2544 zelum:
1786 2523 1848 2553 quo
1872 2514 2048 2554 posteriore
2070 2524 2128 2545 no-

1154 2557 1243 2588 10100
1266 2556 1489 2588 vehementem
1513 2556 1679 2596 impetum,
1703 2559 1760 2587 aut
1779 2556 1956 2588 violentum
1979 2556 2129 2588 ardorem

1154 2600 1238 2641 (meo
1273 2598 1400 2640 iudicio)
1435 2599 1604 2640 significat.
1660 2598 1700 2629 10
1733 2608 1812 2630 voce
1846 2599 1933 2640 ignis
1970 2599 2047 2631 trita
2081 2606 2128 2631 est

1155 2642 1353 2683 metaphora.
1407 2641 1688 2681 Quemadmodum
1722 2641 1808 2673 euim
1841 2652 1930 2674 nunc
1962 2642 2053 2683 impii
2084 2642 2128 2673 di-

1879 2701 1911 2727 9·
