2513 3126
291 211 352 242 103
1038 205 1177 236 EPIST.
1203 204 1265 235 AD
1290 204 1537 237 HEBRAEOS
2227 206 2288 237 104

290 307 378 348 plexi
405 312 490 345 sunt,
521 304 603 344 quod
629 302 734 333 Deum
764 306 851 333 certo
874 301 980 332 sciunt
1003 300 1064 332 sibi
1088 300 1262 340 propitium

290 359 374 380 esse:
410 359 467 379 nee
497 347 555 378 sibi
586 346 714 376 obstare
745 350 910 384 peccatum
942 344 992 375 cui
1016 350 1089 374 sunt
1122 343 1262 379 obnoxii,

290 392 365 432 quia
400 390 641 431 promissionem
678 388 791 418 veniae
826 387 956 418 habent.
1010 388 1056 417 Ac
1086 387 1262 417 notandum

291 441 349 471 est,
379 444 441 463 uon
472 434 503 461 in
537 441 635 462 unum
667 431 751 461 diem
784 436 909 461 tantum
939 429 998 461 1100
1022 429 1085 460 11118
1109 428 1264 469 promitti,

291 478 346 509 sed
372 485 470 514 usquo
494 474 527 504 in
552 474 650 504 finem
671 474 766 511 vitae,
791 479 827 503 ut
850 472 1037 512 quotidiana
1060 472 1102 503 sit
1121 472 1264 512 ipsorum

291 529 362 552 oum
386 517 455 547 Deo
486 516 713 548 reconciliatio.
758 515 841 546 Nam
873 514 913 546 ad
944 521 1046 546 totum
1070 514 1191 546 Christi
1218 525 1263 546 10-

291 571 389 602 gnum
425 559 612 590 extenditur
646 559 724 589 haec
757 559 870 598 gratia.
926 557 1021 596 Quod
1056 558 1152 588 etiam
1186 557 1265 588 satis

291 605 488 635 demonstrat
511 602 632 633 Paulus
655 602 685 632 2.
708 600 747 631 ad
765 600 913 632 Corinth.
938 600 1042 640 capite
1065 601 1185 640 quinto.
1223 599 1265 631 Et

290 652 379 679 certe
413 644 472 676 hoc
507 647 638 676 unicum
673 644 746 675 fidei
781 650 911 675 nostrae
941 643 1069 683 asylum
1100 649 1167 674 est:
1201 652 1265 682 quo

291 689 353 720 nisi
391 688 630 728 confugiamus,
670 692 777 718 manet
817 697 875 717 nos
913 685 1043 718 assidua
1076 685 1264 726 desperatio.

291 732 457 763 Tenemur
486 731 572 761 enim
605 739 716 760 omnes
739 729 798 760 sub
822 735 928 760 reatu:
960 739 1018 760 nec
1041 728 1134 759 aliter
1158 739 1266 768 possu-

292 785 364 806 mus
394 774 556 814 explicari,
588 782 684 812 quam
714 773 740 802 si
769 771 807 803 ad
832 771 894 803 Dei
918 771 1170 804 misericordiam
1193 782 1266 802 con·

293 817 466 858 fugiamus,
490 826 570 855 quae
594 826 651 846 nos
674 814 829 846 absolvat.

379 858 420 890 Et
445 859 505 898 ipsi
528 861 618 889 erunt
635 857 723 897 mihi,
747 860 796 889 etc.
830 857 895 888 Hic
914 857 1036 889 fructus
1054 862 1101 888 est
1120 855 1266 891 foederis,

294 904 377 943 quod
409 912 465 933 nos
496 900 586 931 Deus
616 901 648 931 in
678 900 831 940 populum
863 906 998 940 cooptat,
1029 910 1126 940 seque
1155 899 1267 930 salutis

293 954 422 976 nostrae
447 946 512 974 sore
536 944 717 984 praesidem
741 943 864 975 asserit.
905 942 943 973 Id
968 943 1053 973 euim
1077 942 1165 973 valet
1189 941 1268 972 haec

294 986 441 1028 loquendi
471 985 589 1025 forma,
621 996 686 1018 ero
715 986 806 1016 illis
837 986 876 1016 in
908 984 1046 1016 Deum.
1093 984 1180 1023 Quia
1203 994 1267 1014 non

293 1038 339 1062 est
362 1035 565 1060 mortuorum
592 1028 690 1065 Deus,
722 1039 779 1060 nec
801 1029 834 1059 in
860 1028 993 1059 tutelam
1019 1037 1111 1058 suam
1136 1036 1194 1058 nos
1217 1037 1267 1057 re-

291 1073 368 1113 cipit
391 1072 466 1112 quin
490 1072 632 1103 iustitiae
655 1079 687 1103 et
707 1073 793 1102 vitae
817 1082 875 1102 nos
899 1070 994 1102 faciat
1019 1070 1208 1110 participes:
1232 1075 1268 1099 ut

294 1116 408 1147 merito
431 1115 591 1145 exclamet
613 1114 721 1145 David
745 1113 847 1155 (Psal.
866 1113 936 1150 144,
958 1113 1019 1154 15),
1044 1112 1174 1143 1108111111
1199 1122 1268 1142 0880

293 1158 447 1198 0001110111
482 1157 533 1189 0111
568 1156 730 1188 Dominus
764 1163 813 1188 est
848 1156 947 1188 Deus.
998 1156 1101 1187 Porro
1135 1155 1268 1185 minime

293 1201 426 1232 dubium
462 1203 511 1232 est
544 1200 622 1240 quin
657 1199 696 1230 ad
728 1210 786 1231 nos
814 1200 975 1240 pertineat
1004 1198 1082 1229 haec
1112 1197 1267 1229 (1οο11108.

292 1244 436 1275 Tametsi
466 1243 550 1274 enim
582 1242 703 1282 primas
734 1247 847 1274 tenent
869 1241 1050 1278 Israelitae,
1085 1247 1116 1271 et
1146 1240 1267 1281 proprii

293 1293 369 1318 sunt
399 1295 435 1317 ac
470 1286 605 1326 legitimi
640 1285 774 1316 foederis
809 1284 978 1316 haeredes:
1013 1294 1123 1314 eorum
1158 1289 1267 1314 tamen

292 1329 520 1371 praerogativa
560 1338 625 1359 non
667 1327 801 1368 impedit
841 1327 1012 1367 quominus
1050 1326 1138 1357 100118
1176 1325 1268 1357 001118

292 1372 389 1403 etiam
424 1376 541 1412 pateat.
593 1371 741 1410 Denique
770 1380 867 1410 quam
899 1370 994 1410 longe
1025 1369 1152 1409 lateque
1181 1374 1268 1408 patet

292 1414 417 1446 Christi
452 1424 603 1454 regnum,
637 1413 732 1445 simul
762 1414 849 1453 viget
882 1412 1025 1444 salutare
1059 1412 1119 1443 hoc
1147 1411 1268 1442 foedus.

295 1456 359 1489 Sed
393 1457 558 1497 quaeritur
592 1466 632 1487 an
667 1456 726 1487 sub
760 1455 831 1496 lege
866 1455 956 1486 nulla
990 1455 1088 1486 fuerit
1119 1461 1207 1486 certa
1237 1459 1270 1485 01

293 1500 407 1531 efficax
430 1499 543 1531 salutis
564 1499 745 1538 promissio,
772 1509 814 1529 an
838 1498 973 1538 spiritus
995 1497 1100 1538 gratia
1123 1496 1268 1528 destituti

293 1543 415 1574 fuerint
439 1548 556 1583 patres,
579 1552 620 1572 an
644 1541 769 1572 nullum
794 1546 946 1581 paternae
963 1540 1024 1572 Dei
1049 1539 1269 1580 indulgentiae

293 1587 326 1617 in
350 1585 552 1616 remittendis
575 1584 714 1624 peccatis
737 1589 869 1625 gustum
893 1582 1077 1614 habuerint.
1112 1582 1179 1613 lmo
1196 1593 1270 1614 con·

293 1633 358 1659 stat
386 1638 439 1659 eos
462 1629 586 1659 sincero
617 1626 721 1667 corde,
751 1636 893 1667 puraque
916 1625 1109 1658 conscientia
1131 1625 1269 1657 coluisse

293 1671 410 1710 Deum,
440 1676 471 1702 et
502 1669 684 1701 ambulasse
712 1671 747 1701 in
770 1670 838 1701 eius
862 1669 1034 1701 mandatis.
1080 1668 1174 1708 Quod
1199 1668 1269 1699 fieri

293 1724 358 1745 non
391 1720 532 1754 poterat,
567 1713 629 1744 nisi
663 1713 753 1744 intus
786 1712 890 1744 edocti
925 1711 1060 1743 fuissent
1093 1721 1111 1742 8
1143 1711 1268 1751 spiritu.

293 1757 432 1788 Constat
459 1757 555 1787 etiam
580 1756 708 1795 quoties
731 1755 926 1796 reputabant
948 1761 1079 1795 peccata
1101 1764 1168 1792 sua,
1197 1764 1270 1794 gra—

294 1799 395 1830 tuitae
411 1799 526 1830 veniae
549 1799 668 1830 fiducia
690 1799 789 1830 fuisse
812 1804 944 1830 erectos.
978 1798 1080 1837 Atqui
1104 1797 1269 1837 apostolus

292 1841 497 1882 prophetiam
514 1841 670 1872 Ieremiae
692 1841 865 1873 reiiciendo
888 1841 921 1872 in
937 1840 1064 1872 Christi
1082 1840 1269 1878 adventum,

294 1885 421 1916 videtur
445 1891 582 1924 utroque
606 1884 689 1915 bono
712 1884 783 1915 illos
802 1885 940 1924 privare.
977 1883 1181 1923 Respondeo‚
1204 1893 1268 1913 non

294 1928 484 1967 simpliciter
514 1926 627 1967 negari
650 1927 728 1966 quin
753 1927 842 1958 Deus
865 1926 940 1958 olim
964 1936 1096 1957 suorum
1119 1925 1269 1956 cordibus

294 1970 397 2009 legem
421 1970 633 2009 inscripserit,
655 1975 687 2000 et
710 1969 774 2000 illis
793 1969 1023 2001 condonaverit
1046 1974 1189 2008 peccata:
1214 1967 1268 1998 sed

294 2013 563 2052 comparationem
591 2021 661 2043 esse
684 2012 816 2043 maioris
840 2017 873 2043 et
895 2011 1038 2043 minoris.
1085 2011 1169 2050 Quia
1192 2021 1269 2051 ergo

295 2055 399 2086 multo
423 2054 552 2085 uberius
576 2054 635 2085 sub
657 2054 783 2086 Christi
806 2065 906 2095 regno
936 2053 1114 2094 potentiam
1137 2053 1270 2093 spiritus

295 2098 347 2129 sui
378 2098 523 2128 exseruit
551 2103 651 2137 pater,
683 2107 838 2137 suamque
867 2096 1119 2128 misericordiam
1150 2097 1183 2127 in
1213 2095 1269 2126 ho-

295 2141 399 2171 mines
429 2139 562 2171 effudit:
596 2139 675 2171 haec
703 2140 877 2171 eminentia
907 2139 982 2170 facit
1013 2145 1048 2170 ut
1074 2139 1130 2169 1118
1153 2139 1271 2178 exigua

296 2184 421 2223 gratiae
444 2183 560 2223 portio,
586 2192 648 2223 qua
671 2186 779 2223 patres
803 2182 862 2213 sub
885 2182 956 2223 lege
979 2182 1131 2222 dignatus
1153 2188 1212 2217 est,
1236 2181 1269 2212 in

295 2227 454 2256 rationem
483 2236 545 2256 non
578 2225 695 2257 veniat.
741 2225 899 2256 Videmus
928 2225 1024 2255 etiam
1053 2229 1088 2255 ut
1117 2224 1271 2255 obscurae

296 2274 327 2300 01
356 2268 522 2299 involutae
552 2268 671 2299 fuerint
700 2274 778 2299 tunc
807 2268 1052 2308 promissiones,
1082 2271 1119 2298 ut
1141 2271 1269 2298 tantum

296 2312 472 2343 emicarent
509 2312 613 2342 instar
649 2310 745 2342 lunae
782 2317 814 2342 et
851 2310 1035 2347 stellarum,
1072 2316 1187 2350 praeut
1223 2316 1271 2340 est

297 2353 458 2394 evangelii
486 2353 616 2385 claritas
646 2364 727 2394 quae
757 2353 850 2385 nobis
873 2353 1017 2394 affulget.
1061 2351 1098 2384 Si
1123 2354 1194 2392 quis
1218 2352 1271 2383 ob-

298 2397 391 2434 iiciat,
415 2397 462 2428 ita
484 2396 673 2428 excelluisse
696 2396 849 2428 Abrahae
872 2396 968 2427 fidem
992 2400 1024 2427 et
1047 2395 1271 2432 obedientiam,

299 2481 409 2512 liceat:
444 2482 632 2522 respondeo,
662 2481 715 2513 hic
749 2493 813 2513 non
845 2482 1004 2522 disputari
1039 2481 1079 2512 de
1117 2480 1271 2519 personis,

299 2523 354 2554 sed
389 2524 427 2554 de
463 2526 649 2556 oeconomia
685 2524 846 2566 regendae
883 2524 1045 2556 ecclesiae.
1098 2523 1273 2554 Praeterea

299 2565 454 2605 quidquid
485 2567 698 2606 spiritualium
727 2568 885 2599 donorum
910 2566 1099 2607 consequuti
1121 2574 1196 2597 sunt
1220 2575 1273 2605 pa-

299 2614 374 2645 tres,
398 2610 488 2649 quasi
507 2610 703 2642 accidentale
722 2611 819 2641 fuisse
835 2620 945 2641 eorum
965 2608 1103 2640 saeculo.
1138 2607 1272 2639 Necesse

300 2651 387 2682 enim
419 2656 488 2683 erat
519 2652 627 2684 oculos
656 2654 690 2684 iu
714 2653 882 2684 Christum
906 2653 1072 2690 coniicere,
1102 2654 1138 2682 ut
1160 2660 1272 2682 eorum

1315 305 1478 341 compotes
1513 302 1634 332 tierent.
1692 300 1802 340 Quare
1840 312 1903 332 non
1941 301 2079 333 absurde
2112 303 2287 341 apostolus,

1315 344 1519 384 evangelium
1545 354 1616 375 cum
1642 344 1711 384 lege
1734 343 1935 382 conferendo,
1966 344 2041 376 huic
2068 343 2182 375 adimit
2204 346 2287 384 quod

1315 386 1401 417 illius
1438 393 1486 417 081
1524 388 1698 427 0100110111.
1756 386 1884 418 Interea
1923 392 2029 418 tamen
2069 387 2150 418 nihil
2184 388 2289 418 obstat

1315 429 1487 468 quominus
1521 431 1597 460 novi
1636 430 1773 460 foederis
1811 430 1949 470 gratiam
1986 429 2074 461 Deus
2107 429 2146 460 ad
2183 436 2289 470 patres

1316 471 1508 503 extenderit.
1554 471 1643 503 Haeo
1668 482 1744 503 vera
1767 480 1815 503 est
1838 472 1966 503 solutio.

1403 514 1452 544 ll.
1476 513 1518 545 Et
1540 524 1602 545 non
1623 514 1774 555 docebunt,
1803 518 1852 546 etc.
1899 514 2052 546 Diximus
2075 514 2134 546 1100
2158 515 2288 546 1011111111

1316 562 1413 596 caput
1449 567 1519 588 esse
1557 558 1647 597 quasi
1684 558 1816 589 secundi
1857 564 1998 598 partem,
2040 557 2094 589 ubi
2136 557 2290 589 habetur:

1318 609 1459 639 ponam
1485 599 1596 639 leges
1627 610 1733 631 meas
1763 601 1803 631 in
1836 607 1964 632 mente
1987 600 2183 640 ipsorum.
2232 600 2290 632 Est

1317 643 1401 673 enim
1423 652 1503 681 opus
1533 642 1666 681 spiritus
1693 643 1761 680 Dei,
1790 643 1972 674 illuminare
2002 649 2126 674 mentes
2155 649 2291 680 nostras,

1318 690 1353 715 ut
1377 684 1516 715 sciamus
1538 683 1614 724 quid
1637 684 1727 716 Deus
1751 686 1842 717 velit:
1873 692 1904 717 et
1927 686 2023 717 corda
2046 685 2077 716 in
2101 686 2290 726 obsequium

1318 727 1455 758 flectere.
1490 726 1574 758 Nam
1599 735 1686 758 recta
1706 727 1766 759 Dei
1789 729 1930 768 cognitio
1953 729 2111 767 sapientia
2133 734 2192 766 est,
2211 738 2293 768 quae

1320 769 1454 800 humani
1483 769 1603 810 ingenii
1633 776 1761 809 captum
1791 771 1885 811 longe
1908 777 2096 810 exsuperat:
2126 770 2198 802 ideo
2220 781 2291 802 eam

1319 813 1451 852 adipisci
1477 822 1571 842 nemo
1588 819 1702 852 potest,
1726 813 1788 844 nisi
1805 824 1921 844 810808
1937 814 2068 853 spiritus
2084 813 2291 845 revelatione.

1321 854 1539 893 Quamobrem
1558 854 1687 888 Iesaias.
1712 866 1811 895 quum
1831 855 1869 886 de
1885 856 2035 887 ecclesiae
2059 857 2293 887 instauratione

1320 898 1540 933 concionatur,
1570 897 1645 928 dicit
1677 898 1759 928 filios
1784 897 1845 928 Dei
1876 908 1986 929 001008
2015 899 2083 929 eius
2108 899 2175 930 fore
2199 899 2291 930 disci-

1321 940 1413 980 pulos
1436 939 1530 980 (lesa.
1550 939 1602 980 28,
1627 940 1692 980 16).
1728 940 1851 970 Eodem
1875 950 1971 971 sensu
1994 941 2150 980 propheta
2174 948 2293 979 noster,

1320 993 1417 1021 quum
1442 982 1550 1013 Deum
1575 983 1617 1013 ita
1641 982 1826 1023 loquentem
1851 982 1990 1013 inducit:
2015 991 2208 1024 cognoscent
2232 994 2294 1015 me.

1320 1025 1433 1065 Neque
1463 1026 1549 1056 enim
1574 1024 1664 1056 Deus
1694 1026 1855 1066 promittit
1884 1026 1967 1065 quod
2002 1031 2051 1056 est
2084 1027 2116 1057 in
2142 1027 2293 1058 facultate

1321 1075 1431 1099 nostra
1454 1068 1607 1108 positum,
1636 1068 1691 1099 sed
1716 1068 1800 1108 quod
1824 1068 1892 1108 ipse
1916 1068 2003 1099 solus
2026 1069 2117 1100 nobis
2141 1075 2294 1109 praestat.

1321 1110 1468 1150 Denique
1498 1111 1693 1141 tantundem
1723 1111 1833 1142 valent
1866 1111 1944 1142 haec
1978 1111 2155 1151 prophetae
2183 1113 2295 1151 verba,

1320 1165 1356 1185 ac
1380 1154 1405 1184 si
1430 1154 1575 1191 dixisset,
1599 1161 1723 1185 mentes
1747 1159 1875 1185 nostras
1898 1164 2009 1185 caecas
2032 1164 2110 1189 esse.
2143 1161 2296 1194 rectaque

1320 1196 1537 1236 intelligentia
1572 1206 1703 1233 vacuas,
1738 1196 1838 1228 donec
1872 1197 1989 1236 spiritu
2021 1196 2083 1228 Dei
2115 1196 2295 1229 illustratae

1321 1240 1450 1270 fuerint.
1495 1239 1547 1271 Ita.
1570 1239 1609 1270 ab
1632 1239 1672 1270 iis
1695 1239 1770 1271 solis
1793 1240 1853 1270 rite
1876 1238 1967 1270 Deus
1989 1239 2201 1280 cognoscitur,
2224 1240 2293 1280 qui-

1321 1283 1379 1313 bus
1416 1292 1450 1314 80
1489 1281 1643 1322 peculiari
1684 1282 1788 1323 gratia
1828 1282 2006 1322 patefacere
2047 1282 2200 1322 dignatus
2237 1288 2297 1314 est.

1322 1325 1430 1364 Quum
1469 1325 1561 1362 dicit,
1599 1335 1618 1356 a
1656 1335 1783 1365 parvo
1823 1325 1869 1356 ad
1907 1335 2112 1365 magnum:
2154 1326 2294 1365 primum

1321 1368 1484 1408 significat
1508 1368 1541 1398 in
1566 1378 1676 1399 omnes
1698 1367 1828 1399 ordines
1851 1367 1988 1398 effusum
2011 1368 2049 1398 iri
2067 1368 2129 1399 Dei
2147 1369 2296 1408 gratiam,

1322 1412 1364 1442 ita
1398 1418 1434 1441 ut
1468 1410 1594 1441 nullum
1630 1411 1672 1441 sit
1710 1410 1876 1442 hominum
1909 1420 2011 1450 genus
2044 1410 2132 1441 illius
2169 1420 2296 1450 expers.

1324 1454 1448 1484 Deinde
1471 1453 1634 1491 admonet,
1669 1463 1772 1493 neque
1802 1453 1900 1484 rudes
1923 1462 1960 1484 ac
1982 1452 2124 1492 plebeios
2148 1452 2295 1485 homines

1322 1496 1484 1537 prohiberi
1509 1507 1527 1527 8
1549 1495 1678 1527 00010811
1701 1496 1870 1536 sapientia,
1901 1502 1932 1527 et
1955 1505 2088 1536 magnos
2111 1505 2149 1527 ac
2173 1495 2296 1526 nobiles

1322 1539 1361 1571 ad
1384 1549 1454 1570 eam
1479 1549 1538 1570 sua
1558 1539 1752 1579 perspicacia
1769 1539 1818 1570 vel
1837 1538 2001 1570 doctrinae
2020 1539 2214 1569 adiumentis
2229 1548 2296 1569 non

1321 1583 1501 1622 pervenire.
1552 1581 1608 1614 Sic
1637 1582 1761 1613 infimos
1795 1587 1827 1612 et
1855 1581 2013 1622 ignobiles
2041 1581 2176 1613 summis
2206 1580 2296 1612 Deus

1321 1626 1497 1666 coniungit,
1529 1631 1564 1656 ut
1594 1634 1698 1665 neque
1726 1624 1798 1656 illos
1815 1634 1875 1656 sua
1897 1623 2022 1655 ruditas
2044 1623 2208 1663 impediat,
2241 1634 2296 1655 ne—

1322 1679 1382 1708 que
1410 1668 1443 1699 hi
1474 1667 1604 1709 proprio
1626 1668 1774 1699 acumine
1797 1672 1862 1698 tam
1886 1666 1950 1698 alte
1973 1666 2206 1698 conscendant:
2239 1666 2295 1698 sed

1321 1722 1404 1743 unus
1427 1721 1585 1751 peraeque
1607 1711 1753 1742 omnium
1777 1710 1932 1750 magister
1954 1709 1997 1741 sit
2019 1709 2161 1749 spiritus.
2201 1708 2296 1748 Quod

1321 1760 1429 1785 autem
1459 1754 1590 1785 fanatici
1623 1753 1769 1785 homines
1799 1753 1875 1784 hinc
1904 1752 2104 1784 occasionem
2134 1752 2298 1791 arripiunt

1321 1797 1497 1828 abolendae
1520 1802 1675 1828 externae
1699 1795 1955 1836 praedicationis,
1978 1805 2015 1826 80
2038 1796 2064 1826 81
2087 1794 2147 1826 sub
2170 1794 2296 1826 Christi

1323 1850 1421 1879 regno
1455 1845 1540 1871 esset
1574 1848 1792 1879 supervacua:
1827 1838 1920 1870 facile
1951 1848 2062 1869 eorum
2094 1837 2220 1868 insania
2247 1847 2297 1869 re-

1323 1883 1452 1914 fellitur.
1497 1882 1588 1913 Haec
1618 1892 1729 1913 eorum
1752 1887 1800 1913 est
1823 1881 1971 1921 obiectio,
2002 1886 2072 1921 post
2096 1879 2219 1912 Christi
2243 1879 2298 1911 811-

1323 1932 1456 1956 ventum
1480 1935 1544 1956 non
1569 1925 1664 1956 debet
1686 1924 1822 1964 quisque
1845 1923 2028 1964 proximum
2052 1933 2146 1954 suum
2167 1923 2295 1954 docere:

1323 1968 1459 2000 facessat
1487 1969 1588 2009 igitur
1616 1973 1788 1999 externum
1819 1967 2052 2005 ministerium,
2085 1972 2120 1996 ut
2151 1966 2299 1997 internae

1325 2011 1385 2042 Dei
1423 2011 1629 2051 inspirationi
1667 2010 1762 2041 detur
1799 2009 1896 2041 locus.
1953 2010 2054 2049 Atqui
2092 2012 2299 2049 praetereunt

1323 2054 1407 2094 quod
1440 2054 1601 2093 imprimis
1631 2052 1910 2084 animadversione
1943 2051 2075 2091 dignum
2109 2057 2187 2082 erat.
2231 2049 2295 2081 Ne-

1323 2107 1384 2137 que
1417 2097 1503 2127 enim
1534 2097 1568 2127 in
1603 2101 1707 2127 totum
1741 2095 1901 2136 propheta
1928 2100 2028 2135 negat
2061 2094 2138 2134 quin
2172 2093 2296 2124 docturi

1324 2141 1386 2171 sint
1416 2139 1470 2170 alii
1502 2139 1590 2177 alios,
1620 2139 1675 2170 sed
1706 2138 1786 2170 haec
1809 2143 1883 2169 sunt
1908 2138 2022 2169 verba:
2048 2145 2113 2167 non
2137 2135 2296 2170 docebunt

1324 2182 1472 2213 dicendo:
1506 2182 1673 2222 Cognosce
1706 2181 1891 2212 Dominum.
1937 2181 1985 2211 Ac
2014 2179 2039 2210 si
2062 2179 2195 2216 diceret,
2220 2177 2293 2209 Non

1324 2225 1460 2265 amplius
1482 2225 1649 2264 occupabit
1669 2224 1834 2255 hominum
1853 2229 1977 2254 mentes
1992 2221 2175 2263 ignorantia
2190 2220 2296 2260 qualis

1324 2268 1472 2308 antehac,
1502 2274 1538 2299 ut
1566 2268 1712 2298 nesciant
1734 2266 1806 2306 quis
1829 2266 1870 2297 sit
1892 2265 1993 2296 Deus.
2038 2262 2165 2295 Scimus
2187 2270 2296 2294 autem

1325 2310 1483 2350 duplicem
1507 2321 1576 2342 esse
1596 2310 1761 2341 doctrinae
1777 2319 1880 2345 usum,
1903 2310 2017 2348 primu,
2039 2310 2077 2337 ut
2092 2306 2144 2346 qui
2169 2307 2298 2346 penitus

1324 2353 1420 2384 rudes
1443 2359 1529 2390 sunt,
1553 2363 1572 2384 8
1595 2353 1708 2393 primis
1730 2351 1898 2384 elementis
1915 2350 2086 2389 incipiant:
2110 2348 2234 2384 deinde,
2260 2354 2295 2379 ut

1297 2431 1299 2436 ,
1324 2396 1378 2435 qui
1412 2397 1476 2427 iam
1506 2402 1583 2427 sunt
1612 2395 1744 2431 initiati,
1779 2394 1914 2425 maiores
1948 2391 2067 2422 faciant
2095 2401 2296 2431 progressus.

298 2444 333 2469 ut
356 2449 414 2478 par
439 2439 533 2470 hodie
557 2439 591 2470 in
615 2445 683 2470 toto
703 2439 823 2471 mundo
839 2439 1025 2479 exemplum
1041 2438 1190 2469 invenire
1205 2448 1271 2468 non
1297 2437 1299 2444 ‘

1325 2438 1432 2477 Quum
1463 2449 1540 2479 ergo
1562 2438 1758 2470 Christianis
1787 2434 1940 2475 quamdiu
1971 2435 2096 2470 vivunt,
2128 2434 2295 2474 proficien-

1325 2481 1400 2512 dum
1430 2482 1481 2519 sit,
1510 2489 1635 2513 certum
1665 2486 1723 2517 est,
1753 2478 1912 2510 neminem
1944 2486 2046 2516 usque
2075 2476 2154 2508 adeo
2183 2486 2299 2516 sapere

1324 2526 1400 2563 quin
1425 2524 1530 2555 doceri
1553 2533 1634 2563 opus
1656 2521 1784 2559 habeat,
1811 2526 1847 2550 ut
1876 2530 1950 2560 pars
1974 2530 2037 2550 non
2061 2526 2222 2560 postrema
2244 2529 2296 2550 sa-

1325 2567 1465 2606 pientiae
1495 2573 1625 2597 nostrae
1654 2568 1695 2595 sit
1726 2563 1881 2595 docilitas.
1933 2561 2027 2601 Quae
2057 2569 2166 2593 autem
2200 2562 2295 2602 profi-

1325 2610 1429 2640 ciendi
1463 2610 1504 2639 sit
1537 2608 1618 2639 ratio
1647 2607 1673 2638 si
1709 2606 1844 2637 velimus
1875 2604 2000 2637 Christi
2033 2614 2103 2636 esse
2137 2603 2297 2645 discipuli,

1326 2651 1448 2683 Paulus
1466 2651 1607 2683 ostendit
1629 2649 1669 2680 ad
1685 2648 1844 2689 Ephesios
1867 2648 1971 2688 capite
1989 2647 2019 2686 4,
2045 2648 2094 2688 11,
2117 2645 2298 2679 Constituit.
