2513 3126
964 803 1303 838 ARGUMENTUM.

226 1006 371 1038 Tametsi
402 1005 441 1037 de
469 1005 531 1038 hac
560 1013 687 1045 quoque
717 1003 852 1045 epistola
881 1002 1019 1035 diversis
1042 1013 1114 1034 sen·
1166 1002 1218 1034 nis
1249 1001 1381 1043 percelli
1409 1000 1531 1040 fideles,
1560 1001 1677 1042 quibus
1707 1011 1835 1042 semper
1863 1001 2012 1042 impetita
2041 1001 2139 1034 fuerit

143 1049 255 1082 tentiis
277 1050 364 1081 inter
381 1052 506 1081 veteres
529 1051 690 1079 certatum
706 1047 784 1078 fuit:
808 1046 883 1087 quia
899 1048 1009 1078 tamen
1025 1045 1114 1077 utilis
1167 1044 1317 1077 ecclesia:
1347 1048 1379 1076 et
1408 1048 1518 1075 tamen
1541 1046 1577 1075 ut
1599 1044 1659 1076 sibi
1682 1043 1722 1076 ab
1745 1044 1903 1076 eiusmodi
1927 1044 2070 1085 pestibus
2093 1054 2142 1076 se-

142 1097 192 1125 est
223 1092 324 1130 lectu,
367 1102 426 1124 nec
460 1091 637 1132 quidquam
672 1100 691 1121 a
724 1089 888 1121 doctrinae
922 1088 1114 1129 apostolicae
1168 1087 1244 1120 dulo
1273 1091 1420 1126 caveant,
1451 1086 1611 1118 hortatur.
1658 1087 1732 1127 Quo
1763 1092 1874 1119 autem
1897 1088 2000 1128 magis
2024 1097 2139 1119 exosos

141 1135 284 1177 puritate
313 1134 455 1166 alienum
484 1134 640 1174 continet,
670 1133 801 1173 iamque
827 1132 903 1164 olim
926 1131 1011 1172 apud
1035 1131 1115 1172 opti·
1167 1130 1283 1163 reddat
1306 1141 1343 1163 ac
1366 1129 1581 1168 detestabiles,
1605 1140 1716 1162 severe
1740 1131 1955 1171 propinquam
1980 1130 2044 1162 Dei
2066 1130 2140 1162 vin-

141 1188 212 1210 mos
232 1188 375 1219 quosque
398 1177 609 1209 autoritatem
630 1176 779 1214 obtinuit,
802 1185 874 1207 eam
889 1174 1029 1206 libenter
1045 1174 1116 1206 aliis
1169 1174 1303 1211 dictam,
1334 1173 1463 1214 qualem
1492 1183 1603 1204 eorum
1633 1178 1776 1205 meretur
1805 1174 1971 1214 impietas,
2003 1172 2067 1204 illis
2090 1172 2143 1204 de-

142 1221 330 1253 adnumero.
368 1220 523 1252 Brevitas
546 1229 642 1260 porro
665 1219 767 1260 ipsius
782 1218 915 1259 longam
931 1217 1115 1258 argumenti
1169 1216 1308 1249 nuntiat.
1347 1216 1418 1248 Iam
1442 1216 1470 1247 si
1493 1220 1680 1256 reputemus
1703 1216 1779 1256 quid
1803 1221 1915 1248 nostra
1938 1216 1999 1248 hac
2018 1226 2144 1257 quoque

142 1264 370 1296 tractationem
404 1273 471 1294 non
506 1262 684 1294 desiderat:
722 1266 752 1293 et
786 1265 855 1293 tota
880 1261 954 1292 -fere
988 1270 1117 1292 summa
1169 1264 1274 1292 aetate
1304 1259 1344 1291 ab
1374 1258 1506 1291 exordio
1537 1260 1736 1291 renascentis
1764 1259 1926 1300 evangelii
1949 1258 2081 1291 molitus
2104 1259 2146 1290 sit

142 1316 215 1339 cum
248 1305 390 1338 secundo
423 1306 593 1346 proximae
627 1304 782 1346 epistolae
816 1304 920 1345 capite
953 1303 1116 1336 convenit.
1170 1302 1285 1343 Satan,
1314 1306 1346 1334 et
1369 1302 1485 1343 quibus
1508 1301 1616 1334 adhuc
1639 1302 1761 1334 artibus
1785 1302 1882 1334 fidem
1906 1303 1939 1334 et
1962 1301 2026 1333 Dei
2049 1301 2146 1333 timo-

144 1348 230 1389 Quia
272 1350 359 1381 enim
396 1348 457 1380 sub
495 1348 729 1380 christianismi
777 1347 871 1379 titulo
908 1347 1118 1387 obrepserant
1170 1356 1239 1377 rem
1271 1345 1460 1377 subvertere
1489 1348 1634 1385 satagat:
1667 1355 1748 1385 quae
1772 1344 1873 1377 Iudae
1898 1344 2036 1385 tempori
2060 1344 2150 1376 utilis

143 1391 233 1433 impii
256 1391 444 1431 nebulones,
468 1391 584 1432 quibus
608 1401 735 1423 summa
753 1390 905 1431 voluptas
929 1393 1006 1429 erat,
1028 1389 1118 1421 leves
1170 1388 1233 1420 fuit
1256 1388 1444 1426 admonitio,
1468 1392 1579 1420 nostro
1601 1388 1772 1428 plusquam
1789 1388 1971 1420 necessaria
1986 1390 2045 1419 est.
2084 1386 2150 1419 Sed

144 1438 176 1466 et
198 1435 345 1467 infirmos
368 1434 522 1466 inducere
545 1435 579 1466 in
604 1434 774 1475 profanum
793 1433 855 1465 Dei
879 1436 1115 1473 contemptum:
1170 1431 1231 1464 hoc
1253 1435 1358 1463 totum
1382 1442 1423 1464 ex
1445 1430 1601 1472 epistolae
1624 1430 1763 1463 lectione
1787 1431 1903 1463 melius
1927 1431 2078 1463 discetur.

143 1476 284 1518 primum
307 1477 450 1510 ostendit
473 1477 582 1517 Iudas,
608 1487 673 1510 non
690 1476 806 1509 debere
822 1476 979 1509 eiusmodi
995 1475 1116 1508 machi-

1898 2757 1947 2783 31*
