<?xml version="1.0" encoding="UTF-8"?>
<!DOCTYPE html PUBLIC "-//W3C//DTD XHTML 1.0 Transitional//EN"
    "http://www.w3.org/TR/xhtml1/DTD/xhtml1-transitional.dtd">
<html xmlns="http://www.w3.org/1999/xhtml" xml:lang="en" lang="en">
 <head>
  <title>
</title>
<meta http-equiv="Content-Type" content="text/html;charset=utf-8" />
  <meta name='ocr-system' content='tesseract 3.04.00' />
  <meta name='ocr-capabilities' content='ocr_page ocr_carea ocr_par ocr_line ocrx_word'/>
</head>
<body>
  <div class='ocr_page' id='page_1' title='image "./ioanniscalviniop55calv_0187.png"; bbox 0 0 2513 3126; ppageno 0'>
   <div class='ocr_carea' id='block_1_1' title="bbox 127 158 188 190">
    <p class='ocr_par' dir='ltr' id='par_1_1' title="bbox 127 158 188 190">
     <span class='ocr_line' id='line_1_1' title="bbox 127 158 188 190; baseline 0 -1"><span class='ocrx_word' id='word_1_1' title='bbox 127 158 188 190; x_wconf 72' lang='lat'>321</span> 
     </span>
    </p>
   </div>
   <div class='ocr_carea' id='block_1_2' title="bbox 113 253 1095 2652">
    <p class='ocr_par' dir='ltr' id='par_1_2' title="bbox 123 253 1095 640">
     <span class='ocr_line' id='line_1_2' title="bbox 129 253 1093 294; baseline -0.006 -5"><span class='ocrx_word' id='word_1_2' title='bbox 129 258 242 290; x_wconf 88' lang='lat' dir='ltr'>aetatis</span> <span class='ocrx_word' id='word_1_3' title='bbox 266 267 341 290; x_wconf 87' lang='lat' dir='ltr'>suae</span> <span class='ocrx_word' id='word_1_4' title='bbox 371 257 518 289; x_wconf 78' lang='lat' dir='ltr'>hominos</span> <span class='ocrx_word' id='word_1_5' title='bbox 547 256 677 288; x_wconf 88' lang='lat' dir='ltr'>lactavit</span> <span class='ocrx_word' id='word_1_6' title='bbox 707 265 763 294; x_wconf 85' lang='lat' dir='ltr'>spe</span> <span class='ocrx_word' id='word_1_7' title='bbox 793 253 894 293; x_wconf 89' lang='lat' dir='ltr'>inani,</span> <span class='ocrx_word' id='word_1_8' title='bbox 928 263 1033 293; x_wconf 85' lang='lat' dir='ltr'>neque</span> <span class='ocrx_word' id='word_1_9' title='bbox 1062 254 1093 284; x_wconf 90' lang='lat' dir='ltr'>in</span> 
     </span>
     <span class='ocr_line' id='line_1_3' title="bbox 127 296 1095 341; baseline -0.006 -9"><span class='ocrx_word' id='word_1_10' title='bbox 127 305 293 341; x_wconf 88' lang='lat' dir='ltr'>posterum</span> <span class='ocrx_word' id='word_1_11' title='bbox 327 300 429 332; x_wconf 87' lang='lat' dir='ltr'>voluit</span> <span class='ocrx_word' id='word_1_12' title='bbox 466 299 653 331; x_wconf 78' lang='lat' dir='ltr'><strong>abscindere</strong></span> <span class='ocrx_word' id='word_1_13' title='bbox 690 296 841 328; x_wconf 84' lang='lat' dir='ltr'>ecclesiae</span> <span class='ocrx_word' id='word_1_14' title='bbox 878 306 1024 333; x_wconf 87' lang='lat' dir='ltr'>cursum,</span> <span class='ocrx_word' id='word_1_15' title='bbox 1063 300 1095 327; x_wconf 91' lang='lat' dir='ltr'>et</span> 
     </span>
     <span class='ocr_line' id='line_1_4' title="bbox 127 337 1092 379; baseline -0.006 -4"><span class='ocrx_word' id='word_1_16' title='bbox 127 344 247 375; x_wconf 88' lang='lat' dir='ltr'>multas</span> <span class='ocrx_word' id='word_1_17' title='bbox 270 353 429 374; x_wconf 90' lang='lat' dir='ltr'>annorum</span> <span class='ocrx_word' id='word_1_18' title='bbox 442 342 667 378; x_wconf 76' lang='lat' dir='ltr'>successiones,</span> <span class='ocrx_word' id='word_1_19' title='bbox 691 338 809 379; x_wconf 90' lang='lat' dir='ltr'>quibus</span> <span class='ocrx_word' id='word_1_20' title='bbox 826 339 888 370; x_wconf 92' lang='lat' dir='ltr'>huc</span> <span class='ocrx_word' id='word_1_21' title='bbox 911 349 1011 379; x_wconf 88' lang='lat' dir='ltr'>usque</span> <span class='ocrx_word' id='word_1_22' title='bbox 1035 337 1092 370; x_wconf 91' lang='lat' dir='ltr'>du-</span> 
     </span>
     <span class='ocr_line' id='line_1_5' title="bbox 127 381 1093 422; baseline -0.007 -4"><span class='ocrx_word' id='word_1_23' title='bbox 127 387 212 418; x_wconf 80' lang='lat' dir='ltr'>ravit</span> <span class='ocrx_word' id='word_1_24' title='bbox 233 386 366 418; x_wconf 86' lang='lat' dir='ltr'>ecclesia</span> <span class='ocrx_word' id='word_1_25' title='bbox 389 386 422 416; x_wconf 92' lang='lat' dir='ltr'>in</span> <span class='ocrx_word' id='word_1_26' title='bbox 439 384 566 416; x_wconf 86' lang='lat' dir='ltr'>mundo.</span> <span class='ocrx_word' id='word_1_27' title='bbox 601 382 644 413; x_wconf 88' lang='lat' dir='ltr'>Et</span> <span class='ocrx_word' id='word_1_28' title='bbox 660 386 746 413; x_wconf 89' lang='lat' dir='ltr'>certe</span> <span class='ocrx_word' id='word_1_29' title='bbox 761 382 788 412; x_wconf 88' lang='lat' dir='ltr'>si</span> <span class='ocrx_word' id='word_1_30' title='bbox 805 382 897 422; x_wconf 86' lang='lat' dir='ltr'>regui</span> <span class='ocrx_word' id='word_1_31' title='bbox 913 381 976 412; x_wconf 86' lang='lat' dir='ltr'>Dei</span> <span class='ocrx_word' id='word_1_32' title='bbox 992 386 1093 412; x_wconf 87' lang='lat' dir='ltr'>aeter-</span> 
     </span>
     <span class='ocr_line' id='line_1_6' title="bbox 126 423 1093 464; baseline -0.007 -3"><span class='ocrx_word' id='word_1_33' title='bbox 126 430 211 461; x_wconf 81' lang='lat' dir='ltr'><strong>nitas</strong></span> <span class='ocrx_word' id='word_1_34' title='bbox 227 429 319 460; x_wconf 90' lang='lat' dir='ltr'>nobis</span> <span class='ocrx_word' id='word_1_35' title='bbox 335 433 410 460; x_wconf 88' lang='lat' dir='ltr'>ante</span> <span class='ocrx_word' id='word_1_36' title='bbox 427 426 533 459; x_wconf 87' lang='lat' dir='ltr'>oculos</span> <span class='ocrx_word' id='word_1_37' title='bbox 549 430 707 461; x_wconf 86' lang='lat' dir='ltr'>versatur,</span> <span class='ocrx_word' id='word_1_38' title='bbox 732 424 821 455; x_wconf 88' lang='lat' dir='ltr'>nulla</span> <span class='ocrx_word' id='word_1_39' title='bbox 837 426 899 455; x_wconf 88' lang='lat' dir='ltr'>erit</span> <span class='ocrx_word' id='word_1_40' title='bbox 915 429 978 455; x_wconf 90' lang='lat' dir='ltr'>tam</span> <span class='ocrx_word' id='word_1_41' title='bbox 996 423 1093 464; x_wconf 85' lang='lat' dir='ltr'>longa</span> 
     </span>
     <span class='ocr_line' id='line_1_7' title="bbox 126 467 1091 511; baseline -0.007 -7"><span class='ocrx_word' id='word_1_42' title='bbox 126 472 332 509; x_wconf 81' lang='lat' dir='ltr'>diuturnitas,</span> <span class='ocrx_word' id='word_1_43' title='bbox 363 480 443 511; x_wconf 90' lang='lat' dir='ltr'>quae</span> <span class='ocrx_word' id='word_1_44' title='bbox 466 479 528 499; x_wconf 91' lang='lat' dir='ltr'>non</span> <span class='ocrx_word' id='word_1_45' title='bbox 556 467 598 498; x_wconf 86' lang='lat' dir='ltr'>sit</span> <span class='ocrx_word' id='word_1_46' title='bbox 620 468 723 498; x_wconf 88' lang='lat' dir='ltr'>instar</span> <span class='ocrx_word' id='word_1_47' title='bbox 752 467 917 498; x_wconf 80' lang='lat' dir='ltr'><strong>momenti.</strong></span> <span class='ocrx_word' id='word_1_48' title='bbox 963 467 1091 497; x_wconf 80' lang='lat' dir='ltr'>Tenen-</span> 
     </span>
     <span class='ocr_line' id='line_1_8' title="bbox 125 509 1091 553; baseline -0.007 -6"><span class='ocrx_word' id='word_1_49' title='bbox 125 515 202 546; x_wconf 91' lang='lat' dir='ltr'>dum</span> <span class='ocrx_word' id='word_1_50' title='bbox 226 513 360 553; x_wconf 88' lang='lat' dir='ltr'>apostoli</span> <span class='ocrx_word' id='word_1_51' title='bbox 383 511 550 543; x_wconf 91' lang='lat' dir='ltr'>consilium</span> <span class='ocrx_word' id='word_1_52' title='bbox 574 514 632 549; x_wconf 90' lang='lat' dir='ltr'>est,</span> <span class='ocrx_word' id='word_1_53' title='bbox 666 509 751 550; x_wconf 92' lang='lat' dir='ltr'>quod</span> <span class='ocrx_word' id='word_1_54' title='bbox 782 509 932 541; x_wconf 86' lang='lat' dir='ltr'>ultimum</span> <span class='ocrx_word' id='word_1_55' title='bbox 964 513 1091 549; x_wconf 90' lang='lat' dir='ltr'>tempus</span> 
     </span>
     <span class='ocr_line' id='line_1_9' title="bbox 125 551 1090 597; baseline -0.007 -8"><span class='ocrx_word' id='word_1_56' title='bbox 125 562 228 597; x_wconf 86' lang='lat' dir='ltr'>vocet,</span> <span class='ocrx_word' id='word_1_57' title='bbox 250 558 282 587; x_wconf 92' lang='lat' dir='ltr'>in</span> <span class='ocrx_word' id='word_1_58' title='bbox 306 564 368 595; x_wconf 88' lang='lat' dir='ltr'>quo</span> <span class='ocrx_word' id='word_1_59' title='bbox 391 554 436 585; x_wconf 91' lang='lat' dir='ltr'>sic</span> <span class='ocrx_word' id='word_1_60' title='bbox 458 552 658 591; x_wconf 78' lang='lat' dir='ltr'>complentur</span> <span class='ocrx_word' id='word_1_61' title='bbox 680 552 798 588; x_wconf 88' lang='lat' dir='ltr'>omnia,</span> <span class='ocrx_word' id='word_1_62' title='bbox 822 559 857 583; x_wconf 90' lang='lat' dir='ltr'>ut</span> <span class='ocrx_word' id='word_1_63' title='bbox 880 551 963 583; x_wconf 90' lang='lat' dir='ltr'>nihil</span> <span class='ocrx_word' id='word_1_64' title='bbox 978 563 1090 592; x_wconf 85' lang='lat' dir='ltr'>super-</span> 
     </span>
     <span class='ocr_line' id='line_1_10' title="bbox 123 595 905 640; baseline -0.006 -9"><span class='ocrx_word' id='word_1_65' title='bbox 123 601 175 638; x_wconf 88' lang='lat' dir='ltr'>sit,</span> <span class='ocrx_word' id='word_1_66' title='bbox 199 602 326 640; x_wconf 86' lang='lat' dir='ltr'>praeter</span> <span class='ocrx_word' id='word_1_67' title='bbox 348 597 495 628; x_wconf 81' lang='lat' dir='ltr'>ultimam</span> <span class='ocrx_word' id='word_1_68' title='bbox 519 595 643 626; x_wconf 79' lang='lat' dir='ltr'>Christi</span> <span class='ocrx_word' id='word_1_69' title='bbox 664 595 905 627; x_wconf 83' lang='lat' dir='ltr'><strong>revelationem.</strong></span> 
     </span>
    </p>

    <p class='ocr_par' dir='ltr' id='par_1_3' title="bbox 116 637 1090 1836">
     <span class='ocr_line' id='line_1_11' title="bbox 209 637 1088 678; baseline -0.006 -4"><span class='ocrx_word' id='word_1_70' title='bbox 209 640 356 674; x_wconf 71' lang='lat' dir='ltr'>Audistis</span> <span class='ocrx_word' id='word_1_71' title='bbox 375 639 457 678; x_wconf 76' lang='lat' dir='ltr'>quod</span> <span class='ocrx_word' id='word_1_72' title='bbox 479 637 701 670; x_wconf 74' lang='lat' dir='ltr'><em>Antichristus.</em></span> <span class='ocrx_word' id='word_1_73' title='bbox 746 638 908 678; x_wconf 74' lang='lat' dir='ltr'>Loquitur</span> <span class='ocrx_word' id='word_1_74' title='bbox 935 643 1088 678; x_wconf 78' lang='lat' dir='ltr'>tanquam</span> 
     </span>
     <span class='ocr_line' id='line_1_12' title="bbox 124 680 1090 721; baseline -0.006 -4"><span class='ocrx_word' id='word_1_75' title='bbox 124 685 163 717; x_wconf 87' lang='lat' dir='ltr'>de</span> <span class='ocrx_word' id='word_1_76' title='bbox 185 695 220 717; x_wconf 87' lang='lat' dir='ltr'>re</span> <span class='ocrx_word' id='word_1_77' title='bbox 249 686 339 715; x_wconf 82' lang='lat' dir='ltr'>nota:</span> <span class='ocrx_word' id='word_1_78' title='bbox 369 681 456 713; x_wconf 90' lang='lat' dir='ltr'>unde</span> <span class='ocrx_word' id='word_1_79' title='bbox 482 680 632 721; x_wconf 76' lang='lat' dir='ltr'>colligere</span> <span class='ocrx_word' id='word_1_80' title='bbox 662 686 846 721; x_wconf 89' lang='lat' dir='ltr'>promptum</span> <span class='ocrx_word' id='word_1_81' title='bbox 875 687 932 718; x_wconf 90' lang='lat' dir='ltr'>est,</span> <span class='ocrx_word' id='word_1_82' title='bbox 963 681 1090 712; x_wconf 90' lang='lat' dir='ltr'>edoctos</span> 
     </span>
     <span class='ocr_line' id='line_1_13' title="bbox 122 722 1088 760; baseline -0.006 0"><span class='ocrx_word' id='word_1_83' title='bbox 122 734 155 760; x_wconf 88' lang='lat' dir='ltr'>et</span> <span class='ocrx_word' id='word_1_84' title='bbox 177 726 357 759; x_wconf 88' lang='lat' dir='ltr'>admonitos</span> <span class='ocrx_word' id='word_1_85' title='bbox 379 724 419 755; x_wconf 89' lang='lat' dir='ltr'>ab</span> <span class='ocrx_word' id='word_1_86' title='bbox 442 724 534 755; x_wconf 93' lang='lat' dir='ltr'>initio</span> <span class='ocrx_word' id='word_1_87' title='bbox 558 723 658 755; x_wconf 84' lang='lat' dir='ltr'>fuisse</span> <span class='ocrx_word' id='word_1_88' title='bbox 681 724 791 754; x_wconf 89' lang='lat' dir='ltr'>fideles</span> <span class='ocrx_word' id='word_1_89' title='bbox 808 724 847 755; x_wconf 91' lang='lat' dir='ltr'>de</span> <span class='ocrx_word' id='word_1_90' title='bbox 862 722 970 755; x_wconf 87' lang='lat' dir='ltr'>futura</span> <span class='ocrx_word' id='word_1_91' title='bbox 989 723 1088 755; x_wconf 89' lang='lat' dir='ltr'>eccle-</span> 
     </span>
     <span class='ocr_line' id='line_1_14' title="bbox 122 766 1088 808; baseline -0.006 -5"><span class='ocrx_word' id='word_1_92' title='bbox 122 771 188 803; x_wconf 90' lang='lat' dir='ltr'>siae</span> <span class='ocrx_word' id='word_1_93' title='bbox 214 767 473 808; x_wconf 81' lang='lat' dir='ltr'>dissipationem:</span> <span class='ocrx_word' id='word_1_94' title='bbox 505 771 574 797; x_wconf 89' lang='lat' dir='ltr'>tum</span> <span class='ocrx_word' id='word_1_95' title='bbox 603 770 640 797; x_wconf 89' lang='lat' dir='ltr'>ut</span> <span class='ocrx_word' id='word_1_96' title='bbox 668 766 804 798; x_wconf 86' lang='lat' dir='ltr'>sollicite</span> <span class='ocrx_word' id='word_1_97' title='bbox 833 767 894 806; x_wconf 91' lang='lat' dir='ltr'>ipsi</span> <span class='ocrx_word' id='word_1_98' title='bbox 922 777 956 798; x_wconf 90' lang='lat' dir='ltr'>se</span> <span class='ocrx_word' id='word_1_99' title='bbox 985 767 1088 798; x_wconf 88' lang='lat' dir='ltr'>conti-</span> 
     </span>
     <span class='ocr_line' id='line_1_15' title="bbox 121 809 1089 850; baseline -0.006 -5"><span class='ocrx_word' id='word_1_100' title='bbox 121 816 236 845; x_wconf 84' lang='lat' dir='ltr'><strong>nerent</strong></span> <span class='ocrx_word' id='word_1_101' title='bbox 258 811 293 842; x_wconf 91' lang='lat' dir='ltr'>in</span> <span class='ocrx_word' id='word_1_102' title='bbox 315 810 378 841; x_wconf 91' lang='lat' dir='ltr'>fide</span> <span class='ocrx_word' id='word_1_103' title='bbox 401 813 559 849; x_wconf 86' lang='lat' dir='ltr'>suspecta,</span> <span class='ocrx_word' id='word_1_104' title='bbox 582 813 651 840; x_wconf 88' lang='lat' dir='ltr'>tum</span> <span class='ocrx_word' id='word_1_105' title='bbox 672 814 709 840; x_wconf 91' lang='lat' dir='ltr'>ut</span> <span class='ocrx_word' id='word_1_106' title='bbox 731 814 875 850; x_wconf 87' lang='lat' dir='ltr'>posteros</span> <span class='ocrx_word' id='word_1_107' title='bbox 891 809 1089 841; x_wconf 82' lang='lat' dir='ltr'>instruerent</span> 
     </span>
     <span class='ocr_line' id='line_1_16' title="bbox 121 852 1089 887; baseline -0.004 0"><span class='ocrx_word' id='word_1_108' title='bbox 121 856 162 887; x_wconf 87' lang='lat' dir='ltr'>ad</span> <span class='ocrx_word' id='word_1_109' title='bbox 184 852 375 887; x_wconf 85' lang='lat' dir='ltr'>cavendum.</span> <span class='ocrx_word' id='word_1_110' title='bbox 421 852 476 884; x_wconf 86' lang='lat' dir='ltr'>Sic</span> <span class='ocrx_word' id='word_1_111' title='bbox 499 853 585 883; x_wconf 88' lang='lat' dir='ltr'>enim</span> <span class='ocrx_word' id='word_1_112' title='bbox 609 852 728 883; x_wconf 86' lang='lat' dir='ltr'>tentari</span> <span class='ocrx_word' id='word_1_113' title='bbox 752 852 842 883; x_wconf 89' lang='lat' dir='ltr'>Deus</span> <span class='ocrx_word' id='word_1_114' title='bbox 865 852 971 883; x_wconf 90' lang='lat' dir='ltr'>voluit</span> <span class='ocrx_word' id='word_1_115' title='bbox 993 852 1089 883; x_wconf 87' lang='lat' dir='ltr'>eccle-</span> 
     </span>
     <span class='ocr_line' id='line_1_17' title="bbox 120 894 1090 936; baseline -0.003 -7"><span class='ocrx_word' id='word_1_116' title='bbox 120 899 209 935; x_wconf 86' lang='lat' dir='ltr'>siam,</span> <span class='ocrx_word' id='word_1_117' title='bbox 239 907 280 928; x_wconf 91' lang='lat' dir='ltr'>ne</span> <span class='ocrx_word' id='word_1_118' title='bbox 303 895 374 936; x_wconf 90' lang='lat' dir='ltr'>quis</span> <span class='ocrx_word' id='word_1_119' title='bbox 397 895 459 926; x_wconf 89' lang='lat' dir='ltr'>nisi</span> <span class='ocrx_word' id='word_1_120' title='bbox 490 894 593 926; x_wconf 89' lang='lat' dir='ltr'>sciens</span> <span class='ocrx_word' id='word_1_121' title='bbox 617 905 653 926; x_wconf 90' lang='lat' dir='ltr'>ac</span> <span class='ocrx_word' id='word_1_122' title='bbox 677 894 789 926; x_wconf 88' lang='lat' dir='ltr'>volens</span> <span class='ocrx_word' id='word_1_123' title='bbox 820 895 997 934; x_wconf 85' lang='lat' dir='ltr'>falleretur,</span> <span class='ocrx_word' id='word_1_124' title='bbox 1032 904 1090 926; x_wconf 85' lang='lat' dir='ltr'>nec</span> 
     </span>
     <span class='ocr_line' id='line_1_18' title="bbox 119 937 1090 979; baseline -0.003 -8"><span class='ocrx_word' id='word_1_125' title='bbox 119 940 185 972; x_wconf 89' lang='lat' dir='ltr'>ulla</span> <span class='ocrx_word' id='word_1_126' title='bbox 218 943 303 971; x_wconf 87' lang='lat' dir='ltr'>esset</span> <span class='ocrx_word' id='word_1_127' title='bbox 335 938 540 979; x_wconf 84' lang='lat' dir='ltr'>ignorantiae</span> <span class='ocrx_word' id='word_1_128' title='bbox 573 938 748 969; x_wconf 82' lang='lat' dir='ltr'>excusatio.</span> <span class='ocrx_word' id='word_1_129' title='bbox 804 938 906 977; x_wconf 88' lang='lat' dir='ltr'>Atqui</span> <span class='ocrx_word' id='word_1_130' title='bbox 941 937 1090 969; x_wconf 86' lang='lat' dir='ltr'>videmus</span> 
     </span>
     <span class='ocr_line' id='line_1_19' title="bbox 118 980 1089 1021; baseline -0.003 -7"><span class='ocrx_word' id='word_1_131' title='bbox 118 987 220 1014; x_wconf 86' lang='lat' dir='ltr'>toturn</span> <span class='ocrx_word' id='word_1_132' title='bbox 254 982 322 1013; x_wconf 77' lang='lat' dir='ltr'>fere</span> <span class='ocrx_word' id='word_1_133' title='bbox 356 980 466 1012; x_wconf 87' lang='lat' dir='ltr'>orbem</span> <span class='ocrx_word' id='word_1_134' title='bbox 501 980 618 1011; x_wconf 88' lang='lat' dir='ltr'>misere</span> <span class='ocrx_word' id='word_1_135' title='bbox 650 981 750 1011; x_wconf 85' lang='lat' dir='ltr'>fuisse</span> <span class='ocrx_word' id='word_1_136' title='bbox 783 981 964 1021; x_wconf 88' lang='lat' dir='ltr'>deceptum,</span> <span class='ocrx_word' id='word_1_137' title='bbox 997 990 1034 1011; x_wconf 90' lang='lat' dir='ltr'>ac</span> <span class='ocrx_word' id='word_1_138' title='bbox 1062 980 1089 1011; x_wconf 89' lang='lat' dir='ltr'>si</span> 
     </span>
     <span class='ocr_line' id='line_1_20' title="bbox 119 1023 1089 1064; baseline -0.005 -6"><span class='ocrx_word' id='word_1_139' title='bbox 119 1025 255 1058; x_wconf 82' lang='lat' dir='ltr'>verbum</span> <span class='ocrx_word' id='word_1_140' title='bbox 271 1034 436 1064; x_wconf 89' lang='lat' dir='ltr'>nunquam</span> <span class='ocrx_word' id='word_1_141' title='bbox 457 1023 496 1054; x_wconf 89' lang='lat' dir='ltr'>de</span> <span class='ocrx_word' id='word_1_142' title='bbox 511 1023 715 1054; x_wconf 81' lang='lat' dir='ltr'>Antichristo</span> <span class='ocrx_word' id='word_1_143' title='bbox 733 1024 851 1055; x_wconf 84' lang='lat' dir='ltr'>factum</span> <span class='ocrx_word' id='word_1_144' title='bbox 871 1028 964 1055; x_wconf 89' lang='lat' dir='ltr'>esset.</span> <span class='ocrx_word' id='word_1_145' title='bbox 1000 1023 1089 1062; x_wconf 80' lang='lat' dir='ltr'>Quin</span> 
     </span>
     <span class='ocr_line' id='line_1_21' title="bbox 118 1065 1089 1107; baseline -0.004 -7"><span class='ocrx_word' id='word_1_146' title='bbox 118 1069 217 1100; x_wconf 89' lang='lat' dir='ltr'>etiam</span> <span class='ocrx_word' id='word_1_147' title='bbox 239 1067 274 1099; x_wconf 90' lang='lat' dir='ltr'>in</span> <span class='ocrx_word' id='word_1_148' title='bbox 298 1071 419 1107; x_wconf 83' lang='lat' dir='ltr'>papatu</span> <span class='ocrx_word' id='word_1_149' title='bbox 450 1065 533 1097; x_wconf 89' lang='lat' dir='ltr'>nihil</span> <span class='ocrx_word' id='word_1_150' title='bbox 556 1067 659 1107; x_wconf 86' lang='lat' dir='ltr'>magis</span> <span class='ocrx_word' id='word_1_151' title='bbox 686 1066 811 1098; x_wconf 87' lang='lat' dir='ltr'>celebre</span> <span class='ocrx_word' id='word_1_152' title='bbox 834 1076 870 1098; x_wconf 90' lang='lat' dir='ltr'>ac</span> <span class='ocrx_word' id='word_1_153' title='bbox 893 1066 1009 1097; x_wconf 87' lang='lat' dir='ltr'>tritum</span> <span class='ocrx_word' id='word_1_154' title='bbox 1032 1070 1089 1105; x_wconf 90' lang='lat' dir='ltr'>est,</span> 
     </span>
     <span class='ocr_line' id='line_1_22' title="bbox 118 1108 1089 1151; baseline -0.002 -9"><span class='ocrx_word' id='word_1_155' title='bbox 118 1121 218 1151; x_wconf 88' lang='lat' dir='ltr'>quam</span> <span class='ocrx_word' id='word_1_156' title='bbox 253 1111 382 1141; x_wconf 88' lang='lat' dir='ltr'>futurus</span> <span class='ocrx_word' id='word_1_157' title='bbox 417 1108 613 1140; x_wconf 87' lang='lat' dir='ltr'>Antichristi</span> <span class='ocrx_word' id='word_1_158' title='bbox 650 1108 826 1140; x_wconf 87' lang='lat' dir='ltr'>adventus:</span> <span class='ocrx_word' id='word_1_159' title='bbox 864 1109 987 1140; x_wconf 84' lang='lat' dir='ltr'>interea</span> <span class='ocrx_word' id='word_1_160' title='bbox 1025 1112 1089 1140; x_wconf 88' lang='lat' dir='ltr'>tam</span> 
     </span>
     <span class='ocr_line' id='line_1_23' title="bbox 120 1151 1089 1193; baseline -0.003 -8"><span class='ocrx_word' id='word_1_161' title='bbox 120 1158 199 1185; x_wconf 86' lang='lat' dir='ltr'>sunt</span> <span class='ocrx_word' id='word_1_162' title='bbox 221 1153 351 1193; x_wconf 85' lang='lat' dir='ltr'>stupidi,</span> <span class='ocrx_word' id='word_1_163' title='bbox 374 1158 409 1183; x_wconf 90' lang='lat' dir='ltr'>ut</span> <span class='ocrx_word' id='word_1_164' title='bbox 432 1153 499 1183; x_wconf 90' lang='lat' dir='ltr'>eius</span> <span class='ocrx_word' id='word_1_165' title='bbox 515 1151 723 1192; x_wconf 85' lang='lat' dir='ltr'>tyrannidem</span> <span class='ocrx_word' id='word_1_166' title='bbox 748 1152 925 1183; x_wconf 87' lang='lat' dir='ltr'>cervicibus</span> <span class='ocrx_word' id='word_1_167' title='bbox 941 1152 1009 1183; x_wconf 91' lang='lat' dir='ltr'>suis</span> <span class='ocrx_word' id='word_1_168' title='bbox 1032 1152 1089 1183; x_wconf 92' lang='lat' dir='ltr'>im-</span> 
     </span>
     <span class='ocr_line' id='line_1_24' title="bbox 120 1194 1089 1237; baseline -0.002 -9"><span class='ocrx_word' id='word_1_169' title='bbox 120 1197 257 1237; x_wconf 84' lang='lat' dir='ltr'>positam</span> <span class='ocrx_word' id='word_1_170' title='bbox 291 1206 356 1226; x_wconf 89' lang='lat' dir='ltr'>non</span> <span class='ocrx_word' id='word_1_171' title='bbox 386 1195 540 1226; x_wconf 83' lang='lat' dir='ltr'>sentiant.</span> <span class='ocrx_word' id='word_1_172' title='bbox 585 1194 675 1226; x_wconf 86' lang='lat' dir='ltr'>Idem</span> <span class='ocrx_word' id='word_1_173' title='bbox 710 1195 832 1227; x_wconf 87' lang='lat' dir='ltr'>scilicet</span> <span class='ocrx_word' id='word_1_174' title='bbox 864 1195 993 1225; x_wconf 88' lang='lat' dir='ltr'>omnino</span> <span class='ocrx_word' id='word_1_175' title='bbox 1026 1195 1089 1226; x_wconf 90' lang='lat' dir='ltr'>illis</span> 
     </span>
     <span class='ocr_line' id='line_1_25' title="bbox 119 1237 1089 1280; baseline -0.002 -9"><span class='ocrx_word' id='word_1_176' title='bbox 119 1239 288 1280; x_wconf 87' lang='lat' dir='ltr'>contingit,</span> <span class='ocrx_word' id='word_1_177' title='bbox 311 1238 395 1278; x_wconf 90' lang='lat' dir='ltr'>quod</span> <span class='ocrx_word' id='word_1_178' title='bbox 420 1237 566 1269; x_wconf 89' lang='lat' dir='ltr'>Iudaeis:</span> <span class='ocrx_word' id='word_1_179' title='bbox 594 1248 669 1268; x_wconf 88' lang='lat' dir='ltr'>nam</span> <span class='ocrx_word' id='word_1_180' title='bbox 693 1248 793 1277; x_wconf 88' lang='lat' dir='ltr'>quum</span> <span class='ocrx_word' id='word_1_181' title='bbox 818 1237 839 1268; x_wconf 91' lang='lat' dir='ltr'>ii</span> <span class='ocrx_word' id='word_1_182' title='bbox 861 1238 1089 1278; x_wconf 84' lang='lat' dir='ltr'>promissiones</span> 
     </span>
     <span class='ocr_line' id='line_1_26' title="bbox 119 1279 1089 1320; baseline -0.001 -7"><span class='ocrx_word' id='word_1_183' title='bbox 119 1282 159 1313; x_wconf 92' lang='lat' dir='ltr'>de</span> <span class='ocrx_word' id='word_1_184' title='bbox 181 1281 304 1313; x_wconf 87' lang='lat' dir='ltr'>Messia</span> <span class='ocrx_word' id='word_1_185' title='bbox 326 1284 469 1319; x_wconf 85' lang='lat' dir='ltr'>teneant,</span> <span class='ocrx_word' id='word_1_186' title='bbox 493 1280 622 1320; x_wconf 87' lang='lat' dir='ltr'>longius</span> <span class='ocrx_word' id='word_1_187' title='bbox 645 1285 756 1312; x_wconf 85' lang='lat' dir='ltr'>tamen</span> <span class='ocrx_word' id='word_1_188' title='bbox 774 1280 892 1312; x_wconf 90' lang='lat' dir='ltr'>absunt</span> <span class='ocrx_word' id='word_1_189' title='bbox 915 1291 933 1311; x_wconf 88' lang='lat' dir='ltr'>a</span> <span class='ocrx_word' id='word_1_190' title='bbox 949 1279 1089 1319; x_wconf 86' lang='lat' dir='ltr'>Christo,</span> 
     </span>
     <span class='ocr_line' id='line_1_27' title="bbox 119 1322 1088 1365; baseline -0.001 -9"><span class='ocrx_word' id='word_1_191' title='bbox 119 1334 218 1365; x_wconf 89' lang='lat' dir='ltr'>quam</span> <span class='ocrx_word' id='word_1_192' title='bbox 241 1324 268 1355; x_wconf 88' lang='lat' dir='ltr'>si</span> <span class='ocrx_word' id='word_1_193' title='bbox 292 1333 456 1363; x_wconf 91' lang='lat' dir='ltr'>nunquam</span> <span class='ocrx_word' id='word_1_194' title='bbox 480 1322 545 1354; x_wconf 90' lang='lat' dir='ltr'>illis</span> <span class='ocrx_word' id='word_1_195' title='bbox 568 1322 715 1354; x_wconf 90' lang='lat' dir='ltr'>auditum</span> <span class='ocrx_word' id='word_1_196' title='bbox 734 1328 818 1354; x_wconf 87' lang='lat' dir='ltr'>esset</span> <span class='ocrx_word' id='word_1_197' title='bbox 841 1333 970 1354; x_wconf 89' lang='lat' dir='ltr'>nomen.</span> <span class='ocrx_word' id='word_1_198' title='bbox 1004 1324 1088 1355; x_wconf 91' lang='lat' dir='ltr'>Nam</span> 
     </span>
     <span class='ocr_line' id='line_1_28' title="bbox 119 1366 1088 1408; baseline 0 -10"><span class='ocrx_word' id='word_1_199' title='bbox 119 1367 333 1408; x_wconf 87' lang='lat' dir='ltr'>imaginarius</span> <span class='ocrx_word' id='word_1_200' title='bbox 350 1367 495 1403; x_wconf 83' lang='lat' dir='ltr'>Messias,</span> <span class='ocrx_word' id='word_1_201' title='bbox 521 1376 615 1405; x_wconf 88' lang='lat' dir='ltr'>quem</span> <span class='ocrx_word' id='word_1_202' title='bbox 635 1366 696 1397; x_wconf 90' lang='lat' dir='ltr'>sibi</span> <span class='ocrx_word' id='word_1_203' title='bbox 712 1367 888 1405; x_wconf 89' lang='lat' dir='ltr'>finxerunt,</span> <span class='ocrx_word' id='word_1_204' title='bbox 913 1376 968 1396; x_wconf 90' lang='lat' dir='ltr'>eos</span> <span class='ocrx_word' id='word_1_205' title='bbox 986 1376 1004 1397; x_wconf 88' lang='lat' dir='ltr'>a</span> <span class='ocrx_word' id='word_1_206' title='bbox 1023 1367 1088 1398; x_wconf 93' lang='lat' dir='ltr'>filio</span> 
     </span>
     <span class='ocr_line' id='line_1_29' title="bbox 118 1409 1089 1449; baseline -0.001 -8"><span class='ocrx_word' id='word_1_207' title='bbox 118 1410 183 1441; x_wconf 88' lang='lat' dir='ltr'>Dei</span> <span class='ocrx_word' id='word_1_208' title='bbox 204 1419 336 1449; x_wconf 88' lang='lat' dir='ltr'>prorsus</span> <span class='ocrx_word' id='word_1_209' title='bbox 360 1409 488 1440; x_wconf 86' lang='lat' dir='ltr'>avertit.</span> <span class='ocrx_word' id='word_1_210' title='bbox 522 1409 566 1439; x_wconf 88' lang='lat' dir='ltr'>Et</span> <span class='ocrx_word' id='word_1_211' title='bbox 588 1410 613 1439; x_wconf 88' lang='lat' dir='ltr'>si</span> <span class='ocrx_word' id='word_1_212' title='bbox 637 1410 707 1449; x_wconf 90' lang='lat' dir='ltr'>quis</span> <span class='ocrx_word' id='word_1_213' title='bbox 726 1420 766 1440; x_wconf 84' lang='lat' dir='ltr'>ex</span> <span class='ocrx_word' id='word_1_214' title='bbox 789 1409 860 1449; x_wconf 88' lang='lat' dir='ltr'>lege</span> <span class='ocrx_word' id='word_1_215' title='bbox 876 1413 908 1440; x_wconf 89' lang='lat' dir='ltr'>et</span> <span class='ocrx_word' id='word_1_216' title='bbox 924 1409 1089 1449; x_wconf 85' lang='lat' dir='ltr'>prophetis</span> 
     </span>
     <span class='ocr_line' id='line_1_30' title="bbox 117 1451 1090 1493; baseline 0 -9"><span class='ocrx_word' id='word_1_217' title='bbox 117 1452 287 1484; x_wconf 84' lang='lat' dir='ltr'>Christum</span> <span class='ocrx_word' id='word_1_218' title='bbox 312 1452 375 1483; x_wconf 89' lang='lat' dir='ltr'>illis</span> <span class='ocrx_word' id='word_1_219' title='bbox 397 1451 566 1484; x_wconf 88' lang='lat' dir='ltr'>ostendere</span> <span class='ocrx_word' id='word_1_220' title='bbox 592 1453 730 1493; x_wconf 81' lang='lat' dir='ltr'>studeat,</span> <span class='ocrx_word' id='word_1_221' title='bbox 765 1452 844 1483; x_wconf 91' lang='lat' dir='ltr'>nihil</span> <span class='ocrx_word' id='word_1_222' title='bbox 873 1461 968 1491; x_wconf 89' lang='lat' dir='ltr'>quam</span> <span class='ocrx_word' id='word_1_223' title='bbox 1000 1452 1090 1484; x_wconf 86' lang='lat' dir='ltr'>ludet</span> 
     </span>
     <span class='ocr_line' id='line_1_31' title="bbox 116 1494 1088 1536; baseline -0.001 -9"><span class='ocrx_word' id='word_1_224' title='bbox 116 1506 259 1536; x_wconf 86' lang='lat' dir='ltr'>operam.</span> <span class='ocrx_word' id='word_1_225' title='bbox 297 1495 449 1536; x_wconf 88' lang='lat' dir='ltr'>Papistae</span> <span class='ocrx_word' id='word_1_226' title='bbox 472 1494 712 1526; x_wconf 85' lang='lat' dir='ltr'>Antichristum</span> <span class='ocrx_word' id='word_1_227' title='bbox 736 1495 904 1535; x_wconf 87' lang='lat' dir='ltr'>imaginati</span> <span class='ocrx_word' id='word_1_228' title='bbox 926 1499 1011 1533; x_wconf 89' lang='lat' dir='ltr'>sunt,</span> <span class='ocrx_word' id='word_1_229' title='bbox 1035 1496 1088 1535; x_wconf 91' lang='lat' dir='ltr'>qui</span> 
     </span>
     <span class='ocr_line' id='line_1_32' title="bbox 118 1537 1088 1579; baseline 0 -10"><span class='ocrx_word' id='word_1_230' title='bbox 118 1548 177 1579; x_wconf 87' lang='lat' dir='ltr'>per</span> <span class='ocrx_word' id='word_1_231' title='bbox 199 1544 266 1569; x_wconf 90' lang='lat' dir='ltr'>tres</span> <span class='ocrx_word' id='word_1_232' title='bbox 289 1548 391 1569; x_wconf 89' lang='lat' dir='ltr'>annos</span> <span class='ocrx_word' id='word_1_233' title='bbox 410 1543 442 1569; x_wconf 89' lang='lat' dir='ltr'>et</span> <span class='ocrx_word' id='word_1_234' title='bbox 466 1537 633 1568; x_wconf 86' lang='lat' dir='ltr'>dimidium</span> <span class='ocrx_word' id='word_1_235' title='bbox 656 1542 830 1569; x_wconf 85' lang='lat' dir='ltr'>vexaturus</span> <span class='ocrx_word' id='word_1_236' title='bbox 850 1538 892 1569; x_wconf 88' lang='lat' dir='ltr'>sit</span> <span class='ocrx_word' id='word_1_237' title='bbox 910 1538 1088 1570; x_wconf 87' lang='lat' dir='ltr'>ecclesiam.</span> 
     </span>
     <span class='ocr_line' id='line_1_33' title="bbox 118 1580 1088 1621; baseline 0 -9"><span class='ocrx_word' id='word_1_238' title='bbox 118 1580 243 1612; x_wconf 82' lang='lat' dir='ltr'>Omnes</span> <span class='ocrx_word' id='word_1_239' title='bbox 267 1587 371 1619; x_wconf 88' lang='lat' dir='ltr'>notae,</span> <span class='ocrx_word' id='word_1_240' title='bbox 394 1580 510 1620; x_wconf 89' lang='lat' dir='ltr'>quibus</span> <span class='ocrx_word' id='word_1_241' title='bbox 526 1581 764 1612; x_wconf 86' lang='lat' dir='ltr'>Antichristum</span> <span class='ocrx_word' id='word_1_242' title='bbox 785 1581 934 1621; x_wconf 87' lang='lat' dir='ltr'>designat</span> <span class='ocrx_word' id='word_1_243' title='bbox 953 1581 1088 1621; x_wconf 89' lang='lat' dir='ltr'>spiritus</span> 
     </span>
     <span class='ocr_line' id='line_1_34' title="bbox 118 1623 1088 1664; baseline 0 -9"><span class='ocrx_word' id='word_1_244' title='bbox 118 1624 193 1664; x_wconf 87' lang='lat' dir='ltr'>Dei,</span> <span class='ocrx_word' id='word_1_245' title='bbox 216 1624 249 1654; x_wconf 92' lang='lat' dir='ltr'>in</span> <span class='ocrx_word' id='word_1_246' title='bbox 273 1634 356 1664; x_wconf 84' lang='lat' dir='ltr'>papa</span> <span class='ocrx_word' id='word_1_247' title='bbox 379 1623 464 1655; x_wconf 87' lang='lat' dir='ltr'>clare</span> <span class='ocrx_word' id='word_1_248' title='bbox 488 1628 658 1663; x_wconf 83' lang='lat' dir='ltr'>apparent:</span> <span class='ocrx_word' id='word_1_249' title='bbox 681 1623 736 1655; x_wconf 92' lang='lat' dir='ltr'>sed</span> <span class='ocrx_word' id='word_1_250' title='bbox 760 1623 813 1654; x_wconf 90' lang='lat' dir='ltr'>ille</span> <span class='ocrx_word' id='word_1_251' title='bbox 837 1623 1005 1655; x_wconf 83' lang='lat' dir='ltr'>triennalis</span> <span class='ocrx_word' id='word_1_252' title='bbox 1021 1624 1088 1656; x_wconf 88' lang='lat' dir='ltr'>An-</span> 
     </span>
     <span class='ocr_line' id='line_1_35' title="bbox 119 1666 1087 1706; baseline 0.001 -9"><span class='ocrx_word' id='word_1_253' title='bbox 119 1667 287 1698; x_wconf 88' lang='lat' dir='ltr'>tichristus</span> <span class='ocrx_word' id='word_1_254' title='bbox 319 1666 435 1697; x_wconf 90' lang='lat' dir='ltr'>stultos</span> <span class='ocrx_word' id='word_1_255' title='bbox 466 1666 607 1705; x_wconf 88' lang='lat' dir='ltr'>papistas</span> <span class='ocrx_word' id='word_1_256' title='bbox 635 1670 723 1698; x_wconf 89' lang='lat' dir='ltr'>tenet</span> <span class='ocrx_word' id='word_1_257' title='bbox 754 1671 933 1706; x_wconf 88' lang='lat' dir='ltr'>occupatos,</span> <span class='ocrx_word' id='word_1_258' title='bbox 968 1677 1008 1698; x_wconf 90' lang='lat' dir='ltr'>ne</span> <span class='ocrx_word' id='word_1_259' title='bbox 1041 1668 1087 1698; x_wconf 89' lang='lat' dir='ltr'>vi-</span> 
     </span>
     <span class='ocr_line' id='line_1_36' title="bbox 117 1707 1089 1750; baseline 0.001 -10"><span class='ocrx_word' id='word_1_260' title='bbox 117 1709 224 1740; x_wconf 91' lang='lat' dir='ltr'>dendo</span> <span class='ocrx_word' id='word_1_261' title='bbox 258 1710 401 1740; x_wconf 78' lang='lat' dir='ltr'>videant.</span> <span class='ocrx_word' id='word_1_262' title='bbox 458 1707 702 1740; x_wconf 85' lang='lat' dir='ltr'>Meminerimus</span> <span class='ocrx_word' id='word_1_263' title='bbox 737 1710 855 1750; x_wconf 88' lang='lat' dir='ltr'>itaque,</span> <span class='ocrx_word' id='word_1_264' title='bbox 892 1720 956 1741; x_wconf 90' lang='lat' dir='ltr'>non</span> <span class='ocrx_word' id='word_1_265' title='bbox 994 1710 1089 1741; x_wconf 89' lang='lat' dir='ltr'>modo</span> 
     </span>
     <span class='ocr_line' id='line_1_37' title="bbox 118 1752 1087 1791; baseline 0.002 -9"><span class='ocrx_word' id='word_1_266' title='bbox 118 1752 294 1783; x_wconf 88' lang='lat' dir='ltr'>indicatum</span> <span class='ocrx_word' id='word_1_267' title='bbox 319 1752 416 1783; x_wconf 87' lang='lat' dir='ltr'>fuisse</span> <span class='ocrx_word' id='word_1_268' title='bbox 433 1762 451 1782; x_wconf 91' lang='lat' dir='ltr'>a</span> <span class='ocrx_word' id='word_1_269' title='bbox 473 1752 588 1791; x_wconf 90' lang='lat' dir='ltr'>spiritu</span> <span class='ocrx_word' id='word_1_270' title='bbox 604 1752 665 1783; x_wconf 90' lang='lat' dir='ltr'>Dei</span> <span class='ocrx_word' id='word_1_271' title='bbox 684 1753 933 1790; x_wconf 89' lang='lat' dir='ltr'>Antichristum,</span> <span class='ocrx_word' id='word_1_272' title='bbox 957 1753 1012 1784; x_wconf 88' lang='lat' dir='ltr'>sed</span> <span class='ocrx_word' id='word_1_273' title='bbox 1032 1754 1087 1784; x_wconf 89' lang='lat' dir='ltr'>ad-</span> 
     </span>
     <span class='ocr_line' id='line_1_38' title="bbox 118 1794 1045 1836; baseline 0.001 -10"><span class='ocrx_word' id='word_1_274' title='bbox 118 1795 256 1835; x_wconf 87' lang='lat' dir='ltr'>scriptas</span> <span class='ocrx_word' id='word_1_275' title='bbox 279 1795 375 1826; x_wconf 89' lang='lat' dir='ltr'>simul</span> <span class='ocrx_word' id='word_1_276' title='bbox 400 1794 497 1826; x_wconf 86' lang='lat' dir='ltr'>fuisse</span> <span class='ocrx_word' id='word_1_277' title='bbox 521 1799 613 1826; x_wconf 88' lang='lat' dir='ltr'>notas</span> <span class='ocrx_word' id='word_1_278' title='bbox 636 1796 751 1835; x_wconf 90' lang='lat' dir='ltr'>quibus</span> <span class='ocrx_word' id='word_1_279' title='bbox 775 1795 914 1826; x_wconf 86' lang='lat' dir='ltr'>discerni</span> <span class='ocrx_word' id='word_1_280' title='bbox 937 1800 1045 1836; x_wconf 85' lang='lat' dir='ltr'>queat.</span> 
     </span>
    </p>

    <p class='ocr_par' dir='ltr' id='par_1_4' title="bbox 113 1837 1088 2652">
     <span class='ocr_line' id='line_1_39' title="bbox 205 1837 1088 1878; baseline 0.002 -10"><span class='ocrx_word' id='word_1_281' title='bbox 205 1837 313 1869; x_wconf 73' lang='lat' dir='ltr'>Etiam</span> <span class='ocrx_word' id='word_1_282' title='bbox 334 1847 416 1868; x_wconf 78' lang='lat' dir='ltr'>nunc</span> <span class='ocrx_word' id='word_1_283' title='bbox 437 1838 536 1869; x_wconf 74' lang='lat' dir='ltr'>multi.</span> <span class='ocrx_word' id='word_1_284' title='bbox 570 1837 683 1869; x_wconf 86' lang='lat' dir='ltr'>Videri</span> <span class='ocrx_word' id='word_1_285' title='bbox 707 1844 814 1878; x_wconf 87' lang='lat' dir='ltr'>posset</span> <span class='ocrx_word' id='word_1_286' title='bbox 838 1838 898 1870; x_wconf 90' lang='lat' dir='ltr'>hoc</span> <span class='ocrx_word' id='word_1_287' title='bbox 921 1840 1088 1870; x_wconf 86' lang='lat' dir='ltr'>correctio-</span> 
     </span>
     <span class='ocr_line' id='line_1_40' title="bbox 118 1880 1086 1920; baseline 0.002 -9"><span class='ocrx_word' id='word_1_288' title='bbox 118 1881 169 1912; x_wconf 88' lang='lat' dir='ltr'>nis</span> <span class='ocrx_word' id='word_1_289' title='bbox 193 1881 261 1912; x_wconf 92' lang='lat' dir='ltr'>vice</span> <span class='ocrx_word' id='word_1_290' title='bbox 284 1880 439 1918; x_wconf 90' lang='lat' dir='ltr'>additum,</span> <span class='ocrx_word' id='word_1_291' title='bbox 463 1881 554 1920; x_wconf 85' lang='lat' dir='ltr'>quasi</span> <span class='ocrx_word' id='word_1_292' title='bbox 578 1881 659 1912; x_wconf 86' lang='lat' dir='ltr'>falso</span> <span class='ocrx_word' id='word_1_293' title='bbox 681 1881 871 1912; x_wconf 81' lang='lat' dir='ltr'>existiment</span> <span class='ocrx_word' id='word_1_294' title='bbox 893 1892 994 1913; x_wconf 89' lang='lat' dir='ltr'>unum</span> <span class='ocrx_word' id='word_1_295' title='bbox 1018 1882 1086 1913; x_wconf 86' lang='lat' dir='ltr'>fore</span> 
     </span>
     <span class='ocr_line' id='line_1_41' title="bbox 116 1923 1086 1964; baseline 0.001 -10"><span class='ocrx_word' id='word_1_296' title='bbox 116 1923 245 1963; x_wconf 88' lang='lat' dir='ltr'>aliquod</span> <span class='ocrx_word' id='word_1_297' title='bbox 268 1933 419 1964; x_wconf 87' lang='lat' dir='ltr'>regnum:</span> <span class='ocrx_word' id='word_1_298' title='bbox 451 1923 505 1954; x_wconf 89' lang='lat' dir='ltr'>sed</span> <span class='ocrx_word' id='word_1_299' title='bbox 530 1934 593 1954; x_wconf 90' lang='lat' dir='ltr'>non</span> <span class='ocrx_word' id='word_1_300' title='bbox 617 1925 662 1955; x_wconf 90' lang='lat' dir='ltr'>ita</span> <span class='ocrx_word' id='word_1_301' title='bbox 688 1929 745 1955; x_wconf 89' lang='lat' dir='ltr'>est.</span> <span class='ocrx_word' id='word_1_302' title='bbox 791 1923 858 1963; x_wconf 80' lang='lat' dir='ltr'>Qui</span> <span class='ocrx_word' id='word_1_303' title='bbox 890 1935 990 1956; x_wconf 91' lang='lat' dir='ltr'>unum</span> <span class='ocrx_word' id='word_1_304' title='bbox 1016 1930 1086 1956; x_wconf 88' lang='lat' dir='ltr'>tan-</span> 
     </span>
     <span class='ocr_line' id='line_1_42' title="bbox 116 1965 1085 2008; baseline 0.001 -11"><span class='ocrx_word' id='word_1_305' title='bbox 116 1971 186 1997; x_wconf 92' lang='lat' dir='ltr'>tum</span> <span class='ocrx_word' id='word_1_306' title='bbox 209 1965 371 1997; x_wconf 88' lang='lat' dir='ltr'>hominem</span> <span class='ocrx_word' id='word_1_307' title='bbox 395 1972 512 2006; x_wconf 90' lang='lat' dir='ltr'>putant</span> <span class='ocrx_word' id='word_1_308' title='bbox 535 1966 611 2002; x_wconf 87' lang='lat' dir='ltr'>fore,</span> <span class='ocrx_word' id='word_1_309' title='bbox 636 1967 775 1998; x_wconf 88' lang='lat' dir='ltr'>delirant</span> <span class='ocrx_word' id='word_1_310' title='bbox 791 1968 837 1998; x_wconf 92' lang='lat' dir='ltr'>illi</span> <span class='ocrx_word' id='word_1_311' title='bbox 861 1968 1006 2008; x_wconf 88' lang='lat' dir='ltr'>quidem:</span> <span class='ocrx_word' id='word_1_312' title='bbox 1030 1968 1085 1999; x_wconf 90' lang='lat' dir='ltr'>sed</span> 
     </span>
     <span class='ocr_line' id='line_1_43' title="bbox 116 2009 1086 2052; baseline 0.003 -13"><span class='ocrx_word' id='word_1_313' title='bbox 116 2009 238 2040; x_wconf 89' lang='lat' dir='ltr'>Paulus</span> <span class='ocrx_word' id='word_1_314' title='bbox 255 2019 353 2048; x_wconf 92' lang='lat' dir='ltr'>quum</span> <span class='ocrx_word' id='word_1_315' title='bbox 370 2015 523 2040; x_wconf 87' lang='lat' dir='ltr'>venturae</span> <span class='ocrx_word' id='word_1_316' title='bbox 540 2009 728 2042; x_wconf 86' lang='lat' dir='ltr'>defectionis</span> <span class='ocrx_word' id='word_1_317' title='bbox 745 2011 890 2041; x_wconf 88' lang='lat' dir='ltr'>meminit</span> <span class='ocrx_word' id='word_1_318' title='bbox 913 2010 956 2052; x_wconf 85' lang='lat'>(2.</span> <span class='ocrx_word' id='word_1_319' title='bbox 973 2010 1086 2042; x_wconf 84' lang='lat' dir='ltr'>Thess.</span> 
     </span>
     <span class='ocr_line' id='line_1_44' title="bbox 116 2052 1084 2094; baseline 0.002 -12"><span class='ocrx_word' id='word_1_320' title='bbox 116 2052 146 2089; x_wconf 81' lang='lat'>2,</span> <span class='ocrx_word' id='word_1_321' title='bbox 170 2052 212 2093; x_wconf 83' lang='lat'>3),</span> <span class='ocrx_word' id='word_1_322' title='bbox 236 2057 346 2091; x_wconf 85' lang='lat' dir='ltr'>aperte</span> <span class='ocrx_word' id='word_1_323' title='bbox 362 2055 498 2083; x_wconf 88' lang='lat' dir='ltr'>testatur</span> <span class='ocrx_word' id='word_1_324' title='bbox 520 2058 643 2083; x_wconf 88' lang='lat' dir='ltr'>certum</span> <span class='ocrx_word' id='word_1_325' title='bbox 659 2053 727 2084; x_wconf 85' lang='lat' dir='ltr'>fore</span> <span class='ocrx_word' id='word_1_326' title='bbox 750 2064 865 2093; x_wconf 88' lang='lat' dir='ltr'>corpus</span> <span class='ocrx_word' id='word_1_327' title='bbox 882 2060 914 2084; x_wconf 88' lang='lat' dir='ltr'>et</span> <span class='ocrx_word' id='word_1_328' title='bbox 938 2064 1084 2094; x_wconf 87' lang='lat' dir='ltr'>regnum.</span> 
     </span>
     <span class='ocr_line' id='line_1_45' title="bbox 116 2094 1084 2136; baseline 0.003 -12"><span class='ocrx_word' id='word_1_329' title='bbox 116 2094 213 2125; x_wconf 92' lang='lat' dir='ltr'>Initio</span> <span class='ocrx_word' id='word_1_330' title='bbox 245 2094 399 2134; x_wconf 83' lang='lat' dir='ltr'>praedicit</span> <span class='ocrx_word' id='word_1_331' title='bbox 430 2094 636 2126; x_wconf 90' lang='lat' dir='ltr'>defectionem</span> <span class='ocrx_word' id='word_1_332' title='bbox 669 2106 749 2136; x_wconf 86' lang='lat' dir='ltr'>quae</span> <span class='ocrx_word' id='word_1_333' title='bbox 781 2107 838 2136; x_wconf 88' lang='lat' dir='ltr'>per</span> <span class='ocrx_word' id='word_1_334' title='bbox 861 2102 960 2128; x_wconf 88' lang='lat' dir='ltr'>totam</span> <span class='ocrx_word' id='word_1_335' title='bbox 985 2096 1084 2128; x_wconf 83' lang='lat' dir='ltr'>eccle—</span> 
     </span>
     <span class='ocr_line' id='line_1_46' title="bbox 115 2137 1085 2179; baseline 0.002 -11"><span class='ocrx_word' id='word_1_336' title='bbox 115 2138 195 2169; x_wconf 85' lang='lat' dir='ltr'>siam</span> <span class='ocrx_word' id='word_1_337' title='bbox 226 2137 435 2177; x_wconf 85' lang='lat' dir='ltr'>grassabitur,</span> <span class='ocrx_word' id='word_1_338' title='bbox 469 2142 506 2168; x_wconf 96' lang='lat' dir='ltr'>ut</span> <span class='ocrx_word' id='word_1_339' title='bbox 535 2138 578 2169; x_wconf 90' lang='lat' dir='ltr'>sit</span> <span class='ocrx_word' id='word_1_340' title='bbox 608 2139 699 2179; x_wconf 88' lang='lat' dir='ltr'>quasi</span> <span class='ocrx_word' id='word_1_341' title='bbox 730 2140 852 2170; x_wconf 90' lang='lat' dir='ltr'>malum</span> <span class='ocrx_word' id='word_1_342' title='bbox 883 2139 1085 2171; x_wconf 89' lang='lat' dir='ltr'>universale:</span> 
     </span>
     <span class='ocr_line' id='line_1_47' title="bbox 115 2179 1085 2220; baseline 0.002 -10"><span class='ocrx_word' id='word_1_343' title='bbox 115 2179 231 2211; x_wconf 90' lang='lat' dir='ltr'>deinde</span> <span class='ocrx_word' id='word_1_344' title='bbox 244 2180 422 2220; x_wconf 88' lang='lat' dir='ltr'>apostasiae</span> <span class='ocrx_word' id='word_1_345' title='bbox 434 2185 530 2220; x_wconf 89' lang='lat' dir='ltr'>caput</span> <span class='ocrx_word' id='word_1_346' title='bbox 541 2182 706 2213; x_wconf 88' lang='lat' dir='ltr'>constituit</span> <span class='ocrx_word' id='word_1_347' title='bbox 720 2182 940 2214; x_wconf 88' lang='lat' dir='ltr'>adversarium</span> <span class='ocrx_word' id='word_1_348' title='bbox 952 2182 1085 2220; x_wconf 84' lang='lat' dir='ltr'>Christi,</span> 
     </span>
     <span class='ocr_line' id='line_1_48' title="bbox 115 2222 1082 2263; baseline 0.003 -10"><span class='ocrx_word' id='word_1_349' title='bbox 115 2223 170 2263; x_wconf 89' lang='lat' dir='ltr'>qui</span> <span class='ocrx_word' id='word_1_350' title='bbox 195 2224 225 2253; x_wconf 91' lang='lat' dir='ltr'>in</span> <span class='ocrx_word' id='word_1_351' title='bbox 251 2223 370 2262; x_wconf 88' lang='lat' dir='ltr'>templo</span> <span class='ocrx_word' id='word_1_352' title='bbox 388 2222 449 2253; x_wconf 91' lang='lat' dir='ltr'>Dei</span> <span class='ocrx_word' id='word_1_353' title='bbox 473 2222 604 2260; x_wconf 82' lang='lat' dir='ltr'>sedebit,</span> <span class='ocrx_word' id='word_1_354' title='bbox 629 2235 749 2256; x_wconf 89' lang='lat' dir='ltr'>numen</span> <span class='ocrx_word' id='word_1_355' title='bbox 773 2230 805 2256; x_wconf 91' lang='lat' dir='ltr'>et</span> <span class='ocrx_word' id='word_1_356' title='bbox 833 2225 960 2256; x_wconf 88' lang='lat' dir='ltr'>divinos</span> <span class='ocrx_word' id='word_1_357' title='bbox 984 2225 1082 2256; x_wconf 87' lang='lat' dir='ltr'>hono—</span> 
     </span>
     <span class='ocr_line' id='line_1_49' title="bbox 114 2265 1083 2308; baseline 0.003 -12"><span class='ocrx_word' id='word_1_358' title='bbox 114 2276 167 2297; x_wconf 89' lang='lat' dir='ltr'>res</span> <span class='ocrx_word' id='word_1_359' title='bbox 190 2266 249 2297; x_wconf 90' lang='lat' dir='ltr'>sibi</span> <span class='ocrx_word' id='word_1_360' title='bbox 274 2276 442 2305; x_wconf 88' lang='lat' dir='ltr'>usurpans.</span> <span class='ocrx_word' id='word_1_361' title='bbox 488 2265 558 2296; x_wconf 91' lang='lat' dir='ltr'>Nisi</span> <span class='ocrx_word' id='word_1_362' title='bbox 589 2267 725 2299; x_wconf 88' lang='lat' dir='ltr'>velimus</span> <span class='ocrx_word' id='word_1_363' title='bbox 755 2273 869 2308; x_wconf 90' lang='lat' dir='ltr'>sponte</span> <span class='ocrx_word' id='word_1_364' title='bbox 896 2279 1013 2306; x_wconf 88' lang='lat' dir='ltr'>errare,</span> <span class='ocrx_word' id='word_1_365' title='bbox 1043 2279 1083 2299; x_wconf 90' lang='lat' dir='ltr'>ex</span> 
     </span>
     <span class='ocr_line' id='line_1_50' title="bbox 114 2308 1082 2352; baseline 0.003 -13"><span class='ocrx_word' id='word_1_366' title='bbox 114 2308 176 2340; x_wconf 91' lang='lat' dir='ltr'>ista</span> <span class='ocrx_word' id='word_1_367' title='bbox 200 2308 292 2340; x_wconf 91' lang='lat' dir='ltr'>Pauli</span> <span class='ocrx_word' id='word_1_368' title='bbox 324 2308 537 2347; x_wconf 88' lang='lat' dir='ltr'>descriptione</span> <span class='ocrx_word' id='word_1_369' title='bbox 560 2309 796 2342; x_wconf 88' lang='lat' dir='ltr'>Antichristum</span> <span class='ocrx_word' id='word_1_370' title='bbox 821 2311 994 2352; x_wconf 43' lang='lat' dir='ltr'>agnescere</span> <span class='ocrx_word' id='word_1_371' title='bbox 1022 2311 1082 2342; x_wconf 91' lang='lat' dir='ltr'>dis-</span> 
     </span>
     <span class='ocr_line' id='line_1_51' title="bbox 113 2351 1083 2395; baseline 0.002 -12"><span class='ocrx_word' id='word_1_372' title='bbox 113 2360 241 2383; x_wconf 84' lang='lat' dir='ltr'>camus:</span> <span class='ocrx_word' id='word_1_373' title='bbox 266 2362 363 2391; x_wconf 87' lang='lat' dir='ltr'>quam</span> <span class='ocrx_word' id='word_1_374' title='bbox 387 2361 445 2382; x_wconf 88' lang='lat' dir='ltr'>suo</span> <span class='ocrx_word' id='word_1_375' title='bbox 469 2351 537 2381; x_wconf 89' lang='lat' dir='ltr'>loco</span> <span class='ocrx_word' id='word_1_376' title='bbox 554 2353 693 2392; x_wconf 85' lang='lat' dir='ltr'>exposui,</span> <span class='ocrx_word' id='word_1_377' title='bbox 718 2364 803 2385; x_wconf 87' lang='lat' dir='ltr'>nunc</span> <span class='ocrx_word' id='word_1_378' title='bbox 819 2355 922 2385; x_wconf 87' lang='lat' dir='ltr'>obiter</span> <span class='ocrx_word' id='word_1_379' title='bbox 938 2354 1083 2395; x_wconf 83' lang='lat' dir='ltr'>attigisse</span> 
     </span>
     <span class='ocr_line' id='line_1_52' title="bbox 115 2393 1083 2433; baseline 0.004 -9"><span class='ocrx_word' id='word_1_380' title='bbox 115 2393 245 2425; x_wconf 85' lang='lat' dir='ltr'>sufficit.</span> <span class='ocrx_word' id='word_1_381' title='bbox 291 2393 355 2425; x_wconf 81' lang='lat' dir='ltr'>Sed</span> <span class='ocrx_word' id='word_1_382' title='bbox 390 2393 546 2433; x_wconf 88' lang='lat' dir='ltr'>quomodo</span> <span class='ocrx_word' id='word_1_383' title='bbox 578 2394 637 2427; x_wconf 89' lang='lat' dir='ltr'>hoc</span> <span class='ocrx_word' id='word_1_384' title='bbox 670 2397 841 2428; x_wconf 88' lang='lat' dir='ltr'>conveniet</span> <span class='ocrx_word' id='word_1_385' title='bbox 870 2408 942 2429; x_wconf 90' lang='lat' dir='ltr'>cum</span> <span class='ocrx_word' id='word_1_386' title='bbox 975 2397 1083 2428; x_wconf 87' lang='lat' dir='ltr'>verbis</span> 
     </span>
     <span class='ocr_line' id='line_1_53' title="bbox 114 2435 1082 2479; baseline 0.005 -12"><span class='ocrx_word' id='word_1_387' title='bbox 114 2435 280 2475; x_wconf 89' lang='lat' dir='ltr'>Iohannis,</span> <span class='ocrx_word' id='word_1_388' title='bbox 310 2437 365 2476; x_wconf 89' lang='lat' dir='ltr'>qui</span> <span class='ocrx_word' id='word_1_389' title='bbox 396 2438 457 2467; x_wconf 89' lang='lat' dir='ltr'>iam</span> <span class='ocrx_word' id='word_1_390' title='bbox 494 2436 613 2468; x_wconf 90' lang='lat' dir='ltr'>multos</span> <span class='ocrx_word' id='word_1_391' title='bbox 643 2448 712 2470; x_wconf 88' lang='lat' dir='ltr'>esse</span> <span class='ocrx_word' id='word_1_392' title='bbox 745 2439 958 2479; x_wconf 77' lang='lat' dir='ltr'>pronuntiat?</span> <span class='ocrx_word' id='word_1_393' title='bbox 1004 2440 1082 2472; x_wconf 87' lang='lat' dir='ltr'>Res-</span> 
     </span>
     <span class='ocr_line' id='line_1_54' title="bbox 114 2479 1083 2523; baseline 0.005 -14"><span class='ocrx_word' id='word_1_394' title='bbox 114 2479 249 2518; x_wconf 89' lang='lat' dir='ltr'>pondeo,</span> <span class='ocrx_word' id='word_1_395' title='bbox 275 2480 454 2511; x_wconf 86' lang='lat' dir='ltr'>Iohannem</span> <span class='ocrx_word' id='word_1_396' title='bbox 480 2479 560 2510; x_wconf 89' lang='lat' dir='ltr'>nihil</span> <span class='ocrx_word' id='word_1_397' title='bbox 584 2480 666 2512; x_wconf 90' lang='lat' dir='ltr'>velle</span> <span class='ocrx_word' id='word_1_398' title='bbox 687 2482 783 2519; x_wconf 88' lang='lat' dir='ltr'>aliud,</span> <span class='ocrx_word' id='word_1_399' title='bbox 808 2493 905 2523; x_wconf 90' lang='lat' dir='ltr'>quam</span> <span class='ocrx_word' id='word_1_400' title='bbox 929 2483 1083 2523; x_wconf 85' lang='lat' dir='ltr'>speciales</span> 
     </span>
     <span class='ocr_line' id='line_1_55' title="bbox 114 2522 1082 2566; baseline 0.005 -14"><span class='ocrx_word' id='word_1_401' title='bbox 114 2522 178 2552; x_wconf 89' lang='lat' dir='ltr'>iam</span> <span class='ocrx_word' id='word_1_402' title='bbox 202 2527 305 2553; x_wconf 86' lang='lat' dir='ltr'>sectas</span> <span class='ocrx_word' id='word_1_403' title='bbox 329 2533 501 2563; x_wconf 82' lang='lat' dir='ltr'>emergere,</span> <span class='ocrx_word' id='word_1_404' title='bbox 526 2533 607 2562; x_wconf 90' lang='lat' dir='ltr'>quae</span> <span class='ocrx_word' id='word_1_405' title='bbox 630 2524 696 2554; x_wconf 90' lang='lat' dir='ltr'>sint</span> <span class='ocrx_word' id='word_1_406' title='bbox 719 2525 843 2557; x_wconf 87' lang='lat' dir='ltr'>futurae</span> <span class='ocrx_word' id='word_1_407' title='bbox 866 2526 1082 2566; x_wconf 88' lang='lat' dir='ltr'>dissipationis</span> 
     </span>
     <span class='ocr_line' id='line_1_56' title="bbox 115 2564 1080 2609; baseline 0.006 -15"><span class='ocrx_word' id='word_1_408' title='bbox 115 2564 290 2603; x_wconf 86' lang='lat' dir='ltr'>praeludia.</span> <span class='ocrx_word' id='word_1_409' title='bbox 355 2564 555 2596; x_wconf 86' lang='lat' dir='ltr'>Cherinthus</span> <span class='ocrx_word' id='word_1_410' title='bbox 589 2567 684 2605; x_wconf 90' lang='lat' dir='ltr'>enim,</span> <span class='ocrx_word' id='word_1_411' title='bbox 718 2567 886 2609; x_wconf 84' lang='lat' dir='ltr'>Basilides,</span> <span class='ocrx_word' id='word_1_412' title='bbox 924 2569 1080 2606; x_wconf 86' lang='lat' dir='ltr'>Marcion,</span> 
     </span>
     <span class='ocr_line' id='line_1_57' title="bbox 114 2607 1080 2652; baseline 0.007 -16"><span class='ocrx_word' id='word_1_413' title='bbox 114 2607 321 2645; x_wconf 83' lang='lat' dir='ltr'>Valentinus,</span> <span class='ocrx_word' id='word_1_414' title='bbox 369 2608 482 2647; x_wconf 80' lang='lat' dir='ltr'>Ebion,</span> <span class='ocrx_word' id='word_1_415' title='bbox 525 2608 632 2645; x_wconf 88' lang='lat' dir='ltr'>Arius,</span> <span class='ocrx_word' id='word_1_416' title='bbox 667 2614 699 2640; x_wconf 90' lang='lat' dir='ltr'>et</span> <span class='ocrx_word' id='word_1_417' title='bbox 733 2611 857 2651; x_wconf 87' lang='lat' dir='ltr'>reliqui,</span> <span class='ocrx_word' id='word_1_418' title='bbox 891 2613 958 2643; x_wconf 88' lang='lat' dir='ltr'>eius</span> <span class='ocrx_word' id='word_1_419' title='bbox 988 2613 1080 2652; x_wconf 84' lang='lat' dir='ltr'>regni</span> 
     </span>
    </p>
   </div>
   <div class='ocr_carea' id='block_1_3' title="bbox 218 2666 602 2700">
    <p class='ocr_par' dir='ltr' id='par_1_5' title="bbox 218 2666 602 2700">
     <span class='ocr_line' id='line_1_58' title="bbox 218 2666 602 2700; baseline 0.005 -9"><span class='ocrx_word' id='word_1_420' title='bbox 218 2666 328 2692; x_wconf 56' lang='lat' dir='ltr'>Oalvtm&#39;</span> <span class='ocrx_word' id='word_1_421' title='bbox 345 2674 436 2700; x_wconf 81' lang='lat' dir='ltr'>opera.</span> <span class='ocrx_word' id='word_1_422' title='bbox 466 2667 522 2693; x_wconf 74' lang='lat' dir='ltr'>Vol.</span> <span class='ocrx_word' id='word_1_423' title='bbox 541 2667 602 2693; x_wconf 85' lang='lat' dir='ltr'>LV.</span> 
     </span>
    </p>
   </div>
   <div class='ocr_carea' id='block_1_4' title="bbox 1011 157 1227 189">
    <p class='ocr_par' dir='ltr' id='par_1_6' title="bbox 1011 157 1227 189">
     <span class='ocr_line' id='line_1_59' title="bbox 1011 157 1227 189; baseline 0.005 -1"><span class='ocrx_word' id='word_1_424' title='bbox 1011 157 1159 189; x_wconf 72' lang='lat' dir='ltr'>CAPUT</span> <span class='ocrx_word' id='word_1_425' title='bbox 1183 158 1227 189; x_wconf 88' lang='lat' dir='ltr'>Il.</span> 
     </span>
    </p>
   </div>
   <div class='ocr_carea' id='block_1_5' title="bbox 1108 165 1126 2634">
    <p class='ocr_par' dir='ltr' id='par_1_7' title="bbox 1108 165 1126 2634">
     <span class='ocr_line' id='line_1_60' title="bbox 1108 165 1126 2634; baseline 0 0"><span class='ocrx_word' id='word_1_426' title='bbox 1108 165 1126 2634; x_wconf 95' lang='lat' dir='ltr'> </span> 
     </span>
    </p>
   </div>
   <div class='ocr_carea' id='block_1_6' title="bbox 2056 162 2121 193">
    <p class='ocr_par' dir='ltr' id='par_1_8' title="bbox 2056 162 2121 193">
     <span class='ocr_line' id='line_1_61' title="bbox 2056 162 2121 193; baseline 0 0"><span class='ocrx_word' id='word_1_427' title='bbox 2056 162 2121 193; x_wconf 84' lang='lat'>322</span> 
     </span>
    </p>
   </div>
   <div class='ocr_carea' id='block_1_7' title="bbox 1136 255 2118 2564">
    <p class='ocr_par' dir='ltr' id='par_1_9' title="bbox 1142 255 2118 712">
     <span class='ocr_line' id='line_1_62' title="bbox 1150 255 2117 298; baseline 0.005 -13"><span class='ocrx_word' id='word_1_428' title='bbox 1150 255 1295 286; x_wconf 89' lang='lat' dir='ltr'>membra</span> <span class='ocrx_word' id='word_1_429' title='bbox 1311 261 1412 293; x_wconf 85' lang='lat' dir='ltr'>erant,</span> <span class='ocrx_word' id='word_1_430' title='bbox 1437 257 1518 297; x_wconf 90' lang='lat' dir='ltr'>quod</span> <span class='ocrx_word' id='word_1_431' title='bbox 1540 258 1684 290; x_wconf 89' lang='lat' dir='ltr'>diabolus</span> <span class='ocrx_word' id='word_1_432' title='bbox 1704 263 1813 298; x_wconf 86' lang='lat' dir='ltr'>postea</span> <span class='ocrx_word' id='word_1_433' title='bbox 1832 258 1988 289; x_wconf 85' lang='lat' dir='ltr'>adversus</span> <span class='ocrx_word' id='word_1_434' title='bbox 2004 259 2117 290; x_wconf 88' lang='lat' dir='ltr'>Chris-</span> 
     </span>
     <span class='ocr_line' id='line_1_63' title="bbox 1150 299 2118 340; baseline 0.005 -13"><span class='ocrx_word' id='word_1_435' title='bbox 1150 302 1217 328; x_wconf 89' lang='lat' dir='ltr'>tum</span> <span class='ocrx_word' id='word_1_436' title='bbox 1241 299 1354 329; x_wconf 82' lang='lat' dir='ltr'>erexit.</span> <span class='ocrx_word' id='word_1_437' title='bbox 1389 300 1522 340; x_wconf 88' lang='lat' dir='ltr'>Proprie</span> <span class='ocrx_word' id='word_1_438' title='bbox 1538 300 1709 340; x_wconf 88' lang='lat' dir='ltr'>loquendo,</span> <span class='ocrx_word' id='word_1_439' title='bbox 1734 300 1878 332; x_wconf 90' lang='lat' dir='ltr'>nondum</span> <span class='ocrx_word' id='word_1_440' title='bbox 1896 301 2118 333; x_wconf 83' lang='lat' dir='ltr'>Antichristus</span> 
     </span>
     <span class='ocr_line' id='line_1_64' title="bbox 1148 340 2118 384; baseline 0.005 -14"><span class='ocrx_word' id='word_1_441' title='bbox 1148 340 1312 371; x_wconf 87' lang='lat' dir='ltr'>exstabat:</span> <span class='ocrx_word' id='word_1_442' title='bbox 1342 342 1396 372; x_wconf 90' lang='lat' dir='ltr'>sed</span> <span class='ocrx_word' id='word_1_443' title='bbox 1421 353 1574 374; x_wconf 87' lang='lat' dir='ltr'>arcanum</span> <span class='ocrx_word' id='word_1_444' title='bbox 1599 353 1676 374; x_wconf 90' lang='lat' dir='ltr'>suae</span> <span class='ocrx_word' id='word_1_445' title='bbox 1703 344 1877 384; x_wconf 84' lang='lat' dir='ltr'>impietatis</span> <span class='ocrx_word' id='word_1_446' title='bbox 1902 343 1983 375; x_wconf 87' lang='lat' dir='ltr'>clam</span> <span class='ocrx_word' id='word_1_447' title='bbox 2009 344 2118 375; x_wconf 90' lang='lat' dir='ltr'>molie-</span> 
     </span>
     <span class='ocr_line' id='line_1_65' title="bbox 1149 382 2117 426; baseline 0.006 -14"><span class='ocrx_word' id='word_1_448' title='bbox 1149 382 1252 414; x_wconf 84' lang='lat' dir='ltr'>batur.</span> <span class='ocrx_word' id='word_1_449' title='bbox 1291 383 1415 415; x_wconf 90' lang='lat' dir='ltr'>Verum</span> <span class='ocrx_word' id='word_1_450' title='bbox 1438 385 1600 417; x_wconf 89' lang='lat' dir='ltr'>Iohannes</span> <span class='ocrx_word' id='word_1_451' title='bbox 1623 386 1725 417; x_wconf 88' lang='lat' dir='ltr'>utitur</span> <span class='ocrx_word' id='word_1_452' title='bbox 1748 386 1807 418; x_wconf 92' lang='lat' dir='ltr'>hoc</span> <span class='ocrx_word' id='word_1_453' title='bbox 1830 387 1969 424; x_wconf 91' lang='lat' dir='ltr'>nomine,</span> <span class='ocrx_word' id='word_1_454' title='bbox 1993 393 2028 417; x_wconf 89' lang='lat' dir='ltr'>ut</span> <span class='ocrx_word' id='word_1_455' title='bbox 2052 387 2117 426; x_wconf 93' lang='lat' dir='ltr'>pio-</span> 
     </span>
     <span class='ocr_line' id='line_1_66' title="bbox 1147 425 2115 469; baseline 0.006 -15"><span class='ocrx_word' id='word_1_456' title='bbox 1147 435 1218 456; x_wconf 87' lang='lat' dir='ltr'>rum</span> <span class='ocrx_word' id='word_1_457' title='bbox 1243 425 1387 457; x_wconf 90' lang='lat' dir='ltr'>studium</span> <span class='ocrx_word' id='word_1_458' title='bbox 1411 433 1441 458; x_wconf 86' lang='lat' dir='ltr'>et</span> <span class='ocrx_word' id='word_1_459' title='bbox 1464 428 1715 460; x_wconf 88' lang='lat' dir='ltr'>sollicitudinem</span> <span class='ocrx_word' id='word_1_460' title='bbox 1739 429 1778 459; x_wconf 90' lang='lat' dir='ltr'>ad</span> <span class='ocrx_word' id='word_1_461' title='bbox 1806 428 2006 469; x_wconf 87' lang='lat' dir='ltr'>repellendas</span> <span class='ocrx_word' id='word_1_462' title='bbox 2030 430 2115 460; x_wconf 81' lang='lat' dir='ltr'>frau-</span> 
     </span>
     <span class='ocr_line' id='line_1_67' title="bbox 1147 467 2116 510; baseline 0.006 -13"><span class='ocrx_word' id='word_1_463' title='bbox 1147 467 1202 498; x_wconf 85' lang='lat' dir='ltr'>des</span> <span class='ocrx_word' id='word_1_464' title='bbox 1233 468 1336 508; x_wconf 82' lang='lat' dir='ltr'>magis</span> <span class='ocrx_word' id='word_1_465' title='bbox 1366 475 1468 500; x_wconf 83' lang='lat' dir='ltr'>acuat.</span> <span class='ocrx_word' id='word_1_466' title='bbox 1516 471 1611 510; x_wconf 81' lang='lat' dir='ltr'>Quod</span> <span class='ocrx_word' id='word_1_467' title='bbox 1645 472 1672 502; x_wconf 92' lang='lat' dir='ltr'>si</span> <span class='ocrx_word' id='word_1_468' title='bbox 1707 471 1770 502; x_wconf 88' lang='lat' dir='ltr'>iam</span> <span class='ocrx_word' id='word_1_469' title='bbox 1802 476 1879 503; x_wconf 90' lang='lat' dir='ltr'>tunc</span> <span class='ocrx_word' id='word_1_470' title='bbox 1909 473 1941 502; x_wconf 91' lang='lat' dir='ltr'>in</span> <span class='ocrx_word' id='word_1_471' title='bbox 1971 472 2116 503; x_wconf 81' lang='lat' dir='ltr'>excubiis</span> 
     </span>
     <span class='ocr_line' id='line_1_68' title="bbox 1145 511 2114 554; baseline 0.006 -14"><span class='ocrx_word' id='word_1_472' title='bbox 1145 514 1232 541; x_wconf 89' lang='lat' dir='ltr'>stare</span> <span class='ocrx_word' id='word_1_473' title='bbox 1256 511 1367 541; x_wconf 86' lang='lat' dir='ltr'>fideles</span> <span class='ocrx_word' id='word_1_474' title='bbox 1391 513 1517 543; x_wconf 89' lang='lat' dir='ltr'>iubebat</span> <span class='ocrx_word' id='word_1_475' title='bbox 1541 513 1603 545; x_wconf 91' lang='lat' dir='ltr'>Dei</span> <span class='ocrx_word' id='word_1_476' title='bbox 1626 514 1769 554; x_wconf 75' lang='lat' dir='ltr'>spirituS,</span> <span class='ocrx_word' id='word_1_477' title='bbox 1793 524 1892 553; x_wconf 90' lang='lat' dir='ltr'>quum</span> <span class='ocrx_word' id='word_1_478' title='bbox 1915 515 2010 554; x_wconf 88' lang='lat' dir='ltr'>signa</span> <span class='ocrx_word' id='word_1_479' title='bbox 2033 514 2114 546; x_wconf 89' lang='lat' dir='ltr'>dun-</span> 
     </span>
     <span class='ocr_line' id='line_1_69' title="bbox 1146 554 2115 595; baseline 0.006 -13"><span class='ocrx_word' id='word_1_480' title='bbox 1146 558 1236 583; x_wconf 84' lang='lat' dir='ltr'>taxat</span> <span class='ocrx_word' id='word_1_481' title='bbox 1260 554 1387 584; x_wconf 84' lang='lat' dir='ltr'>venturi</span> <span class='ocrx_word' id='word_1_482' title='bbox 1413 555 1513 586; x_wconf 89' lang='lat' dir='ltr'>hostis</span> <span class='ocrx_word' id='word_1_483' title='bbox 1537 557 1648 595; x_wconf 89' lang='lat' dir='ltr'>procul</span> <span class='ocrx_word' id='word_1_484' title='bbox 1667 561 1854 587; x_wconf 89' lang='lat' dir='ltr'>cernerent:</span> <span class='ocrx_word' id='word_1_485' title='bbox 1878 557 1982 588; x_wconf 86' lang='lat' dir='ltr'>multo</span> <span class='ocrx_word' id='word_1_486' title='bbox 2007 559 2115 589; x_wconf 89' lang='lat' dir='ltr'>minus</span> 
     </span>
     <span class='ocr_line' id='line_1_70' title="bbox 1145 596 2115 639; baseline 0.006 -14"><span class='ocrx_word' id='word_1_487' title='bbox 1145 605 1230 626; x_wconf 91' lang='lat' dir='ltr'>nunc</span> <span class='ocrx_word' id='word_1_488' title='bbox 1253 596 1433 628; x_wconf 90' lang='lat' dir='ltr'>dormiendi</span> <span class='ocrx_word' id='word_1_489' title='bbox 1458 603 1585 638; x_wconf 86' lang='lat' dir='ltr'>tempus</span> <span class='ocrx_word' id='word_1_490' title='bbox 1609 603 1659 630; x_wconf 86' lang='lat' dir='ltr'>est</span> <span class='ocrx_word' id='word_1_491' title='bbox 1681 598 1809 639; x_wconf 87' lang='lat' dir='ltr'>quando</span> <span class='ocrx_word' id='word_1_492' title='bbox 1831 599 1998 631; x_wconf 86' lang='lat' dir='ltr'>ecclesiam</span> <span class='ocrx_word' id='word_1_493' title='bbox 2016 610 2115 631; x_wconf 88' lang='lat' dir='ltr'>saeva</span> 
     </span>
     <span class='ocr_line' id='line_1_71' title="bbox 1144 638 2116 711; baseline 0.006 -43"><span class='ocrx_word' id='word_1_494' title='bbox 1144 638 1318 711; x_wconf 48' lang='lat' dir='ltr'>tyrannide</span> <span class='ocrx_word' id='word_1_495' title='bbox 1352 650 1537 680; x_wconf 87' lang='lat' dir='ltr'>oppressam</span> <span class='ocrx_word' id='word_1_496' title='bbox 1569 646 1667 679; x_wconf 85' lang='lat' dir='ltr'>tenet,</span> <span class='ocrx_word' id='word_1_497' title='bbox 1702 652 1738 673; x_wconf 90' lang='lat' dir='ltr'>ac</span> <span class='ocrx_word' id='word_1_498' title='bbox 1768 641 1874 682; x_wconf 88' lang='lat' dir='ltr'>palam</span> <span class='ocrx_word' id='word_1_499' title='bbox 1905 642 2037 674; x_wconf 87' lang='lat' dir='ltr'>Christo</span> <span class='ocrx_word' id='word_1_500' title='bbox 2070 644 2116 674; x_wconf 90' lang='lat' dir='ltr'>in-</span> 
     </span>
     <span class='ocr_line' id='line_1_72' title="bbox 1142 685 1251 712; baseline -0.009 0"><span class='ocrx_word' id='word_1_501' title='bbox 1142 691 1179 712; x_wconf 89' lang='lat' dir='ltr'>su</span> <span class='ocrx_word' id='word_1_502' title='bbox 1196 685 1251 711; x_wconf 87' lang='lat' dir='ltr'>tat.</span> 
     </span>
    </p>

    <p class='ocr_par' dir='ltr' id='par_1_10' title="bbox 1142 724 2115 1452">
     <span class='ocr_line' id='line_1_73' title="bbox 1231 724 2113 766; baseline 0.005 -11"><span class='ocrx_word' id='word_1_503' title='bbox 1231 724 1280 756; x_wconf 86' lang='lat'>19.</span> <span class='ocrx_word' id='word_1_504' title='bbox 1305 724 1360 756; x_wconf 74' lang='lat' dir='ltr'>Ex</span> <span class='ocrx_word' id='word_1_505' title='bbox 1374 725 1461 756; x_wconf 77' lang='lat' dir='ltr'>nobis</span> <span class='ocrx_word' id='word_1_506' title='bbox 1480 727 1595 766; x_wconf 65' lang='lat' dir='ltr'>eyressi</span> <span class='ocrx_word' id='word_1_507' title='bbox 1615 730 1696 758; x_wconf 78' lang='lat' dir='ltr'>sunt.</span> <span class='ocrx_word' id='word_1_508' title='bbox 1733 727 1882 759; x_wconf 87' lang='lat' dir='ltr'>Alteram</span> <span class='ocrx_word' id='word_1_509' title='bbox 1901 726 2113 759; x_wconf 86' lang='lat' dir='ltr'>obiectionem</span> 
     </span>
     <span class='ocr_line' id='line_1_74' title="bbox 1144 767 2113 810; baseline 0.005 -14"><span class='ocrx_word' id='word_1_510' title='bbox 1144 767 1329 806; x_wconf 88' lang='lat' dir='ltr'>praevertit,</span> <span class='ocrx_word' id='word_1_511' title='bbox 1346 767 1429 807; x_wconf 90' lang='lat' dir='ltr'>quod</span> <span class='ocrx_word' id='word_1_512' title='bbox 1447 774 1552 808; x_wconf 88' lang='lat' dir='ltr'>pestes</span> <span class='ocrx_word' id='word_1_513' title='bbox 1574 769 1645 801; x_wconf 87' lang='lat' dir='ltr'>illas</span> <span class='ocrx_word' id='word_1_514' title='bbox 1662 770 1832 802; x_wconf 86' lang='lat' dir='ltr'>videbatur</span> <span class='ocrx_word' id='word_1_515' title='bbox 1847 770 1997 810; x_wconf 87' lang='lat' dir='ltr'>genuisse</span> <span class='ocrx_word' id='word_1_516' title='bbox 2013 770 2113 801; x_wconf 87' lang='lat' dir='ltr'>eecle-</span> 
     </span>
     <span class='ocr_line' id='line_1_75' title="bbox 1143 809 2114 852; baseline 0.004 -12"><span class='ocrx_word' id='word_1_517' title='bbox 1143 809 1204 848; x_wconf 85' lang='lat' dir='ltr'>sia,</span> <span class='ocrx_word' id='word_1_518' title='bbox 1233 815 1266 841; x_wconf 91' lang='lat' dir='ltr'>et</span> <span class='ocrx_word' id='word_1_519' title='bbox 1289 810 1323 841; x_wconf 91' lang='lat' dir='ltr'>in</span> <span class='ocrx_word' id='word_1_520' title='bbox 1346 811 1419 841; x_wconf 91' lang='lat' dir='ltr'>sinu</span> <span class='ocrx_word' id='word_1_521' title='bbox 1443 821 1502 841; x_wconf 90' lang='lat' dir='ltr'>suo</span> <span class='ocrx_word' id='word_1_522' title='bbox 1532 811 1572 842; x_wconf 86' lang='lat' dir='ltr'>ad</span> <span class='ocrx_word' id='word_1_523' title='bbox 1596 816 1723 852; x_wconf 89' lang='lat' dir='ltr'>tempus</span> <span class='ocrx_word' id='word_1_524' title='bbox 1747 813 1873 844; x_wconf 87' lang='lat' dir='ltr'>fovisse.</span> <span class='ocrx_word' id='word_1_525' title='bbox 1919 812 2002 844; x_wconf 84' lang='lat' dir='ltr'>Nam</span> <span class='ocrx_word' id='word_1_526' title='bbox 2026 816 2114 844; x_wconf 88' lang='lat' dir='ltr'>certe</span> 
     </span>
     <span class='ocr_line' id='line_1_76' title="bbox 1144 851 2113 896; baseline 0.005 -14"><span class='ocrx_word' id='word_1_527' title='bbox 1144 851 1204 883; x_wconf 92' lang='lat' dir='ltr'>hoc</span> <span class='ocrx_word' id='word_1_528' title='bbox 1227 852 1266 883; x_wconf 87' lang='lat' dir='ltr'>ad</span> <span class='ocrx_word' id='word_1_529' title='bbox 1287 853 1464 884; x_wconf 86' lang='lat' dir='ltr'>turbandos</span> <span class='ocrx_word' id='word_1_530' title='bbox 1487 854 1633 886; x_wconf 85' lang='lat' dir='ltr'>infirmos</span> <span class='ocrx_word' id='word_1_531' title='bbox 1656 855 1728 895; x_wconf 92' lang='lat' dir='ltr'>plus</span> <span class='ocrx_word' id='word_1_532' title='bbox 1752 855 1846 893; x_wconf 90' lang='lat' dir='ltr'>valet,</span> <span class='ocrx_word' id='word_1_533' title='bbox 1870 855 1898 886; x_wconf 91' lang='lat' dir='ltr'>si</span> <span class='ocrx_word' id='word_1_534' title='bbox 1921 866 2003 887; x_wconf 88' lang='lat' dir='ltr'>unus</span> <span class='ocrx_word' id='word_1_535' title='bbox 2026 856 2113 896; x_wconf 91' lang='lat' dir='ltr'>quis-</span> 
     </span>
     <span class='ocr_line' id='line_1_77' title="bbox 1144 895 2112 938; baseline 0.005 -13"><span class='ocrx_word' id='word_1_536' title='bbox 1144 896 1229 935; x_wconf 86' lang='lat' dir='ltr'>piam</span> <span class='ocrx_word' id='word_1_537' title='bbox 1250 895 1415 927; x_wconf 89' lang='lat' dir='ltr'>nobiscum</span> <span class='ocrx_word' id='word_1_538' title='bbox 1433 906 1542 927; x_wconf 88' lang='lat' dir='ltr'>veram</span> <span class='ocrx_word' id='word_1_539' title='bbox 1561 897 1655 928; x_wconf 89' lang='lat' dir='ltr'>fidem</span> <span class='ocrx_word' id='word_1_540' title='bbox 1670 897 1839 937; x_wconf 85' lang='lat' dir='ltr'>professus,</span> <span class='ocrx_word' id='word_1_541' title='bbox 1859 898 1995 935; x_wconf 88' lang='lat' dir='ltr'>deficiat,</span> <span class='ocrx_word' id='word_1_542' title='bbox 2015 909 2112 938; x_wconf 90' lang='lat' dir='ltr'>quam</span> 
     </span>
     <span class='ocr_line' id='line_1_78' title="bbox 1143 937 2114 982; baseline 0.004 -14"><span class='ocrx_word' id='word_1_543' title='bbox 1143 937 1170 968; x_wconf 92' lang='lat' dir='ltr'>si</span> <span class='ocrx_word' id='word_1_544' title='bbox 1195 938 1282 969; x_wconf 89' lang='lat' dir='ltr'>mille</span> <span class='ocrx_word' id='word_1_545' title='bbox 1301 939 1448 970; x_wconf 89' lang='lat' dir='ltr'>extranei</span> <span class='ocrx_word' id='word_1_546' title='bbox 1467 940 1500 969; x_wconf 93' lang='lat' dir='ltr'>in</span> <span class='ocrx_word' id='word_1_547' title='bbox 1518 949 1575 970; x_wconf 91' lang='lat' dir='ltr'>nos</span> <span class='ocrx_word' id='word_1_548' title='bbox 1592 941 1785 980; x_wconf 86' lang='lat' dir='ltr'>conspirent.</span> <span class='ocrx_word' id='word_1_549' title='bbox 1824 940 1880 973; x_wconf 82' lang='lat' dir='ltr'>Sic</span> <span class='ocrx_word' id='word_1_550' title='bbox 1898 951 1975 982; x_wconf 91' lang='lat' dir='ltr'>ergo</span> <span class='ocrx_word' id='word_1_551' title='bbox 1994 941 2114 972; x_wconf 85' lang='lat' dir='ltr'>fatetur</span> 
     </span>
     <span class='ocr_line' id='line_1_79' title="bbox 1144 981 2114 1024; baseline 0.004 -13"><span class='ocrx_word' id='word_1_552' title='bbox 1144 990 1197 1011; x_wconf 89' lang='lat' dir='ltr'>eos</span> <span class='ocrx_word' id='word_1_553' title='bbox 1221 981 1376 1020; x_wconf 89' lang='lat' dir='ltr'>prodiisse</span> <span class='ocrx_word' id='word_1_554' title='bbox 1399 992 1440 1012; x_wconf 81' lang='lat' dir='ltr'>ex</span> <span class='ocrx_word' id='word_1_555' title='bbox 1467 981 1620 1013; x_wconf 88' lang='lat' dir='ltr'>ecclesiae</span> <span class='ocrx_word' id='word_1_556' title='bbox 1642 984 1780 1023; x_wconf 87' lang='lat' dir='ltr'>gremio,</span> <span class='ocrx_word' id='word_1_557' title='bbox 1811 988 1847 1014; x_wconf 92' lang='lat' dir='ltr'>ut</span> <span class='ocrx_word' id='word_1_558' title='bbox 1878 988 1987 1015; x_wconf 89' lang='lat' dir='ltr'>tamen</span> <span class='ocrx_word' id='word_1_559' title='bbox 2017 989 2114 1024; x_wconf 90' lang='lat' dir='ltr'>neget</span> 
     </span>
     <span class='ocr_line' id='line_1_80' title="bbox 1144 1023 2112 1064; baseline 0.004 -10"><span class='ocrx_word' id='word_1_560' title='bbox 1144 1023 1244 1054; x_wconf 83' lang='lat' dir='ltr'>fuisse</span> <span class='ocrx_word' id='word_1_561' title='bbox 1264 1034 1405 1064; x_wconf 89' lang='lat' dir='ltr'>unquam</span> <span class='ocrx_word' id='word_1_562' title='bbox 1426 1035 1466 1056; x_wconf 89' lang='lat' dir='ltr'>ex</span> <span class='ocrx_word' id='word_1_563' title='bbox 1486 1025 1628 1056; x_wconf 87' lang='lat' dir='ltr'>ecclesia.</span> <span class='ocrx_word' id='word_1_564' title='bbox 1673 1025 1774 1056; x_wconf 89' lang='lat' dir='ltr'>Porro</span> <span class='ocrx_word' id='word_1_565' title='bbox 1794 1026 1992 1058; x_wconf 87' lang='lat' dir='ltr'>diducendae</span> <span class='ocrx_word' id='word_1_566' title='bbox 2011 1027 2112 1058; x_wconf 85' lang='lat' dir='ltr'>obiec-</span> 
     </span>
     <span class='ocr_line' id='line_1_81' title="bbox 1144 1066 2115 1108; baseline 0.004 -11"><span class='ocrx_word' id='word_1_567' title='bbox 1144 1066 1243 1098; x_wconf 88' lang='lat' dir='ltr'>tionis</span> <span class='ocrx_word' id='word_1_568' title='bbox 1265 1067 1347 1098; x_wconf 85' lang='lat' dir='ltr'>ratio</span> <span class='ocrx_word' id='word_1_569' title='bbox 1370 1071 1428 1105; x_wconf 88' lang='lat' dir='ltr'>est,</span> <span class='ocrx_word' id='word_1_570' title='bbox 1452 1067 1536 1107; x_wconf 90' lang='lat' dir='ltr'>quod</span> <span class='ocrx_word' id='word_1_571' title='bbox 1555 1078 1683 1108; x_wconf 87' lang='lat' dir='ltr'>semper</span> <span class='ocrx_word' id='word_1_572' title='bbox 1705 1068 1780 1100; x_wconf 85' lang='lat' dir='ltr'>huic</span> <span class='ocrx_word' id='word_1_573' title='bbox 1803 1069 1888 1100; x_wconf 90' lang='lat' dir='ltr'>malo</span> <span class='ocrx_word' id='word_1_574' title='bbox 1910 1069 2050 1101; x_wconf 86' lang='lat' dir='ltr'>obnoxia</span> <span class='ocrx_word' id='word_1_575' title='bbox 2072 1069 2115 1101; x_wconf 87' lang='lat' dir='ltr'>sit</span> 
     </span>
     <span class='ocr_line' id='line_1_82' title="bbox 1145 1109 2113 1153; baseline 0.005 -14"><span class='ocrx_word' id='word_1_576' title='bbox 1145 1109 1296 1146; x_wconf 84' lang='lat' dir='ltr'>ecclesia,</span> <span class='ocrx_word' id='word_1_577' title='bbox 1327 1114 1365 1141; x_wconf 94' lang='lat' dir='ltr'>ut</span> <span class='ocrx_word' id='word_1_578' title='bbox 1394 1110 1513 1142; x_wconf 88' lang='lat' dir='ltr'>multos</span> <span class='ocrx_word' id='word_1_579' title='bbox 1544 1111 1628 1142; x_wconf 88' lang='lat' dir='ltr'>ferre</span> <span class='ocrx_word' id='word_1_580' title='bbox 1657 1116 1791 1152; x_wconf 83' lang='lat' dir='ltr'>cogatur</span> <span class='ocrx_word' id='word_1_581' title='bbox 1820 1111 2025 1152; x_wconf 85' lang='lat' dir='ltr'>hypocritas,</span> <span class='ocrx_word' id='word_1_582' title='bbox 2058 1113 2113 1153; x_wconf 92' lang='lat' dir='ltr'>qui</span> 
     </span>
     <span class='ocr_line' id='line_1_83' title="bbox 1145 1151 2113 1194; baseline 0.004 -12"><span class='ocrx_word' id='word_1_583' title='bbox 1145 1162 1221 1183; x_wconf 89' lang='lat' dir='ltr'>vere</span> <span class='ocrx_word' id='word_1_584' title='bbox 1244 1151 1412 1184; x_wconf 87' lang='lat' dir='ltr'>Christum</span> <span class='ocrx_word' id='word_1_585' title='bbox 1443 1163 1509 1185; x_wconf 87' lang='lat' dir='ltr'>non</span> <span class='ocrx_word' id='word_1_586' title='bbox 1539 1153 1672 1193; x_wconf 88' lang='lat' dir='ltr'>habent,</span> <span class='ocrx_word' id='word_1_587' title='bbox 1702 1158 1865 1194; x_wconf 89' lang='lat' dir='ltr'>utcunque</span> <span class='ocrx_word' id='word_1_588' title='bbox 1896 1156 1965 1186; x_wconf 89' lang='lat' dir='ltr'>eius</span> <span class='ocrx_word' id='word_1_589' title='bbox 1995 1165 2113 1186; x_wconf 88' lang='lat' dir='ltr'>nomen</span> 
     </span>
     <span class='ocr_line' id='line_1_84' title="bbox 1144 1195 2112 1238; baseline 0.004 -13"><span class='ocrx_word' id='word_1_590' title='bbox 1144 1203 1200 1225; x_wconf 90' lang='lat' dir='ltr'>ore</span> <span class='ocrx_word' id='word_1_591' title='bbox 1216 1196 1430 1235; x_wconf 85' lang='lat' dir='ltr'>profiteantur</span> <span class='ocrx_word' id='word_1_592' title='bbox 1453 1195 1493 1227; x_wconf 88' lang='lat' dir='ltr'>ad</span> <span class='ocrx_word' id='word_1_593' title='bbox 1514 1200 1652 1236; x_wconf 87' lang='lat' dir='ltr'>tempus.</span> <span class='ocrx_word' id='word_1_594' title='bbox 1697 1197 1807 1236; x_wconf 76' lang='lat' dir='ltr'>Quum</span> <span class='ocrx_word' id='word_1_595' title='bbox 1825 1197 1911 1234; x_wconf 86' lang='lat' dir='ltr'>dicit,</span> <span class='ocrx_word' id='word_1_596' title='bbox 1935 1208 2112 1238; x_wconf 86' lang='lat' dir='ltr'>egressos</span> 
     </span>
     <span class='ocr_line' id='line_1_85' title="bbox 1143 1239 2112 1281; baseline 0.003 -12"><span class='ocrx_word' id='word_1_597' title='bbox 1143 1248 1234 1269; x_wconf 89' lang='lat' dir='ltr'>esse</span> <span class='ocrx_word' id='word_1_598' title='bbox 1264 1249 1282 1269; x_wconf 87' lang='lat' dir='ltr'>a</span> <span class='ocrx_word' id='word_1_599' title='bbox 1313 1239 1446 1275; x_wconf 85' lang='lat' dir='ltr'>nobis,</span> <span class='ocrx_word' id='word_1_600' title='bbox 1474 1239 1637 1280; x_wconf 87' lang='lat' dir='ltr'>significat</span> <span class='ocrx_word' id='word_1_601' title='bbox 1666 1239 1772 1271; x_wconf 87' lang='lat' dir='ltr'>locum</span> <span class='ocrx_word' id='word_1_602' title='bbox 1801 1240 1833 1271; x_wconf 92' lang='lat' dir='ltr'>in</span> <span class='ocrx_word' id='word_1_603' title='bbox 1863 1240 1996 1272; x_wconf 85' lang='lat' dir='ltr'>ecclesia</span> <span class='ocrx_word' id='word_1_604' title='bbox 2019 1241 2112 1281; x_wconf 89' lang='lat' dir='ltr'>prius</span> 
     </span>
     <span class='ocr_line' id='line_1_86' title="bbox 1143 1281 2114 1325; baseline 0.004 -14"><span class='ocrx_word' id='word_1_605' title='bbox 1143 1290 1325 1321; x_wconf 85' lang='lat' dir='ltr'>occupasse,</span> <span class='ocrx_word' id='word_1_606' title='bbox 1350 1286 1382 1312; x_wconf 87' lang='lat' dir='ltr'>et</span> <span class='ocrx_word' id='word_1_607' title='bbox 1398 1281 1524 1313; x_wconf 92' lang='lat' dir='ltr'>habitos</span> <span class='ocrx_word' id='word_1_608' title='bbox 1543 1293 1611 1313; x_wconf 89' lang='lat' dir='ltr'>esse</span> <span class='ocrx_word' id='word_1_609' title='bbox 1630 1283 1663 1314; x_wconf 94' lang='lat' dir='ltr'>in</span> <span class='ocrx_word' id='word_1_610' title='bbox 1683 1282 1808 1322; x_wconf 90' lang='lat' dir='ltr'>piorum</span> <span class='ocrx_word' id='word_1_611' title='bbox 1827 1293 1971 1315; x_wconf 87' lang='lat' dir='ltr'>numero.</span> <span class='ocrx_word' id='word_1_612' title='bbox 2006 1284 2114 1325; x_wconf 87' lang='lat' dir='ltr'>Negat</span> 
     </span>
     <span class='ocr_line' id='line_1_87' title="bbox 1143 1324 2113 1365; baseline 0.002 -10"><span class='ocrx_word' id='word_1_613' title='bbox 1143 1329 1253 1355; x_wconf 88' lang='lat' dir='ltr'>tamen</span> <span class='ocrx_word' id='word_1_614' title='bbox 1276 1324 1374 1356; x_wconf 87' lang='lat' dir='ltr'>fuisse</span> <span class='ocrx_word' id='word_1_615' title='bbox 1397 1335 1436 1355; x_wconf 88' lang='lat' dir='ltr'>ex</span> <span class='ocrx_word' id='word_1_616' title='bbox 1460 1325 1560 1362; x_wconf 87' lang='lat' dir='ltr'>nobis,</span> <span class='ocrx_word' id='word_1_617' title='bbox 1584 1326 1637 1365; x_wconf 92' lang='lat' dir='ltr'>qui</span> <span class='ocrx_word' id='word_1_618' title='bbox 1661 1325 1740 1356; x_wconf 80' lang='lat' dir='ltr'>falso</span> <span class='ocrx_word' id='word_1_619' title='bbox 1765 1336 1883 1356; x_wconf 88' lang='lat' dir='ltr'>nomen</span> <span class='ocrx_word' id='word_1_620' title='bbox 1906 1326 2113 1358; x_wconf 88' lang='lat' dir='ltr'>obtenderint</span> 
     </span>
     <span class='ocr_line' id='line_1_88' title="bbox 1142 1366 2112 1408; baseline 0.003 -10"><span class='ocrx_word' id='word_1_621' title='bbox 1142 1366 1301 1398; x_wconf 88' lang='lat' dir='ltr'>fidelium:</span> <span class='ocrx_word' id='word_1_622' title='bbox 1333 1367 1427 1398; x_wconf 86' lang='lat' dir='ltr'>sicuti</span> <span class='ocrx_word' id='word_1_623' title='bbox 1458 1367 1583 1408; x_wconf 84' lang='lat' dir='ltr'>paleae.</span> <span class='ocrx_word' id='word_1_624' title='bbox 1617 1368 1688 1400; x_wconf 74' lang='lat' dir='ltr'>licet</span> <span class='ocrx_word' id='word_1_625' title='bbox 1710 1368 1816 1400; x_wconf 84' lang='lat' dir='ltr'>tritico</span> <span class='ocrx_word' id='word_1_626' title='bbox 1845 1369 1877 1399; x_wconf 92' lang='lat' dir='ltr'>in</span> <span class='ocrx_word' id='word_1_627' title='bbox 1901 1368 2014 1399; x_wconf 88' lang='lat' dir='ltr'>eadem</span> <span class='ocrx_word' id='word_1_628' title='bbox 2038 1379 2112 1401; x_wconf 83' lang='lat' dir='ltr'>area</span> 
     </span>
     <span class='ocr_line' id='line_1_89' title="bbox 1143 1410 2033 1452; baseline 0.002 -12"><span class='ocrx_word' id='word_1_629' title='bbox 1143 1410 1316 1450; x_wconf 90' lang='lat' dir='ltr'>permistae</span> <span class='ocrx_word' id='word_1_630' title='bbox 1341 1411 1408 1441; x_wconf 90' lang='lat' dir='ltr'>sint</span> <span class='ocrx_word' id='word_1_631' title='bbox 1421 1410 1452 1452; x_wconf 89' lang='lat'>¹),</span> <span class='ocrx_word' id='word_1_632' title='bbox 1476 1421 1535 1442; x_wconf 67' lang='lat' dir='ltr'>ozon</span> <span class='ocrx_word' id='word_1_633' title='bbox 1557 1413 1657 1442; x_wconf 77' lang='lat' dir='ltr'>tamen</span> <span class='ocrx_word' id='word_1_634' title='bbox 1681 1411 1716 1442; x_wconf 74' lang='lat' dir='ltr'>in</span> <span class='ocrx_word' id='word_1_635' title='bbox 1738 1411 1841 1442; x_wconf 76' lang='lat' dir='ltr'>tritico</span> <span class='ocrx_word' id='word_1_636' title='bbox 1865 1414 2033 1443; x_wconf 77' lang='lat' dir='ltr'>censentur.</span> 
     </span>
    </p>

    <p class='ocr_par' dir='ltr' id='par_1_11' title="bbox 1136 1452 2113 2564">
     <span class='ocr_line' id='line_1_90' title="bbox 1229 1452 2113 1494; baseline 0.001 -10"><span class='ocrx_word' id='word_1_637' title='bbox 1229 1452 1267 1484; x_wconf 69' lang='lat' dir='ltr'>Si</span> <span class='ocrx_word' id='word_1_638' title='bbox 1287 1453 1423 1492; x_wconf 74' lang='lat' dir='ltr'>fuissent</span> <span class='ocrx_word' id='word_1_639' title='bbox 1444 1464 1481 1485; x_wconf 74' lang='lat' dir='ltr'>ex</span> <span class='ocrx_word' id='word_1_640' title='bbox 1502 1454 1597 1485; x_wconf 76' lang='lat' dir='ltr'>nobis.</span> <span class='ocrx_word' id='word_1_641' title='bbox 1641 1454 1763 1494; x_wconf 91' lang='lat' dir='ltr'>Aperte</span> <span class='ocrx_word' id='word_1_642' title='bbox 1792 1454 2000 1494; x_wconf 87' lang='lat' dir='ltr'>pronuntiat,</span> <span class='ocrx_word' id='word_1_643' title='bbox 2031 1464 2113 1485; x_wconf 89' lang='lat' dir='ltr'>nun-</span> 
     </span>
     <span class='ocr_line' id='line_1_91' title="bbox 1143 1496 2112 1537; baseline 0.001 -10"><span class='ocrx_word' id='word_1_644' title='bbox 1143 1506 1238 1536; x_wconf 85' lang='lat' dir='ltr'>quam</span> <span class='ocrx_word' id='word_1_645' title='bbox 1253 1497 1350 1527; x_wconf 86' lang='lat' dir='ltr'>suisse</span> <span class='ocrx_word' id='word_1_646' title='bbox 1366 1496 1518 1528; x_wconf 88' lang='lat' dir='ltr'>ecclesiae</span> <span class='ocrx_word' id='word_1_647' title='bbox 1531 1497 1675 1527; x_wconf 88' lang='lat' dir='ltr'>membra</span> <span class='ocrx_word' id='word_1_648' title='bbox 1693 1497 1748 1537; x_wconf 90' lang='lat' dir='ltr'>qui</span> <span class='ocrx_word' id='word_1_649' title='bbox 1769 1496 1930 1529; x_wconf 84' lang='lat' dir='ltr'>deficiunt.</span> <span class='ocrx_word' id='word_1_650' title='bbox 1961 1498 2006 1528; x_wconf 91' lang='lat' dir='ltr'>At</span> <span class='ocrx_word' id='word_1_651' title='bbox 2025 1501 2112 1529; x_wconf 88' lang='lat' dir='ltr'>certe</span> 
     </span>
     <span class='ocr_line' id='line_1_92' title="bbox 1142 1539 2109 1579; baseline 0.002 -10"><span class='ocrx_word' id='word_1_652' title='bbox 1142 1539 1286 1579; x_wconf 86' lang='lat' dir='ltr'>sigillum</span> <span class='ocrx_word' id='word_1_653' title='bbox 1305 1539 1376 1576; x_wconf 91' lang='lat' dir='ltr'>Dei,</span> <span class='ocrx_word' id='word_1_654' title='bbox 1400 1539 1460 1570; x_wconf 90' lang='lat' dir='ltr'>sub</span> <span class='ocrx_word' id='word_1_655' title='bbox 1483 1549 1544 1579; x_wconf 91' lang='lat' dir='ltr'>qno</span> <span class='ocrx_word' id='word_1_656' title='bbox 1564 1550 1639 1570; x_wconf 89' lang='lat' dir='ltr'>suos</span> <span class='ocrx_word' id='word_1_657' title='bbox 1658 1539 1808 1577; x_wconf 88' lang='lat' dir='ltr'>custodit,</span> <span class='ocrx_word' id='word_1_658' title='bbox 1832 1540 1964 1571; x_wconf 87' lang='lat' dir='ltr'>firmum</span> <span class='ocrx_word' id='word_1_659' title='bbox 1986 1545 2109 1571; x_wconf 90' lang='lat' dir='ltr'>manet:</span> 
     </span>
     <span class='ocr_line' id='line_1_93' title="bbox 1142 1582 2112 1623; baseline 0.002 -11"><span class='ocrx_word' id='word_1_660' title='bbox 1142 1584 1179 1612; x_wconf 85' lang='lat' dir='ltr'>ut</span> <span class='ocrx_word' id='word_1_661' title='bbox 1208 1582 1314 1621; x_wconf 89' lang='lat' dir='ltr'>inquit</span> <span class='ocrx_word' id='word_1_662' title='bbox 1343 1582 1464 1613; x_wconf 86' lang='lat' dir='ltr'>Paulus</span> <span class='ocrx_word' id='word_1_663' title='bbox 1493 1582 1536 1623; x_wconf 81' lang='lat'>(2.</span> <span class='ocrx_word' id='word_1_664' title='bbox 1556 1583 1638 1613; x_wconf 78' lang='lat' dir='ltr'>Tim.</span> <span class='ocrx_word' id='word_1_665' title='bbox 1663 1582 1690 1618; x_wconf 82' lang='lat'>2.</span> <span class='ocrx_word' id='word_1_666' title='bbox 1717 1582 1780 1623; x_wconf 86' lang='lat'>19).</span> <span class='ocrx_word' id='word_1_667' title='bbox 1829 1582 1895 1614; x_wconf 85' lang='lat' dir='ltr'>Sed</span> <span class='ocrx_word' id='word_1_668' title='bbox 1925 1583 1977 1614; x_wconf 91' lang='lat' dir='ltr'>hic</span> <span class='ocrx_word' id='word_1_669' title='bbox 2007 1584 2112 1614; x_wconf 90' lang='lat' dir='ltr'>oritur</span> 
     </span>
     <span class='ocr_line' id='line_1_94' title="bbox 1142 1623 2112 1665; baseline 0.002 -10"><span class='ocrx_word' id='word_1_670' title='bbox 1142 1623 1326 1656; x_wconf 80' lang='lat' dir='ltr'>difficultas.</span> <span class='ocrx_word' id='word_1_671' title='bbox 1371 1625 1492 1656; x_wconf 87' lang='lat' dir='ltr'>Multos</span> <span class='ocrx_word' id='word_1_672' title='bbox 1515 1625 1616 1665; x_wconf 89' lang='lat' dir='ltr'>enim,</span> <span class='ocrx_word' id='word_1_673' title='bbox 1647 1625 1702 1665; x_wconf 88' lang='lat' dir='ltr'>qui</span> <span class='ocrx_word' id='word_1_674' title='bbox 1727 1624 1921 1656; x_wconf 85' lang='lat' dir='ltr'>videbantur</span> <span class='ocrx_word' id='word_1_675' title='bbox 1943 1625 2112 1657; x_wconf 86' lang='lat' dir='ltr'>Christum</span> 
     </span>
     <span class='ocr_line' id='line_1_95' title="bbox 1142 1667 2113 1709; baseline 0.002 -11"><span class='ocrx_word' id='word_1_676' title='bbox 1142 1667 1292 1708; x_wconf 86' lang='lat' dir='ltr'>amplexi,</span> <span class='ocrx_word' id='word_1_677' title='bbox 1316 1678 1411 1707; x_wconf 87' lang='lat' dir='ltr'>saepe</span> <span class='ocrx_word' id='word_1_678' title='bbox 1434 1668 1582 1699; x_wconf 82' lang='lat' dir='ltr'>excidere</span> <span class='ocrx_word' id='word_1_679' title='bbox 1607 1668 1774 1709; x_wconf 83' lang='lat' dir='ltr'>contingit.</span> <span class='ocrx_word' id='word_1_680' title='bbox 1819 1668 2023 1708; x_wconf 86' lang='lat' dir='ltr'>Respondeo,</span> <span class='ocrx_word' id='word_1_681' title='bbox 2047 1673 2113 1700; x_wconf 89' lang='lat' dir='ltr'>tres</span> 
     </span>
     <span class='ocr_line' id='line_1_96' title="bbox 1142 1710 2113 1751; baseline 0.001 -10"><span class='ocrx_word' id='word_1_682' title='bbox 1142 1721 1252 1741; x_wconf 89' lang='lat' dir='ltr'>eorum</span> <span class='ocrx_word' id='word_1_683' title='bbox 1272 1721 1342 1742; x_wconf 89' lang='lat' dir='ltr'>esse</span> <span class='ocrx_word' id='word_1_684' title='bbox 1357 1710 1476 1751; x_wconf 88' lang='lat' dir='ltr'>gradus</span> <span class='ocrx_word' id='word_1_685' title='bbox 1496 1711 1550 1751; x_wconf 89' lang='lat' dir='ltr'>qui</span> <span class='ocrx_word' id='word_1_686' title='bbox 1570 1711 1773 1751; x_wconf 84' lang='lat' dir='ltr'>evangelium</span> <span class='ocrx_word' id='word_1_687' title='bbox 1794 1712 1994 1750; x_wconf 88' lang='lat' dir='ltr'>profitentur.</span> <span class='ocrx_word' id='word_1_688' title='bbox 2025 1711 2113 1743; x_wconf 86' lang='lat' dir='ltr'>Sunt</span> 
     </span>
     <span class='ocr_line' id='line_1_97' title="bbox 1143 1754 2113 1794; baseline 0.001 -10"><span class='ocrx_word' id='word_1_689' title='bbox 1143 1754 1228 1784; x_wconf 87' lang='lat' dir='ltr'>enim</span> <span class='ocrx_word' id='word_1_690' title='bbox 1262 1754 1316 1794; x_wconf 94' lang='lat' dir='ltr'>qui</span> <span class='ocrx_word' id='word_1_691' title='bbox 1351 1755 1501 1793; x_wconf 88' lang='lat' dir='ltr'>pietatem</span> <span class='ocrx_word' id='word_1_692' title='bbox 1533 1754 1706 1791; x_wconf 91' lang='lat' dir='ltr'>simulant,</span> <span class='ocrx_word' id='word_1_693' title='bbox 1749 1763 1847 1794; x_wconf 92' lang='lat' dir='ltr'>quum</span> <span class='ocrx_word' id='word_1_694' title='bbox 1885 1759 1992 1785; x_wconf 88' lang='lat' dir='ltr'>tamen</span> <span class='ocrx_word' id='word_1_695' title='bbox 2027 1754 2113 1785; x_wconf 82' lang='lat' dir='ltr'>mala</span> 
     </span>
     <span class='ocr_line' id='line_1_98' title="bbox 1141 1796 2113 1837; baseline 0 -10"><span class='ocrx_word' id='word_1_696' title='bbox 1141 1797 1325 1828; x_wconf 87' lang='lat' dir='ltr'>conscienta</span> <span class='ocrx_word' id='word_1_697' title='bbox 1355 1797 1441 1828; x_wconf 90' lang='lat' dir='ltr'>intus</span> <span class='ocrx_word' id='word_1_698' title='bbox 1469 1806 1524 1827; x_wconf 89' lang='lat' dir='ltr'>eos</span> <span class='ocrx_word' id='word_1_699' title='bbox 1554 1802 1679 1837; x_wconf 84' lang='lat' dir='ltr'>arguat.</span> <span class='ocrx_word' id='word_1_700' title='bbox 1725 1796 1876 1828; x_wconf 91' lang='lat' dir='ltr'>Aliorum</span> <span class='ocrx_word' id='word_1_701' title='bbox 1899 1797 2002 1837; x_wconf 86' lang='lat' dir='ltr'>magis</span> <span class='ocrx_word' id='word_1_702' title='bbox 2027 1798 2113 1828; x_wconf 88' lang='lat' dir='ltr'>frau-</span> 
     </span>
     <span class='ocr_line' id='line_1_99' title="bbox 1142 1839 2112 1879; baseline 0.001 -9"><span class='ocrx_word' id='word_1_703' title='bbox 1142 1839 1275 1870; x_wconf 86' lang='lat' dir='ltr'>dulenta</span> <span class='ocrx_word' id='word_1_704' title='bbox 1293 1839 1488 1879; x_wconf 87' lang='lat' dir='ltr'>hypocrisis:</span> <span class='ocrx_word' id='word_1_705' title='bbox 1511 1839 1565 1879; x_wconf 93' lang='lat' dir='ltr'>qui</span> <span class='ocrx_word' id='word_1_706' title='bbox 1589 1849 1654 1870; x_wconf 90' lang='lat' dir='ltr'>non</span> <span class='ocrx_word' id='word_1_707' title='bbox 1674 1840 1768 1870; x_wconf 91' lang='lat' dir='ltr'>modo</span> <span class='ocrx_word' id='word_1_708' title='bbox 1791 1839 1901 1871; x_wconf 85' lang='lat' dir='ltr'>fucum</span> <span class='ocrx_word' id='word_1_709' title='bbox 1926 1840 2112 1871; x_wconf 91' lang='lat' dir='ltr'>hominibus</span> 
     </span>
     <span class='ocr_line' id='line_1_100' title="bbox 1141 1882 2108 1923; baseline 0 -10"><span class='ocrx_word' id='word_1_710' title='bbox 1141 1883 1246 1913; x_wconf 87' lang='lat' dir='ltr'>facere</span> <span class='ocrx_word' id='word_1_711' title='bbox 1270 1886 1404 1919; x_wconf 90' lang='lat' dir='ltr'>tentant,</span> <span class='ocrx_word' id='word_1_712' title='bbox 1428 1882 1483 1913; x_wconf 88' lang='lat' dir='ltr'>sed</span> <span class='ocrx_word' id='word_1_713' title='bbox 1508 1882 1617 1913; x_wconf 91' lang='lat' dir='ltr'>oculos</span> <span class='ocrx_word' id='word_1_714' title='bbox 1640 1883 1702 1913; x_wconf 89' lang='lat' dir='ltr'>sibi</span> <span class='ocrx_word' id='word_1_715' title='bbox 1724 1883 1965 1923; x_wconf 84' lang='lat' dir='ltr'>perstringunt,</span> <span class='ocrx_word' id='word_1_716' title='bbox 1989 1888 2026 1913; x_wconf 90' lang='lat' dir='ltr'>ut</span> <span class='ocrx_word' id='word_1_717' title='bbox 2048 1882 2108 1913; x_wconf 90' lang='lat' dir='ltr'>sibi</span> 
     </span>
     <span class='ocr_line' id='line_1_101' title="bbox 1141 1925 2109 1956; baseline 0 0"><span class='ocrx_word' id='word_1_718' title='bbox 1141 1925 1314 1956; x_wconf 90' lang='lat' dir='ltr'>videantur</span> <span class='ocrx_word' id='word_1_719' title='bbox 1337 1927 1424 1956; x_wconf 86' lang='lat' dir='ltr'>reete</span> <span class='ocrx_word' id='word_1_720' title='bbox 1442 1925 1549 1956; x_wconf 90' lang='lat' dir='ltr'>Deum</span> <span class='ocrx_word' id='word_1_721' title='bbox 1572 1925 1687 1956; x_wconf 87' lang='lat' dir='ltr'>colere.</span> <span class='ocrx_word' id='word_1_722' title='bbox 1731 1925 1833 1956; x_wconf 77' lang='lat' dir='ltr'>Tertii</span> <span class='ocrx_word' id='word_1_723' title='bbox 1857 1926 1964 1956; x_wconf 81' lang='lat' dir='ltr'>vivam</span> <span class='ocrx_word' id='word_1_724' title='bbox 1989 1925 2109 1956; x_wconf 88' lang='lat' dir='ltr'>habent</span> 
     </span>
     <span class='ocr_line' id='line_1_102' title="bbox 1140 1967 2109 2008; baseline 0.001 -10"><span class='ocrx_word' id='word_1_725' title='bbox 1140 1967 1214 1999; x_wconf 91' lang='lat' dir='ltr'>fidei</span> <span class='ocrx_word' id='word_1_726' title='bbox 1231 1968 1381 2007; x_wconf 88' lang='lat' dir='ltr'>radicem,</span> <span class='ocrx_word' id='word_1_727' title='bbox 1401 1978 1437 1999; x_wconf 90' lang='lat' dir='ltr'>ac</span> <span class='ocrx_word' id='word_1_728' title='bbox 1453 1978 1529 1999; x_wconf 87' lang='lat' dir='ltr'>suae</span> <span class='ocrx_word' id='word_1_729' title='bbox 1548 1968 1731 2008; x_wconf 89' lang='lat' dir='ltr'>adoptionis</span> <span class='ocrx_word' id='word_1_730' title='bbox 1748 1968 1964 1999; x_wconf 85' lang='lat' dir='ltr'>testimonium</span> <span class='ocrx_word' id='word_1_731' title='bbox 1979 1969 2109 2008; x_wconf 90' lang='lat' dir='ltr'>penitus</span> 
     </span>
     <span class='ocr_line' id='line_1_103' title="bbox 1140 2010 2108 2050; baseline 0 -9"><span class='ocrx_word' id='word_1_732' title='bbox 1140 2012 1243 2042; x_wconf 89' lang='lat' dir='ltr'>fixum</span> <span class='ocrx_word' id='word_1_733' title='bbox 1273 2011 1422 2042; x_wconf 86' lang='lat' dir='ltr'>cordibus</span> <span class='ocrx_word' id='word_1_734' title='bbox 1450 2015 1577 2050; x_wconf 86' lang='lat' dir='ltr'>gerunt.</span> <span class='ocrx_word' id='word_1_735' title='bbox 1622 2011 1753 2042; x_wconf 89' lang='lat' dir='ltr'>Priores</span> <span class='ocrx_word' id='word_1_736' title='bbox 1783 2010 1846 2042; x_wconf 90' lang='lat' dir='ltr'>duo</span> <span class='ocrx_word' id='word_1_737' title='bbox 1875 2010 2004 2042; x_wconf 91' lang='lat' dir='ltr'>ordines</span> <span class='ocrx_word' id='word_1_738' title='bbox 2027 2011 2108 2042; x_wconf 90' lang='lat' dir='ltr'>nihil</span> 
     </span>
     <span class='ocr_line' id='line_1_104' title="bbox 1139 2053 2107 2093; baseline 0.001 -9"><span class='ocrx_word' id='word_1_739' title='bbox 1139 2054 1321 2085; x_wconf 87' lang='lat' dir='ltr'>stabilitatis</span> <span class='ocrx_word' id='word_1_740' title='bbox 1345 2053 1481 2084; x_wconf 89' lang='lat' dir='ltr'>habent:</span> <span class='ocrx_word' id='word_1_741' title='bbox 1513 2053 1551 2084; x_wconf 90' lang='lat' dir='ltr'>de</span> <span class='ocrx_word' id='word_1_742' title='bbox 1575 2055 1745 2093; x_wconf 87' lang='lat' dir='ltr'>postremis</span> <span class='ocrx_word' id='word_1_743' title='bbox 1767 2053 1910 2093; x_wconf 88' lang='lat' dir='ltr'>loquitur</span> <span class='ocrx_word' id='word_1_744' title='bbox 1932 2053 2107 2090; x_wconf 87' lang='lat' dir='ltr'>Iohannes,</span> 
     </span>
     <span class='ocr_line' id='line_1_105' title="bbox 1139 2096 2107 2136; baseline 0 -9"><span class='ocrx_word' id='word_1_745' title='bbox 1139 2107 1237 2136; x_wconf 92' lang='lat' dir='ltr'>quum</span> <span class='ocrx_word' id='word_1_746' title='bbox 1274 2096 1469 2135; x_wconf 81' lang='lat' dir='ltr'>impossibile</span> <span class='ocrx_word' id='word_1_747' title='bbox 1506 2106 1574 2127; x_wconf 88' lang='lat' dir='ltr'>esse</span> <span class='ocrx_word' id='word_1_748' title='bbox 1610 2096 1689 2127; x_wconf 88' lang='lat' dir='ltr'>dicit</span> <span class='ocrx_word' id='word_1_749' title='bbox 1722 2097 1761 2127; x_wconf 89' lang='lat' dir='ltr'>ab</span> <span class='ocrx_word' id='word_1_750' title='bbox 1794 2096 1929 2128; x_wconf 89' lang='lat' dir='ltr'>ecclesia</span> <span class='ocrx_word' id='word_1_751' title='bbox 1961 2096 2107 2128; x_wconf 86' lang='lat' dir='ltr'>alienari.</span> 
     </span>
     <span class='ocr_line' id='line_1_106' title="bbox 1139 2139 2106 2179; baseline 0 -10"><span class='ocrx_word' id='word_1_752' title='bbox 1139 2140 1251 2179; x_wconf 87' lang='lat' dir='ltr'>Neque</span> <span class='ocrx_word' id='word_1_753' title='bbox 1267 2140 1351 2169; x_wconf 88' lang='lat' dir='ltr'>enim</span> <span class='ocrx_word' id='word_1_754' title='bbox 1372 2139 1524 2179; x_wconf 84' lang='lat' dir='ltr'>sigillum,</span> <span class='ocrx_word' id='word_1_755' title='bbox 1540 2139 1626 2179; x_wconf 91' lang='lat' dir='ltr'>quod</span> <span class='ocrx_word' id='word_1_756' title='bbox 1648 2140 1736 2170; x_wconf 88' lang='lat' dir='ltr'>Deus</span> <span class='ocrx_word' id='word_1_757' title='bbox 1754 2140 1869 2179; x_wconf 89' lang='lat' dir='ltr'>spiritu</span> <span class='ocrx_word' id='word_1_758' title='bbox 1888 2149 1945 2170; x_wconf 86' lang='lat' dir='ltr'>suo</span> <span class='ocrx_word' id='word_1_759' title='bbox 1964 2140 2106 2179; x_wconf 90' lang='lat' dir='ltr'>insculp-</span> 
     </span>
     <span class='ocr_line' id='line_1_107' title="bbox 1139 2181 2105 2221; baseline -0.001 -8"><span class='ocrx_word' id='word_1_760' title='bbox 1139 2183 1181 2214; x_wconf 89' lang='lat' dir='ltr'>sit</span> <span class='ocrx_word' id='word_1_761' title='bbox 1206 2193 1315 2213; x_wconf 90' lang='lat' dir='ltr'>eorum</span> <span class='ocrx_word' id='word_1_762' title='bbox 1341 2182 1556 2220; x_wconf 89' lang='lat' dir='ltr'>conscientiis,</span> <span class='ocrx_word' id='word_1_763' title='bbox 1583 2182 1680 2213; x_wconf 88' lang='lat' dir='ltr'>deleri</span> <span class='ocrx_word' id='word_1_764' title='bbox 1700 2186 1815 2221; x_wconf 89' lang='lat' dir='ltr'>potest.</span> <span class='ocrx_word' id='word_1_765' title='bbox 1861 2181 1981 2214; x_wconf 82' lang='lat' dir='ltr'>Semen</span> <span class='ocrx_word' id='word_1_766' title='bbox 2000 2182 2105 2213; x_wconf 85' lang='lat' dir='ltr'>incor-</span> 
     </span>
     <span class='ocr_line' id='line_1_108' title="bbox 1139 2224 2106 2265; baseline 0 -9"><span class='ocrx_word' id='word_1_767' title='bbox 1139 2225 1301 2265; x_wconf 87' lang='lat' dir='ltr'>ruptibile,</span> <span class='ocrx_word' id='word_1_768' title='bbox 1325 2224 1410 2263; x_wconf 89' lang='lat' dir='ltr'>quod</span> <span class='ocrx_word' id='word_1_769' title='bbox 1434 2225 1575 2256; x_wconf 89' lang='lat' dir='ltr'>radicem</span> <span class='ocrx_word' id='word_1_770' title='bbox 1599 2225 1675 2265; x_wconf 86' lang='lat' dir='ltr'>egit,</span> <span class='ocrx_word' id='word_1_771' title='bbox 1699 2235 1764 2255; x_wconf 88' lang='lat' dir='ltr'>non</span> <span class='ocrx_word' id='word_1_772' title='bbox 1789 2229 1893 2264; x_wconf 90' lang='lat' dir='ltr'>potest</span> <span class='ocrx_word' id='word_1_773' title='bbox 1915 2225 2022 2262; x_wconf 79' lang='lat' dir='ltr'>evelli,</span> <span class='ocrx_word' id='word_1_774' title='bbox 2048 2235 2106 2256; x_wconf 89' lang='lat' dir='ltr'>nec</span> 
     </span>
     <span class='ocr_line' id='line_1_109' title="bbox 1138 2267 2105 2307; baseline 0 -9"><span class='ocrx_word' id='word_1_775' title='bbox 1138 2269 1269 2299; x_wconf 85' lang='lat' dir='ltr'>aboleri.</span> <span class='ocrx_word' id='word_1_776' title='bbox 1327 2267 1442 2307; x_wconf 88' lang='lat' dir='ltr'>Neque</span> <span class='ocrx_word' id='word_1_777' title='bbox 1471 2268 1558 2298; x_wconf 89' lang='lat' dir='ltr'>enim</span> <span class='ocrx_word' id='word_1_778' title='bbox 1587 2267 1638 2299; x_wconf 90' lang='lat' dir='ltr'>hic</span> <span class='ocrx_word' id='word_1_779' title='bbox 1666 2268 1705 2298; x_wconf 90' lang='lat' dir='ltr'>de</span> <span class='ocrx_word' id='word_1_780' title='bbox 1735 2268 1923 2306; x_wconf 91' lang='lat' dir='ltr'>hominum,</span> <span class='ocrx_word' id='word_1_781' title='bbox 1954 2268 2010 2298; x_wconf 90' lang='lat' dir='ltr'>sed</span> <span class='ocrx_word' id='word_1_782' title='bbox 2042 2267 2105 2299; x_wconf 89' lang='lat' dir='ltr'>Dei</span> 
     </span>
     <span class='ocr_line' id='line_1_110' title="bbox 1137 2311 2105 2351; baseline -0.001 -9"><span class='ocrx_word' id='word_1_783' title='bbox 1137 2311 1319 2342; x_wconf 85' lang='lat' dir='ltr'>constantia</span> <span class='ocrx_word' id='word_1_784' title='bbox 1335 2311 1454 2351; x_wconf 83' lang='lat' dir='ltr'>agitur,</span> <span class='ocrx_word' id='word_1_785' title='bbox 1479 2311 1569 2341; x_wconf 89' lang='lat' dir='ltr'>cuius</span> <span class='ocrx_word' id='word_1_786' title='bbox 1588 2311 1775 2342; x_wconf 89' lang='lat' dir='ltr'>electionem</span> <span class='ocrx_word' id='word_1_787' title='bbox 1796 2316 1898 2341; x_wconf 88' lang='lat' dir='ltr'>ratam</span> <span class='ocrx_word' id='word_1_788' title='bbox 1919 2320 1989 2341; x_wconf 90' lang='lat' dir='ltr'>esse</span> <span class='ocrx_word' id='word_1_789' title='bbox 2012 2319 2105 2350; x_wconf 90' lang='lat' dir='ltr'>opor—</span> 
     </span>
     <span class='ocr_line' id='line_1_111' title="bbox 1138 2353 2106 2392; baseline -0.001 -7"><span class='ocrx_word' id='word_1_790' title='bbox 1138 2358 1191 2385; x_wconf 87' lang='lat' dir='ltr'>tet.</span> <span class='ocrx_word' id='word_1_791' title='bbox 1237 2353 1346 2392; x_wconf 79' lang='lat' dir='ltr'>Quare</span> <span class='ocrx_word' id='word_1_792' title='bbox 1370 2363 1433 2384; x_wconf 94' lang='lat' dir='ltr'>non</span> <span class='ocrx_word' id='word_1_793' title='bbox 1457 2353 1620 2384; x_wconf 89' lang='lat' dir='ltr'>immerito</span> <span class='ocrx_word' id='word_1_794' title='bbox 1644 2353 1730 2391; x_wconf 90' lang='lat' dir='ltr'>dicit,</span> <span class='ocrx_word' id='word_1_795' title='bbox 1757 2353 1811 2384; x_wconf 90' lang='lat' dir='ltr'>ubi</span> <span class='ocrx_word' id='word_1_796' title='bbox 1834 2354 1947 2384; x_wconf 85' lang='lat' dir='ltr'>efficax</span> <span class='ocrx_word' id='word_1_797' title='bbox 1971 2357 2020 2384; x_wconf 89' lang='lat' dir='ltr'>est</span> <span class='ocrx_word' id='word_1_798' title='bbox 2042 2353 2106 2384; x_wconf 92' lang='lat' dir='ltr'>Dei</span> 
     </span>
     <span class='ocr_line' id='line_1_112' title="bbox 1138 2395 2107 2436; baseline -0.001 -8"><span class='ocrx_word' id='word_1_799' title='bbox 1138 2397 1270 2433; x_wconf 89' lang='lat' dir='ltr'>vocatio,</span> <span class='ocrx_word' id='word_1_800' title='bbox 1290 2396 1354 2427; x_wconf 90' lang='lat' dir='ltr'>illic</span> <span class='ocrx_word' id='word_1_801' title='bbox 1373 2402 1493 2427; x_wconf 85' lang='lat' dir='ltr'>certam</span> <span class='ocrx_word' id='word_1_802' title='bbox 1512 2396 1786 2436; x_wconf 82' lang='lat' dir='ltr'>perseverantiam</span> <span class='ocrx_word' id='word_1_803' title='bbox 1807 2397 1882 2427; x_wconf 83' lang='lat' dir='ltr'>fore.</span> <span class='ocrx_word' id='word_1_804' title='bbox 1918 2395 1958 2426; x_wconf 91' lang='lat' dir='ltr'>In</span> <span class='ocrx_word' id='word_1_805' title='bbox 1978 2406 2107 2427; x_wconf 87' lang='lat' dir='ltr'>summa</span> 
     </span>
     <span class='ocr_line' id='line_1_113' title="bbox 1137 2438 2106 2479; baseline 0 -9"><span class='ocrx_word' id='word_1_806' title='bbox 1137 2449 1300 2479; x_wconf 84' lang='lat' dir='ltr'>nunquam</span> <span class='ocrx_word' id='word_1_807' title='bbox 1325 2439 1453 2478; x_wconf 88' lang='lat' dir='ltr'>penitus</span> <span class='ocrx_word' id='word_1_808' title='bbox 1482 2439 1622 2470; x_wconf 89' lang='lat' dir='ltr'>imbutos</span> <span class='ocrx_word' id='word_1_809' title='bbox 1644 2439 1743 2470; x_wconf 87' lang='lat' dir='ltr'>fuisse</span> <span class='ocrx_word' id='word_1_810' title='bbox 1767 2438 1892 2470; x_wconf 85' lang='lat' dir='ltr'>Christi</span> <span class='ocrx_word' id='word_1_811' title='bbox 1915 2439 2032 2470; x_wconf 88' lang='lat' dir='ltr'>notitia</span> <span class='ocrx_word' id='word_1_812' title='bbox 2054 2439 2106 2470; x_wconf 85' lang='lat' dir='ltr'>in—</span> 
     </span>
     <span class='ocr_line' id='line_1_114' title="bbox 1137 2481 2106 2522; baseline -0.001 -9"><span class='ocrx_word' id='word_1_813' title='bbox 1137 2483 1261 2522; x_wconf 88' lang='lat' dir='ltr'>telligit,</span> <span class='ocrx_word' id='word_1_814' title='bbox 1286 2483 1339 2521; x_wconf 94' lang='lat' dir='ltr'>qui</span> <span class='ocrx_word' id='word_1_815' title='bbox 1363 2482 1531 2514; x_wconf 90' lang='lat' dir='ltr'>deficiunt:</span> <span class='ocrx_word' id='word_1_816' title='bbox 1555 2482 1610 2513; x_wconf 87' lang='lat' dir='ltr'>sed</span> <span class='ocrx_word' id='word_1_817' title='bbox 1631 2482 1735 2513; x_wconf 89' lang='lat' dir='ltr'>levem</span> <span class='ocrx_word' id='word_1_818' title='bbox 1759 2481 1919 2513; x_wconf 86' lang='lat' dir='ltr'>duntaxat</span> <span class='ocrx_word' id='word_1_819' title='bbox 1940 2487 1974 2513; x_wconf 89' lang='lat' dir='ltr'>et</span> <span class='ocrx_word' id='word_1_820' title='bbox 1996 2482 2106 2513; x_wconf 85' lang='lat' dir='ltr'>evani-</span> 
     </span>
     <span class='ocr_line' id='line_1_115' title="bbox 1136 2525 1550 2564; baseline 0.002 -9"><span class='ocrx_word' id='word_1_821' title='bbox 1136 2526 1212 2555; x_wconf 89' lang='lat' dir='ltr'>dum</span> <span class='ocrx_word' id='word_1_822' title='bbox 1238 2525 1386 2556; x_wconf 84' lang='lat' dir='ltr'>habuisse</span> <span class='ocrx_word' id='word_1_823' title='bbox 1409 2529 1550 2564; x_wconf 82' lang='lat' dir='ltr'>gustum.</span> 
     </span>
    </p>
   </div>
   <div class='ocr_carea' id='block_1_8' title="bbox 1855 2669 1886 2694">
    <p class='ocr_par' dir='ltr' id='par_1_12' title="bbox 1855 2669 1886 2694">
     <span class='ocr_line' id='line_1_116' title="bbox 1855 2669 1886 2694; baseline -0.032 0"><span class='ocrx_word' id='word_1_824' title='bbox 1855 2669 1886 2694; x_wconf 80' lang='lat'>21</span> 
     </span>
    </p>
   </div>
  </div>
 </body>
</html>
