2912 4368
407 954 520 984 aetatis
545 962 619 984 suae
650 952 796 983 hominos
827 951 955 982 lactavit
986 960 1041 988 spe
1072 948 1172 987 inani,
1207 958 1311 987 neque
1341 949 1371 978 in
1400 950 1402 957 ¹

1290 852 1437 883 CAPUT
1463 852 1505 882 Il.

406 1002 571 1035 posterum
606 995 706 1026 voluit
745 994 931 1025 abscindere
968 991 1119 1022 ccclesiae
1156 1001 1302 1027 cursum,
1341 995 1401 1032 et(

406 1039 525 1069 multas
549 1048 706 1069 annorum
721 1037 945 1072 successioneS,
969 1033 1086 1073 quibus
1105 1033 1166 1064 huo
1190 1044 1290 1073 usque
1314 1032 1370 1064 du·
1399 1054 1400 1059 .

405 1083 490 1112 ravit
512 1081 643 1112 eeclesia
668 1081 699 1110 in
718 1079 843 1110 mundo.
880 1077 922 1107 Et
939 1082 1023 1107 certe
1040 1077 1066 1106 si
1084 1077 1175 1116 regni
1192 1076 1254 1106 Dei
1271 1081 1371 1106 aeter-

405 1125 489 1155 nitas
506 1124 597 1154 nobis
614 1129 687 1154 ante
705 1121 811 1153 oculos
828 1125 985 1154 versatur,
1011 1119 1098 1149 nulla
1115 1121 1177 1149 crit
1194 1124 1256 1149 tau]
1275 1118 1371 1158 longa

405 1167 610 1203 diuturnitas,
642 1175 721 1205 quae
745 1173 805 1193 non
834 1162 875 1192 sit
899 1163 1001 1192 instar
1031 1162 1195 1192 momenti.
1242 1162 1369 1191 Tenen-

404 1211 480 1241 dum
505 1208 637 1248 apostoli
661 1206 828 1237 consilium
853 1210 910 1243 est,
945 1204 1028 1244 quod
1061 1204 1210 1234 ultimum
1243 1208 1369 1243 tempus

402 1296 453 1332 sit,
477 1298 603 1334 praeter
626 1292 773 1322 ultimam
798 1290 921 1320 Christi
943 1290 1183 1321 revelationem.

488 1335 634 1368 Audistis
654 1334 735 1373 quod
759 1332 979 1364 Antichristus.
1025 1333 1186 1372 Loquitur
1214 1338 1366 1372 tanquam

402 1381 441 1412 de
464 1390 498 1411 re
528 1381 616 1409 nota:
648 1376 734 1407 unde
760 1376 910 1415 colligere
941 1382 1124 1415 promptum
1154 1381 1210 1412 est,
1242 1376 1368 1406 edoctos

401 1431 433 1454 et
456 1420 635 1453 admonitos
658 1419 697 1449 ab
721 1419 812 1449 initio
837 1419 936 1449 fuisse
960 1418 1069 1449 fideles
1086 1417 1249 1448 defutura
1268 1418 1366 1449 eccle·

401 1467 465 1497 siae
492 1462 751 1502 dissipationem:
784 1466 852 1491 tum
882 1465 918 1491 ut
947 1461 1082 1491 sollicite
1112 1461 1172 1500 ipsi
1201 1471 1234 1492 sc
1264 1461 1366 1492 conti·
1394 1476 1395 1481 =

401 1511 514 1539 nerent
537 1506 570 1536 in
594 1504 656 1535 fide
680 1508 837 1543 suspecta,
861 1508 929 1534 tum
951 1508 987 1534 ut
1010 1509 1153 1544 posteros
1170 1504 1368 1534 instruerent

400 1551 439 1582 ad
462 1547 653 1581 cavendum.
699 1547 755 1578 Sic
778 1548 863 1577 enim
888 1547 1005 1577 tentari
1031 1547 1120 1577 Deus
1145 1547 1249 1577 voluit
1271 1546 1367 1577 eccle-

398 1593 486 1629 siam,
518 1601 558 1622 ne
582 1590 652 1630 quis
676 1590 736 1620 nisi
769 1589 871 1620 sciens
895 1600 931 1620 ac
956 1589 1067 1620 volens
1099 1590 1275 1628 falleretur,
1311 1599 1368 1620 nec

398 1635 463 1666 ulla
497 1638 581 1665 esset
615 1632 819 1673 ignorantiae
852 1633 1026 1664 excusatio.
1084 1633 1184 1671 Atqui
1220 1632 1368 1663 videmus

396 1683 498 1709 totum
533 1677 600 1708 fere
635 1675 744 1706 orbem
780 1675 896 1706 misere
929 1675 1027 1705 fuisse
1062 1675 1242 1715 deceptum,
1276 1684 1312 1705 ac
1341 1675 1367 1705 si
1394 1701 1395 1707 ,

398 1719 532 1751 verbnm
550 1729 715 1758 nunquam
736 1718 774 1748 de
790 1718 993 1749 Antichristo
1012 1718 1129 1749 factum
1150 1723 1243 1749 esset.
1279 1718 1367 1756 Quin

397 1764 495 1794 etiam
518 1763 552 1793 in
577 1766 697 1802 papatu
729 1760 810 1791 nihil
835 1762 937 1801 magis
966 1761 1089 1792 celebre
1113 1771 1148 1792 ac
1172 1761 1288 1791 tritum
1311 1765 1368 1799 est,

398 1816 495 1845 quam
532 1806 660 1835 futurus
696 1803 890 1835 Antichristi
929 1803 1104 1834 adventus:
1143 1804 1266 1834 interea
1304 1808 1367 1834 tam

399 1853 477 1879 sunt
500 1848 629 1887 stupidi,
653 1853 687 1877 ut
711 1848 777 1877 eius
794 1846 1001 1886 tyrannidem
1027 1847 1203 1877 cervicibus
1220 1847 1287 1877 suis
1312 1847 1367 1877 im-

399 1892 535 1931 positam
570 1901 634 1921 non
665 1891 818 1920 sentiant.
864 1889 954 1920 Idem
989 1889 1110 1921 scilicet
1143 1890 1272 1919 omnino
1306 1890 1368 1921 illis

398 1934 566 1974 contingit,
590 1934 673 1972 qnod
699 1932 844 1963 Iudaeis:
873 1943 947 1962 nam
972 1943 1071 1971 quum
1097 1932 1117 1962 ii
1140 1932 1368 1972 promissiones

398 1977 437 2008 de
460 1976 582 2007 Messia
605 1980 747 2013 teneant,
772 1975 900 2014 longius
925 1981 1033 2006 tamen
1053 1975 1170 2006 absunt
1194 1985 1212 2005 a
1228 1974 1367 2013 Christo,

398 2029 495 2060 quam
520 2019 546 2049 si
572 2029 734 2058 nunquam
760 2018 823 2048 illis
847 2017 993 2048 auditum
1013 2023 1096 2049 esset
1120 2028 1248 2048 nomen.
1284 2019 1366 2049 Nam

398 2062 611 2102 imaginarius
630 2062 774 2097 Messias,
800 2071 894 2099 quem
914 2061 973 2092 sibi
991 2062 1166 2098 finxerunt,
1192 2071 1246 2091 eos
1265 2071 1283 2091 a
1303 2062 1367 2092 filio

398 2105 461 2136 Dei
484 2115 614 2144 prorsus
639 2105 767 2135 avertit.
801 2104 844 2133 Et
868 2105 891 2133 si
916 2105 986 2143 quis
1005 2114 1044 2134 ex
1068 2104 1138 2143 lege
1155 2108 1187 2134 et
1204 2104 1367 2143 prophetis

397 2148 566 2179 Christum
591 2147 653 2178 illis
676 2146 845 2178 ostendere
871 2148 1008 2187 studeat,
1043 2146 1122 2177 nihil
1152 2156 1247 2186 quam
1279 2147 1368 2178 ludet

396 2201 537 2230 operam.
576 2190 727 2230 Papistae
752 2190 990 2220 Antichristum
1015 2190 1182 2229 imaginati
1206 2194 1290 2227 sunt,
1314 2191 1367 2230 qui

398 2244 455 2273 per
479 2241 544 2264 tres
568 2243 670 2263 annos
690 2239 721 2263 et
745 2232 911 2263 dimidium
935 2237 1109 2263 vexaturus
1129 2233 1170 2263 sit
1190 2233 1367 2264 ecclesiam.

397 2276 521 2307 Omnes
546 2283 649 2313 notae,
673 2275 788 2315 quibus
806 2276 1042 2306 Antichristum
1065 2276 1212 2316 designat
1233 2276 1367 2315 spiritus
1394 2304 1395 2320 ,
1422 2318 1468 2349 df

1394 2324 1395 2332 ¹
1444 2320 1604 2350 ificnltas.

398 2319 471 2358 Dei,
495 2319 527 2349 in
553 2329 634 2359 papa
658 2318 743 2349 clare
768 2324 936 2357 apparent:
960 2318 1014 2349 sed
1039 2318 1091 2348 ille
1116 2319 1284 2349 triennalis
1301 2319 1367 2350 An-

1399 1075 1401 1087 l

1397 1172 1399 1192 ῑ
1426 1161 1480 1192 des
1512 1163 1615 1201 magis
1646 1170 1746 1193 acuat.

1395 1206 1398 1240 ξ
1424 1209 1511 1235 stare
1536 1205 1645 1235 fideles
1671 1207 1795 1236 iubebat
1820 1208 1881 1238 Dei
1905 1209 2047 1247 spiritus,
2072 1219 2169 1247 quum
2194 1210 2288 1246 signa
2312 1209 2392 1239 dun—

404 1258 506 1291 vocet,
529 1253 560 1281 in
585 1259 645 1289 quo
669 1249 714 1279 sic
736 1247 936 1285 complentur
959 1247 1075 1281 omnia.
1101 1254 1135 1277 ut
1159 1246 1240 1277 nihil
1257 1257 1368 1286 super—
1396 1251 1398 1267 ἴ
2231 1247 2234 1248 ’

398 2362 566 2393 tichristus
598 2361 713 2391 stultos
745 2362 885 2400 papistas
914 2365 1001 2392 tenet
1033 2366 1212 2400 occupatos,
1247 2372 1287 2392 ne
1321 2363 1366 2392 vi·

398 2405 502 2435 dendo
538 2405 680 2434 videant.

398 2447 572 2477 indicatum
598 2447 695 2477 fuisse
712 2458 729 2477 a
752 2447 866 2486 spiritu
883 2447 943 2477 Dei
964 2448 1211 2484 Antichristum,
1236 2448 1291 2478 sed
1312 2448 1366 2478 ad-

397 2491 534 2530 scriptas
559 2490 653 2520 simul
679 2490 775 2520 fuisse
800 2494 892 2520 notas
915 2491 1030 2529 quibus
1054 2490 1193 2521 discerni
1217 2496 1323 2530 queat.

396 2619 523 2658 aliquod
548 2629 697 2658 regnum:
730 2619 783 2649 sed
809 2629 872 2649 non
897 2620 941 2649 ita
968 2625 1024 2649 est.
1071 2619 1136 2657 Qui
1170 2630 1269 2650 unum
1296 2625 1365 2650 tan-

396 2668 465 2691 tum
489 2661 650 2692 hominem
675 2668 790 2701 putant
815 2662 889 2695 fore.
916 2662 1054 2692 delirant
1070 2663 1115 2692 illi
1140 2663 1285 2702 quidem:
1310 2663 1364 2693 sed
1391 2696 1392 2704 ἵ

396 2704 517 2734 Paulus
534 2714 631 2743 quum
650 2710 802 2735 venturae
819 2704 1007 2736 defectionis
1024 2706 1169 2735 meminit
1193 2706 1234 2745 (2.
1253 2706 1364 2736 Thess.

397 2748 424 2782 2,
450 2748 490 2787 3),
515 2753 624 2786 aperte
642 2751 776 2777 testatur
800 2754 922 2778 certum
940 2748 1005 2779 sore
1030 2759 1144 2787 corpus
1162 2755 1193 2778 et
1218 2759 1363 2788 regnum.

396 2790 492 2820 Initio
525 2789 677 2828 praedicit
709 2790 915 2821 defectionem
948 2802 1028 2830 quae
1061 2803 1116 2830 per
1140 2798 1239 2822 totam
1265 2791 1363 2822 eccle·
1390 2813 1391 2816 η

1391 2833 1392 2843 ’
1419 2835 1530 2873 Neque
1547 2835 1630 2864 enim
1651 2834 1803 2873 sigillum,
1820 2834 1905 2872 quod
1928 2835 2014 2864 Deus
2034 2834 2147 2873 spiritu
2167 2844 2223 2864 sue
2243 2834 2385 2872 insculp-

394 2834 474 2863 siam
506 2833 713 2872 grassabitur,
748 2838 785 2863 ut
815 2833 856 2863 sit
888 2835 978 2873 quasi
1010 2835 1131 2864 malum
1163 2834 1363 2865 universale:

395 2875 509 2905 deinde
524 2875 700 2915 apostasiae
714 2881 808 2914 eaput
820 2877 985 2907 constituit
1000 2878 1219 2908 adversarium
1232 2877 1363 2914 Christi,

394 2919 449 2957 qui
474 2919 504 2948 in
531 2918 649 2957 templo
669 2917 727 2947 Dei
753 2918 883 2954 sedebit,
908 2930 1027 2950 numen
1053 2926 1084 2950 et
1113 2920 1239 2950 divinos
1264 2920 1361 2950 hono—

395 2972 446 2991 res
470 2962 527 2991 sibi
554 2971 721 2999 usurpans.
768 2961 836 2991 Nisi
869 2963 1004 2993 velimus
1035 2970 1147 3002 sponte
1176 2974 1292 3000 errare,
1323 2974 1361 2993 ex

394 3004 455 3034 ista
480 3004 570 3034 Pauli
604 3004 816 3042 descriptione
840 3005 1075 3036 Antichristum
1100 3008 1272 3046 agnoscere
1302 3006 1361 3036 dis·
1389 3018 1391 3048 ,ξ

1418 3054 1470 3079 tet.

393 3056 520 3077 camus:
546 3057 641 3086 quam
667 3057 724 3076 sno
749 3046 816 3075 loco
833 3049 972 3087 exposui,
998 3059 1082 3080 nunc
1099 3050 1201 3080 obiter
1218 3050 1362 3089 attigisse

395 3088 524 3119 sufficit.
571 3090 633 3120 Sed
669 3089 825 3128 quomedo
858 3090 915 3122 hoc
950 3092 1119 3122 conveniet
1149 3103 1221 3123 cum
1255 3093 1361 3122 verbis

395 3131 559 3169 Iohannis,
590 3133 643 3171 qui
676 3133 736 3162 inm
774 3132 892 3163 multos
923 3144 990 3164 esse
1025 3134 1237 3174 pronuntiat?

396 3260 569 3297 praeludia.

397 3302 600 3337 Valentinus,
652 3304 761 3341 Rhion,
805 3304 911 3337 Arius,
947 3311 977 3334 et
1013 3307 1135 3345 reliqui,
1170 3308 1237 3337 eius
1268 3308 1358 3346 regni

498 3362 607 3387 t'alvim'
625 3370 714 3393 opera⁴
747 3363 801 3387 1'05.
821 3362 880 3387 LV.

737 2403 981 2434 Meminerimus
1016 2405 1133 2444 itaque,
1171 2415 1234 2435 non
1274 2404 1395 2435 modo*

1284 3136 1361 3165 Hcs·
1388 3162 1389 3168 .

394 3174 527 3213 pendeo,
555 3176 733 3205 Iohannem
759 3175 838 3205 nihil
865 3176 944 3206 velle
967 3177 1062 3213 aliud,
1087 3189 1184 3217 quam
1209 3178 1362 3217 speciales
1387 3177 1389 3192 ³

394 3218 457 3246 iam
481 3225 584 3247 sectas
609 3228 780 3257 emergere,
805 3228 886 3257 quae
910 3219 974 3249 sint
998 3221 1122 3251 futurae
1146 3222 1361 3259 dissipationis
1387 3230 1389 3256 ;

634 3261 834 3291 (jherinthus
869 3262 962 3299 enim,
998 3263 1165 3303 Basilides,
1205 3265 1359 3300 Marcion,
1387 3290 1388 3310 ,

1393 2516 1394 2521 .
1421 2492 1604 2522 consciente
1635 2492 1720 2521 intus
1749 2501 1803 2521 eos
1833 2497 1958 2531 arguat.

484 2533 591 2563 Etiam
614 2542 695 2563 nunc
718 2533 814 2563 mzdtz‘.
851 2532 961 2563 Videri
987 2539 1093 2572 posset
1118 2533 1177 2564 hoc
1201 2535 1367 2564 correctio·
1392 2560 1394 2567 ,

397 2577 447 2606 nis
472 2577 539 2607 vice
563 2575 718 2612 additum,
743 2576 832 2615 quasi
858 2576 937 2607 falso
961 2577 1150 2607 existiment
1172 2587 1273 2607 unum
1298 2577 1365 2607 fore
1392 2585 1393 2591 ¹

2337 856 2398 877 090

2335 872 2396 886 .)....,

1429 949 1573 979 membra
1590 957 1690 985 crant,
1716 952 1796 991 quod
1819 953 1962 983 diabolus
1983 958 2091 992 postea
2111 953 2266 983 adversus
2283 954 2395 983 (lhris-

1428 997 1495 1021 tum
1520 993 1632 1023 crexit.
1670 994 1800 1033 l'ropric
1818 995 1987 1034 loquendo.
2013 995 2155 1026 nondum
2175 995 2396 1026 Antichristus

1427 1035 1590 1065 exstabat:
1621 1036 1674 1065 scd
1700 1048 1852 1068 arcanum
1877 1048 1954 1068 suae
1982 1039 2156 1077 impictatis
2180 1038 2261 1069 clam
2288 1038 2395 1069 molie—

1428 1076 1530 1108 batur.
1570 1077 1693 1108 Verum
1718 1079 1878 1111 Iohannes
1903 1081 2003 1111 utitur
2027 1081 2085 1112 hoc
2109 1081 2247 1117 nomine,
2272 1087 2305 1110 ut
2331 1081 2395 1119 pio-

1426 1129 1496 1149 rum
1522 1120 1665 1150 studium
1690 1128 1719 1151 et.
1743 1123 1992 1154 sollicitudinem
2018 1124 2056 1153 ad
2085 1123 2284 1162 repellendas
2309 1124 2393 1153 frau-

1796 1166 1889 1203 Quod
1924 1166 1950 1196 si
1986 1166 2047 1195 iam
2081 1171 2157 1196 tunc
2188 1167 2219 1196 in
2250 1166 2394 1196 excubiis

1425 1253 1513 1277 taxat
1539 1248 1665 1278 venturi
1692 1249 1791 1279 hostis
1816 1251 1925 1289 procul
1946 1256 2132 1281 cernerent:
2158 1252 2260 1281 multo
2287 1253 2393 1282 minus

1424 1300 1509 1320 nunc
1532 1290 1711 1321 dormiendi
1737 1297 1864 1331 tempus
1888 1298 1937 1324 est
1960 1293 2087 1333 quando
2110 1293 2276 1324 ecclesiam
2295 1304 2394 1324 saeva

1424 1332 1596 1371 tyrannide
1631 1344 1815 1373 oppressam
1849 1341 1945 1372 tenet,
1981 1346 2017 1367 ac
2047 1335 2152 1375 palam
2185 1336 2315 1367 Christo
2349 1338 2394 1367 in—

1421 1375 1530 1406 sultat.

1510 1419 1558 1449 19.
1584 1418 1638 1450 Ex
1654 1419 1740 1450 nobis
1759 1421 1873 1459 eyrcssz'
1894 1424 1974 1452 sunt.
2012 1421 2160 1452 Alteram
2180 1420 2390 1452 obiectionom

1423 1462 1607 1500 praevertit,
1625 1462 1707 1501 qnod
1726 1468 1831 1502 pestes
1854 1463 1923 1494 illas
1942 1464 2110 1495 videbatur
2127 1464 2275 1504 genuisse
2292 1465 2391 1495 eccle-

1423 1504 1482 1541 sia‚
1512 1510 1544 1535 et
1568 1505 1601 1535 in
1625 1506 1697 1535 sinu
1722 1516 1780 1535 suo
1812 1505 1850 1535 ad
1876 1511 2001 1545 tempus
2026 1507 2152 1538 fovisse.
2198 1507 2280 1537 Nam
2305 1510 2392 1538 certe

1423 1546 1483 1577 hoc
1506 1547 1544 1577 ad
1567 1547 1742 1578 turbandos
1767 1548 1911 1579 infirmos
1936 1550 2006 1588 plns
2031 1550 2124 1586 valet,
2149 1550 2175 1580 si
2200 1560 2282 1581 unus
2305 1551 2391 1589 quis—

1394 1621 1396 1630 ,
1423 1591 1507 1629 piam
1529 1590 1693 1621 nobiscum
1712 1601 1821 1621 veram
1840 1591 1933 1621 fidem
1949 1591 2117 1631 professus,
2138 1593 2273 1628 deficiat,
2294 1603 2390 1632 quam

1422 1632 1449 1662 si
1474 1633 1560 1663 mille
1580 1634 1726 1663 extranei
1747 1634 1779 1663 in
1797 1643 1853 1664 nos
1872 1635 2063 1673 conspirent.
2103 1635 2158 1666 Sic
2177 1646 2253 1676 ergo
2273 1636 2392 1666 fatetur

1423 1685 1475 1705 eos
1500 1676 1654 1715 prodiisse
1678 1686 1718 1706 ex
1746 1676 1898 1707 ecelesiae
1921 1678 2059 1717 gremio,
2090 1683 2125 1707 ut
2156 1683 2265 1708 tamen
2296 1684 2392 1718 neget

1424 1718 1522 1748 fuisse
1543 1729 1683 1758 unquam
1706 1729 1744 1749 ex
1765 1719 1906 1750 ecclesia.
1953 1720 2052 1750 Porro
2073 1720 2271 1752 diducendae
2290 1722 2391 1752 obiec-

1424 1760 1521 1792 tionis
1545 1762 1625 1792 ratio
1649 1766 1706 1799 est,
1731 1762 1814 1801 quod
1834 1772 1962 1802 semper
1985 1762 2058 1793 huic
2082 1763 2166 1794 malo
2189 1764 2328 1794 obnoxia
2351 1764 2393 1795 sit

1424 1804 1575 1840 ecclesia,
1607 1809 1643 1835 ut
1674 1804 1792 1835 multos
1824 1806 1906 1835 ferre
1936 1812 2069 1845 cogatur
2100 1805 2303 1846 hypocritas,
2337 1807 2391 1846 qui

1424 1857 1499 1877 vere
1523 1846 1691 1878 Christum
1722 1858 1787 1878 non
1819 1847 1950 1886 habent,
1981 1853 2143 1887 utcunque
2175 1850 2243 1880 eius
2274 1859 2391 1880 nomen

1424 1898 1478 1919 ore
1495 1891 1709 1929 profiteantur
1732 1890 1771 1921 ad
1795 1895 1930 1930 tempus.
1976 1891 2085 1929 Quum
2104 1892 2189 1928 (licit,
2214 1903 2390 1932 egressos

1422 1943 1512 1963 esse
1543 1944 1561 1963 a
1592 1934 1725 1969 nobis,
1754 1934 1916 1974 significat
1946 1934 2051 1965 locum
2080 1934 2111 1964 in
2142 1934 2274 1966 ecclesia
2298 1936 2390 1974 prius

1422 1985 1604 2015 occupasse,
1629 1982 1660 2006 et
1677 1976 1803 2007 habitos
1823 1987 1890 2007 csse
1910 1977 1941 2007 in
1962 1977 2086 2015 piorum
2107 1988 2249 2008 numero.
2286 1978 2392 2019 Negat

1423 2024 1531 2049 tamen
1556 2019 1653 2050 fuisse
1676 2030 1715 2049 ex
1740 2020 1839 2055 nobis,
1864 2020 1916 2059 qui
1940 2020 2018 2050 falso
2044 2030 2161 2050 nomen
2185 2020 2391 2051 obtenderint

1422 2061 1580 2092 fidelium:
1612 2062 1705 2092 sicuti
1738 2062 1862 2102 paleae,
1897 2062 1966 2093 licet
1989 2062 2094 2093 tritico
2124 2063 2155 2093 in
2181 2063 2292 2093 eadem
2317 2074 2391 2094 area

1422 2105 1595 2144 permistae
1620 2105 1686 2135 sint
1701 2105 1731 2145 ¹),
1758 2116 1813 2136 non
1837 2108 1935 2136 lamen
1961 2106 1995 2136 in
2018 2106 2120 2136 tritico
2144 2108 2311 2136 censentur.

1509 2148 1546 2177 Si
1567 2148 1702 2186 fuissent
1724 2158 1760 2179 em
1782 2149 1876 2179 nobis.
1920 2148 2041 2187 Aperte
2072 2149 2278 2188 pronuntiat,
2310 2159 2391 2179 nun-

1422 2201 1516 2229 quam
1533 2192 1628 2221 fuisse
1645 2191 1798 2222 ecelesiae
1811 2191 1953 2221 membra
1973 2191 2026 2231 qui
2048 2190 2209 2222 deficiunt.
2241 2192 2285 2222 At
2304 2196 2391 2222 certe

1422 2234 1564 2273 sigillum
1585 2234 1655 2269 Dei,
1680 2234 1740 2264 sub
1763 2244 1824 2273 quo
1844 2245 1918 2264 suos
1937 2234 2087 2271 custodit,
2112 2235 2242 2265 firmum
2265 2240 2388 2265 manet:

1422 2280 1458 2306 ut
1488 2277 1593 2315 inquit
1623 2277 1743 2308 Paulus
1774 2276 1815 2317 (2.
1836 2277 1917 2307 Tim.
1942 2277 1969 2311 12.
1997 2277 2058 2317 19).
2108 2277 2174 2308 Sed
2205 2277 2256 2308 hic
2286 2278 2391 2308 oritur

1652 2320 1771 2350 Multos
1795 2320 1895 2359 enim,
1926 2320 1980 2358 qni
2006 2319 2199 2350 videbantur
2223 2320 2391 2351 Christum

1422 2362 1571 2402 amplexi,
1596 2373 1690 2402 saepe
1715 2363 1861 2393 excidere
1886 2363 2053 2403 contingit.
2099 2363 2302 2402 Respondeo‚
2326 2368 2392 2394 tres

1422 2416 1531 2436 eorum
1552 2416 1621 2436 esse
1637 2405 1755 2445 gradus
1776 2406 1829 2444 qui
1850 2405 2052 2445 evangelium
2074 2406 2273 2444 profitentur.
2305 2405 2392 2437 Sunt

1422 2449 1507 2478 enim
1542 2449 1595 2488 qui
1631 2450 1780 2487 pietatem
1813 2448 1984 2485 simulant,
2028 2458 2125 2487 quum
2164 2454 2270 2478 tamen
2307 2448 2391 2479 mala

2004 2491 2154 2521 Aliorum
2179 2492 2281 2531 magis
2306 2493 2391 2521 frau-

1421 2533 1554 2564 dulenta
1573 2534 1766 2574 hypocrisis:
1791 2534 1844 2573 qui
1868 2544 1932 2564 non
1953 2534 2047 2564 modo
2070 2534 2180 2564 fucum
2206 2535 2391 2565 hominibus

1421 2578 1524 2607 facere
1550 2582 1683 2612 tentant,
1708 2577 1762 2607 sed
1787 2576 1896 2607 oculos
1920 2577 1980 2607 sibi
2004 2578 2243 2616 perstringunt,
2269 2583 2305 2607 ut
2328 2577 2387 2607 sibi

1421 2620 1593 2650 videantur
1617 2623 1702 2650 recte
1722 2619 1827 2649 Deum
1851 2620 1965 2650 colere.
2011 2620 2111 2650 Tertii
2136 2620 2243 2650 vivam
2269 2620 2388 2650 habent

1420 2662 1492 2693 fidei
1512 2664 1660 2700 radicem,
1680 2673 1716 2693 ae
1732 2673 1807 2693 suae
1828 2662 2010 2701 adoptionis
2028 2663 2243 2692 testimonium
2258 2663 2388 2701 penitus

1420 2707 1521 2736 fixum
1553 2706 1701 2736 cordibus
1730 2710 1855 2744 gerunt.
1902 2706 2031 2735 Priores
2063 2705 2125 2735 duo
2155 2705 2283 2736 ordines
2307 2705 2387 2735 nihil

1391 2745 1392 2758 ³
1419 2749 1600 2779 stabilitatis
1625 2748 1759 2778 habent:
1792 2748 1830 2778 de
1855 2749 2024 2787 postremis
2047 2748 2189 2787 loquitur
2212 2748 2386 2784 Iohannes,

1418 2802 1516 2830 quum
1555 2791 1748 2829 impossibile
1785 2801 1853 2821 esse
1890 2791 1968 2821 dicit
2002 2792 2040 2821 ab
2073 2791 2208 2822 ecelesia.
2241 2791 2385 2821 alienari.

1418 2878 1460 2908 sit
1486 2888 1594 2907 eorum
1621 2877 1835 2913 conscientiis,
1862 2876 1959 2907 ‹leleri
1979 2881 2094 2915 potest.
2141 2876 2259 2907 Somou
2280 2877 2383 2907 incor-

1419 2920 1580 2959 ruptibile,
1605 2919 1688 2958 quod
1714 2920 1853 2950 radicem
1879 2920 1954 2959 egit,
1979 2930 2043 2949 non
2068 2924 2172 2958 potest
2195 2919 2301 2957 evelli,
2328 2930 2385 2949 nec

1418 2964 1548 2994 aboleri.
1608 2962 1721 3001 Neque
1751 2963 1836 2992 enim
1867 2962 1917 2993 hie
1946 2962 1984 2992 de
2016 2962 2201 2999 hominnm,
2234 2962 2288 2992 sed
2322 2962 2384 2993 Dei

1417 3006 1598 3037 constantia
1615 3006 1733 3045 agitur,
1758 3006 1848 3035 cuius
1868 3006 2054 3035 electionem
2076 3011 2177 3035 ratam
2199 3015 2268 3035 esse
2292 3013 2384 3044 opor-

1517 3050 1625 3086 Quare
1650 3058 1712 3078 non
1738 3048 1898 3078 immerito
1923 3048 2009 3085 dicit,
2037 3048 2090 3077 ubi
2114 3049 2226 3078 efficax
2251 3051 2299 3078 est
2324 3048 2384 3078 Dei

1418 3092 1549 3127 vocatio,
1570 3091 1633 3121 illie
1652 3097 1771 3121 certam
1792 3091 2065 3130 perseverantiam
2087 3092 2161 3121 fore.
2199 3090 2237 3120 In
2258 3101 2386 3121 summa

1417 3144 1579 3173 nunquam
1606 3134 1732 3173 penitus
1762 3134 1901 3164 imbutos
1925 3134 2022 3164 fuisse
2046 3133 2171 3164 Christi
2196 3134 2311 3164 notitia.
2334 3134 2384 3163 in-

1416 3178 1540 3216 telligit,
1566 3178 1618 3216 qui
1642 3177 1810 3208 deficiunt:
1835 3177 1889 3207 sed
1912 3176 2014 3206 levem
2039 3176 2198 3207 duntaxat
2220 3181 2253 3206 et
2276 3177 2385 3207 evani-

1416 3220 1491 3250 duni
1518 3220 1665 3250 habuisse
1689 3224 1829 3257 gustum.

1502 3318 1520 3341 ἰ
1540 3316 1598 3338 ,suut
