<?xml version="1.0" encoding="UTF-8"?>
<!DOCTYPE html PUBLIC "-//W3C//DTD XHTML 1.0 Transitional//EN"
    "http://www.w3.org/TR/xhtml1/DTD/xhtml1-transitional.dtd">
<html xmlns="http://www.w3.org/1999/xhtml" xml:lang="en" lang="en">
 <head>
  <title>
</title>
<meta http-equiv="Content-Type" content="text/html;charset=utf-8" />
  <meta name='ocr-system' content='tesseract 3.04.00' />
  <meta name='ocr-capabilities' content='ocr_page ocr_carea ocr_par ocr_line ocrx_word'/>
</head>
<body>
  <div class='ocr_page' id='page_1' title='image "./ioanniscalviniop55calv_0094.png"; bbox 0 0 2513 3126; ppageno 0'>
   <div class='ocr_carea' id='block_1_1' title="bbox 279 202 2265 239">
    <p class='ocr_par' dir='ltr' id='par_1_1' title="bbox 279 202 2265 239">
     <span class='ocr_line' id='line_1_1' title="bbox 279 202 2265 239; baseline -0.002 0"><span class='ocrx_word' id='word_1_1' title='bbox 279 210 337 239; x_wconf 62' lang='lat'><strong>155³</strong></span> <span class='ocrx_word' id='word_1_2' title='bbox 1022 204 1161 234; x_wconf 61' lang='lat' dir='ltr'><strong>El‘ls&#39;r.</strong></span> <span class='ocrx_word' id='word_1_3' title='bbox 1188 203 1249 234; x_wconf 85' lang='grc' dir='ltr'><strong>ΑΙ)</strong></span> <span class='ocrx_word' id='word_1_4' title='bbox 1273 202 1520 235; x_wconf 50' lang='grc' dir='ltr'><strong>1114]1111.’11’ἑ(.)δι</strong></span> <span class='ocrx_word' id='word_1_5' title='bbox 2206 206 2265 237; x_wconf 69' lang='lat' dir='ltr'><strong>15ss</strong></span> 
     </span>
    </p>
   </div>
   <div class='ocr_carea' id='block_1_2' title="bbox 276 299 1248 557">
    <p class='ocr_par' dir='ltr' id='par_1_2' title="bbox 276 299 1248 557">
     <span class='ocr_line' id='line_1_2' title="bbox 276 299 1247 346; baseline -0.006 -9"><span class='ocrx_word' id='word_1_6' title='bbox 276 306 356 346; x_wconf 67' lang='lat' dir='ltr'><strong>quod</strong></span> <span class='ocrx_word' id='word_1_7' title='bbox 372 306 503 345; x_wconf 73' lang='lat' dir='ltr'><strong>hospites</strong></span> <span class='ocrx_word' id='word_1_8' title='bbox 518 307 542 334; x_wconf 77' lang='lat' dir='ltr'><strong>c!</strong></span> <span class='ocrx_word' id='word_1_9' title='bbox 554 302 713 342; x_wconf 70' lang='lat' dir='ltr'><strong>pet-cyrini</strong></span> <span class='ocrx_word' id='word_1_10' title='bbox 730 303 814 332; x_wconf 77' lang='lat' dir='ltr'><strong>crant</strong></span> <span class='ocrx_word' id='word_1_11' title='bbox 831 311 924 340; x_wconf 79' lang='lat' dir='ltr'><strong>super</strong></span> <span class='ocrx_word' id='word_1_12' title='bbox 939 303 1063 332; x_wconf 79' lang='lat' dir='ltr'><strong>terram.</strong></span> <span class='ocrx_word' id='word_1_13' title='bbox 1099 300 1145 331; x_wconf 90' lang='grc'><strong>14.</strong></span> <span class='ocrx_word' id='word_1_14' title='bbox 1166 299 1247 331; x_wconf 83' lang='lat' dir='ltr'><strong>Sane</strong></span> 
     </span>
     <span class='ocr_line' id='line_1_3' title="bbox 278 342 1247 388; baseline -0.006 -9"><span class='ocrx_word' id='word_1_15' title='bbox 278 349 331 388; x_wconf 65' lang='lat' dir='ltr'><strong>qni</strong></span> <span class='ocrx_word' id='word_1_16' title='bbox 348 349 418 380; x_wconf 75' lang='lat' dir='ltr'><strong>hare</strong></span> <span class='ocrx_word' id='word_1_17' title='bbox 433 348 546 383; x_wconf 75' lang='lat' dir='ltr'><strong>dicunt,</strong></span> <span class='ocrx_word' id='word_1_18' title='bbox 566 344 723 376; x_wconf 67' lang='lat' dir='ltr'><strong>ostendunt</strong></span> <span class='ocrx_word' id='word_1_19' title='bbox 738 354 770 375; x_wconf 80' lang='lat' dir='ltr'><strong>sc</strong></span> <span class='ocrx_word' id='word_1_20' title='bbox 782 344 920 384; x_wconf 76' lang='lat' dir='ltr'><strong>patriam</strong></span> <span class='ocrx_word' id='word_1_21' title='bbox 937 344 1102 383; x_wconf 76' lang='lat' dir='ltr'><em>inquirere.</em></span> <span class='ocrx_word' id='word_1_22' title='bbox 1139 342 1188 374; x_wconf 89' lang='lat'><strong>15.</strong></span> <span class='ocrx_word' id='word_1_23' title='bbox 1208 342 1247 374; x_wconf 86' lang='lat' dir='ltr'><strong>Et</strong></span> 
     </span>
     <span class='ocr_line' id='line_1_4' title="bbox 277 385 1247 430; baseline -0.006 -7"><span class='ocrx_word' id='word_1_24' title='bbox 277 393 306 422; x_wconf 67' lang='lat' dir='ltr'><strong>se?</strong></span> <span class='ocrx_word' id='word_1_25' title='bbox 330 391 449 430; x_wconf 56' lang='lat' dir='ltr'><strong>quidem</strong></span> <span class='ocrx_word' id='word_1_26' title='bbox 473 389 560 419; x_wconf 67' lang='lat' dir='ltr'><strong>rillius</strong></span> <span class='ocrx_word' id='word_1_27' title='bbox 582 387 790 418; x_wconf 72' lang='lat' dir='ltr'><strong>meminissmit</strong></span> <span class='ocrx_word' id='word_1_28' title='bbox 811 397 830 418; x_wconf 91' lang='lat' dir='ltr'><strong>a</strong></span> <span class='ocrx_word' id='word_1_29' title='bbox 849 397 908 426; x_wconf 75' lang='lat' dir='ltr'><strong>qua</strong></span> <span class='ocrx_word' id='word_1_30' title='bbox 929 387 1076 427; x_wconf 65' lang='lat' dir='ltr'><strong>entier-ant,</strong></span> <span class='ocrx_word' id='word_1_31' title='bbox 1100 385 1247 417; x_wconf 75' lang='lat' dir='ltr'><em>habebant</em></span> 
     </span>
     <span class='ocr_line' id='line_1_5' title="bbox 278 430 1246 472; baseline -0.005 -8"><span class='ocrx_word' id='word_1_32' title='bbox 278 438 397 472; x_wconf 73' lang='lat' dir='ltr'><strong>temp-us</strong></span> <span class='ocrx_word' id='word_1_33' title='bbox 421 430 587 462; x_wconf 66' lang='lat' dir='ltr'><strong>revertendi</strong></span> <span class='ocrx_word' id='word_1_34' title='bbox 595 443 603 460; x_wconf 90' lang='lat'><em>:</em></span> <span class='ocrx_word' id='word_1_35' title='bbox 650 430 698 461; x_wconf 86' lang='lat'><strong>16.</strong></span> <span class='ocrx_word' id='word_1_36' title='bbox 723 440 801 460; x_wconf 82' lang='lat' dir='ltr'><strong>nunc</strong></span> <span class='ocrx_word' id='word_1_37' title='bbox 824 439 891 460; x_wconf 75' lang='lat' dir='ltr'><strong>vero</strong></span> <span class='ocrx_word' id='word_1_38' title='bbox 914 430 1067 461; x_wconf 79' lang='lat' dir='ltr'><strong>meliorem</strong></span> <span class='ocrx_word' id='word_1_39' title='bbox 1091 431 1246 469; x_wconf 58' lang='lat' dir='ltr'><strong>affimant,</strong></span> 
     </span>
     <span class='ocr_line' id='line_1_6' title="bbox 279 471 1248 512; baseline -0.005 -5"><span class='ocrx_word' id='word_1_40' title='bbox 279 477 310 507; x_wconf 74' lang='lat' dir='ltr'><strong>id</strong></span> <span class='ocrx_word' id='word_1_41' title='bbox 338 478 381 506; x_wconf 72' lang='lat' dir='ltr'><strong>cs!</strong></span> <span class='ocrx_word' id='word_1_42' title='bbox 409 474 568 506; x_wconf 78' lang='lat' dir='ltr'><strong>coelestem.</strong></span> <span class='ocrx_word' id='word_1_43' title='bbox 617 472 720 512; x_wconf 78' lang='lat' dir='ltr'><strong>Quare</strong></span> <span class='ocrx_word' id='word_1_44' title='bbox 749 483 807 504; x_wconf 84' lang='lat' dir='ltr'><strong>non</strong></span> <span class='ocrx_word' id='word_1_45' title='bbox 838 472 983 504; x_wconf 80' lang='lat' dir='ltr'><strong>erubescit</strong></span> <span class='ocrx_word' id='word_1_46' title='bbox 1014 471 1110 511; x_wconf 84' lang='lat' dir='ltr'><strong>Deus,</strong></span> <span class='ocrx_word' id='word_1_47' title='bbox 1144 472 1248 503; x_wconf 75' lang='lat' dir='ltr'><strong>vocari</strong></span> 
     </span>
     <span class='ocr_line' id='line_1_7' title="bbox 276 515 1068 557; baseline -0.008 -7"><span class='ocrx_word' id='word_1_48' title='bbox 276 519 363 550; x_wconf 67' lang='lat' dir='ltr'><strong>Deus</strong></span> <span class='ocrx_word' id='word_1_49' title='bbox 388 518 525 557; x_wconf 71' lang='lat' dir='ltr'><strong>ipsorum</strong></span> <span class='ocrx_word' id='word_1_50' title='bbox 535 529 542 546; x_wconf 91' lang='lat'><em>:</em></span> <span class='ocrx_word' id='word_1_51' title='bbox 561 516 691 555; x_wconf 76' lang='lat' dir='ltr'><strong>paravi!</strong></span> <span class='ocrx_word' id='word_1_52' title='bbox 712 516 793 547; x_wconf 75' lang='lat' dir='ltr'><strong>cuim</strong></span> <span class='ocrx_word' id='word_1_53' title='bbox 816 515 883 546; x_wconf 81' lang='lat' dir='ltr'><strong>illis</strong></span> <span class='ocrx_word' id='word_1_54' title='bbox 905 515 1068 547; x_wconf 76' lang='lat' dir='ltr'><strong>civitatem.</strong></span> 
     </span>
    </p>
   </div>
   <div class='ocr_carea' id='block_1_3' title="bbox 275 599 1249 941">
    <p class='ocr_par' dir='ltr' id='par_1_3' title="bbox 275 599 1249 941">
     <span class='ocr_line' id='line_1_8' title="bbox 364 599 1249 640; baseline -0.002 -7"><span class='ocrx_word' id='word_1_55' title='bbox 364 601 413 633; x_wconf 88' lang='lat'><strong>13.</strong></span> <span class='ocrx_word' id='word_1_56' title='bbox 444 601 616 633; x_wconf 83' lang='lat' dir='ltr'><strong>Secundum</strong></span> <span class='ocrx_word' id='word_1_57' title='bbox 644 601 746 639; x_wconf 73' lang='lat' dir='ltr'><strong>fidem.</strong></span> <span class='ocrx_word' id='word_1_58' title='bbox 792 600 1042 640; x_wconf 82' lang='lat' dir='ltr'><strong>Comparatione</strong></span> <span class='ocrx_word' id='word_1_59' title='bbox 1074 599 1249 640; x_wconf 86' lang='lat' dir='ltr'><strong>amplificat</strong></span> 
     </span>
     <span class='ocr_line' id='line_1_9' title="bbox 277 643 1249 686; baseline -0.002 -10"><span class='ocrx_word' id='word_1_60' title='bbox 277 645 371 677; x_wconf 78' lang='lat' dir='ltr'><strong>tidem</strong></span> <span class='ocrx_word' id='word_1_61' title='bbox 396 644 672 686; x_wconf 78' lang='lat' dir='ltr'><strong>patriarcharum:</strong></span> <span class='ocrx_word' id='word_1_62' title='bbox 705 643 779 683; x_wconf 80' lang='lat' dir='ltr'><strong>quia</strong></span> <span class='ocrx_word' id='word_1_63' title='bbox 802 653 900 683; x_wconf 88' lang='lat' dir='ltr'><strong>quum</strong></span> <span class='ocrx_word' id='word_1_64' title='bbox 926 643 987 674; x_wconf 92' lang='lat' dir='ltr'><strong>Dei</strong></span> <span class='ocrx_word' id='word_1_65' title='bbox 1019 643 1249 683; x_wconf 76' lang='lat' dir='ltr'>promissiones</span> 
     </span>
     <span class='ocr_line' id='line_1_10' title="bbox 276 684 1247 726; baseline -0.003 -7"><span class='ocrx_word' id='word_1_66' title='bbox 276 690 403 720; x_wconf 82' lang='lat' dir='ltr'><strong>tantum</strong></span> <span class='ocrx_word' id='word_1_67' title='bbox 427 687 590 725; x_wconf 79' lang='lat' dir='ltr'><strong>libassent,</strong></span> <span class='ocrx_word' id='word_1_68' title='bbox 615 691 769 726; x_wconf 85' lang='lat' dir='ltr'><strong>tanquam</strong></span> <span class='ocrx_word' id='word_1_69' title='bbox 791 685 919 717; x_wconf 85' lang='lat' dir='ltr'><strong>illarum</strong></span> <span class='ocrx_word' id='word_1_70' title='bbox 944 684 1113 718; x_wconf 79' lang='lat' dir='ltr'><strong>dulcedine</strong></span> <span class='ocrx_word' id='word_1_71' title='bbox 1129 685 1247 724; x_wconf 78' lang='lat' dir='ltr'><strong>satiati,</strong></span> 
     </span>
     <span class='ocr_line' id='line_1_11' title="bbox 275 729 1246 771; baseline -0.003 -9"><span class='ocrx_word' id='word_1_72' title='bbox 275 730 430 771; x_wconf 84' lang='lat' dir='ltr'><strong>quidquid</strong></span> <span class='ocrx_word' id='word_1_73' title='bbox 455 731 487 761; x_wconf 91' lang='lat' dir='ltr'><strong>in</strong></span> <span class='ocrx_word' id='word_1_74' title='bbox 519 729 641 761; x_wconf 92' lang='lat' dir='ltr'><strong>mundo</strong></span> <span class='ocrx_word' id='word_1_75' title='bbox 672 732 742 760; x_wconf 88' lang='lat' dir='ltr'><strong>erat</strong></span> <span class='ocrx_word' id='word_1_76' title='bbox 771 732 978 768; x_wconf 85' lang='lat' dir='ltr'><strong>spreverunt:</strong></span> <span class='ocrx_word' id='word_1_77' title='bbox 1014 739 1072 761; x_wconf 90' lang='lat' dir='ltr'><strong>nec</strong></span> <span class='ocrx_word' id='word_1_78' title='bbox 1104 738 1246 769; x_wconf 83' lang='lat' dir='ltr'><strong>unquam</strong></span> 
     </span>
     <span class='ocr_line' id='line_1_12' title="bbox 275 771 1246 814; baseline -0.003 -9"><span class='ocrx_word' id='word_1_79' title='bbox 275 774 405 805; x_wconf 85' lang='lat' dir='ltr'><strong>illarum</strong></span> <span class='ocrx_word' id='word_1_80' title='bbox 430 778 571 814; x_wconf 85' lang='lat' dir='ltr'><strong>gustum,</strong></span> <span class='ocrx_word' id='word_1_81' title='bbox 595 772 806 812; x_wconf 85' lang='lat' dir='ltr'><strong>quantumvis</strong></span> <span class='ocrx_word' id='word_1_82' title='bbox 826 776 967 812; x_wconf 86' lang='lat' dir='ltr'><strong>tenuem,</strong></span> <span class='ocrx_word' id='word_1_83' title='bbox 990 771 1079 803; x_wconf 88' lang='lat' dir='ltr'><strong>obliti</strong></span> <span class='ocrx_word' id='word_1_84' title='bbox 1096 776 1173 803; x_wconf 88' lang='lat' dir='ltr'><strong>sunt</strong></span> <span class='ocrx_word' id='word_1_85' title='bbox 1197 771 1246 802; x_wconf 89' lang='lat' dir='ltr'><strong>vel</strong></span> 
     </span>
     <span class='ocr_line' id='line_1_13' title="bbox 275 814 1245 855; baseline -0.003 -7"><span class='ocrx_word' id='word_1_86' title='bbox 275 817 309 848; x_wconf 92' lang='lat' dir='ltr'><strong>in</strong></span> <span class='ocrx_word' id='word_1_87' title='bbox 334 817 400 848; x_wconf 86' lang='lat' dir='ltr'><strong>vita</strong></span> <span class='ocrx_word' id='word_1_88' title='bbox 422 817 475 848; x_wconf 78' lang='lat' dir='ltr'><strong>vel</strong></span> <span class='ocrx_word' id='word_1_89' title='bbox 490 816 522 846; x_wconf 91' lang='lat' dir='ltr'><strong>in</strong></span> <span class='ocrx_word' id='word_1_90' title='bbox 547 820 659 846; x_wconf 88' lang='lat' dir='ltr'><strong>morte.</strong></span> <span class='ocrx_word' id='word_1_91' title='bbox 697 814 903 854; x_wconf 81' lang='lat' dir='ltr'><strong>Quamquam</strong></span> <span class='ocrx_word' id='word_1_92' title='bbox 923 814 1092 855; x_wconf 84' lang='lat' dir='ltr'><strong>particula,</strong></span> <span class='ocrx_word' id='word_1_93' title='bbox 1123 814 1245 846; x_wconf 88' lang='lat' dir='ltr'><strong>Secun-</strong></span> 
     </span>
     <span class='ocr_line' id='line_1_14' title="bbox 277 856 1246 898; baseline -0.002 -8"><span class='ocrx_word' id='word_1_94' title='bbox 277 859 353 890; x_wconf 84' lang='lat' dir='ltr'><strong>dum</strong></span> <span class='ocrx_word' id='word_1_95' title='bbox 385 858 490 896; x_wconf 89' lang='lat' dir='ltr'><strong>fidem,</strong></span> <span class='ocrx_word' id='word_1_96' title='bbox 529 857 675 889; x_wconf 79' lang='lat' dir='ltr'>bifariam</span> <span class='ocrx_word' id='word_1_97' title='bbox 711 858 893 898; x_wconf 76' lang='lat' dir='ltr'><strong>exponitur.</strong></span> <span class='ocrx_word' id='word_1_98' title='bbox 950 856 1092 897; x_wconf 81' lang='lat' dir='ltr'><strong>Quidam</strong></span> <span class='ocrx_word' id='word_1_99' title='bbox 1123 856 1246 897; x_wconf 89' lang='lat' dir='ltr'><strong>simpli·</strong></span> 
     </span>
     <span class='ocr_line' id='line_1_15' title="bbox 276 899 1247 941; baseline -0.004 -8"><span class='ocrx_word' id='word_1_100' title='bbox 276 903 356 934; x_wconf 84' lang='lat' dir='ltr'><strong>citer</strong></span> <span class='ocrx_word' id='word_1_101' title='bbox 376 900 573 941; x_wconf 86' lang='lat' dir='ltr'><strong>intelligunt,</strong></span> <span class='ocrx_word' id='word_1_102' title='bbox 596 899 774 932; x_wconf 89' lang='lat' dir='ltr'><strong>secundum</strong></span> <span class='ocrx_word' id='word_1_103' title='bbox 791 899 887 932; x_wconf 91' lang='lat' dir='ltr'><strong>fidem</strong></span> <span class='ocrx_word' id='word_1_104' title='bbox 907 909 976 932; x_wconf 86' lang='lat' dir='ltr'><strong>esse</strong></span> <span class='ocrx_word' id='word_1_105' title='bbox 995 905 1149 940; x_wconf 88' lang='lat' dir='ltr'><strong>mortuos,</strong></span> <span class='ocrx_word' id='word_1_106' title='bbox 1172 899 1247 940; x_wconf 87' lang='lat' dir='ltr'><strong>quia</strong></span> 
     </span>
    </p>
   </div>
   <div class='ocr_carea' id='block_1_4' title="bbox 277 942 1275 983">
    <p class='ocr_par' dir='ltr' id='par_1_4' title="bbox 277 942 1275 983">
     <span class='ocr_line' id='line_1_16' title="bbox 277 942 1275 983; baseline -0.004 -7"><span class='ocrx_word' id='word_1_107' title='bbox 277 945 309 976; x_wconf 92' lang='lat' dir='ltr'><strong>in</strong></span> <span class='ocrx_word' id='word_1_108' title='bbox 341 945 401 975; x_wconf 82' lang='lat' dir='ltr'><strong>hac</strong></span> <span class='ocrx_word' id='word_1_109' title='bbox 432 944 498 975; x_wconf 83' lang='lat' dir='ltr'><strong>vita</strong></span> <span class='ocrx_word' id='word_1_110' title='bbox 528 953 696 983; x_wconf 88' lang='lat' dir='ltr'><strong>nunquam</strong></span> <span class='ocrx_word' id='word_1_111' title='bbox 728 942 896 983; x_wconf 78' lang='lat' dir='ltr'><strong>promissis</strong></span> <span class='ocrx_word' id='word_1_112' title='bbox 926 943 1019 975; x_wconf 84' lang='lat' dir='ltr'><strong>bonis</strong></span> <span class='ocrx_word' id='word_1_113' title='bbox 1049 943 1141 983; x_wconf 89' lang='lat' dir='ltr'><strong>potiti</strong></span> <span class='ocrx_word' id='word_1_114' title='bbox 1171 942 1245 972; x_wconf 86' lang='lat' dir='ltr'><strong>sint.</strong></span> <span class='ocrx_word' id='word_1_115' title='bbox 1272 943 1275 957; x_wconf 70' lang='lat'>³</span> 
     </span>
    </p>
   </div>
   <div class='ocr_carea' id='block_1_5' title="bbox 276 985 1253 2694">
    <p class='ocr_par' dir='ltr' id='par_1_5' title="bbox 276 985 1251 2094">
     <span class='ocr_line' id='line_1_17' title="bbox 277 985 1247 1026; baseline -0.003 -7"><span class='ocrx_word' id='word_1_116' title='bbox 277 987 382 1019; x_wconf 77' lang='lat' dir='ltr'><strong>Sicuti</strong></span> <span class='ocrx_word' id='word_1_117' title='bbox 413 986 507 1017; x_wconf 91' lang='lat' dir='ltr'><strong>hodic</strong></span> <span class='ocrx_word' id='word_1_118' title='bbox 537 996 663 1026; x_wconf 89' lang='lat' dir='ltr'><strong>quoque</strong></span> <span class='ocrx_word' id='word_1_119' title='bbox 686 986 744 1017; x_wconf 91' lang='lat' dir='ltr'><strong>sub</strong></span> <span class='ocrx_word' id='word_1_120' title='bbox 772 995 828 1026; x_wconf 86' lang='lat' dir='ltr'><strong>spe</strong></span> <span class='ocrx_word' id='word_1_121' title='bbox 859 985 950 1017; x_wconf 89' lang='lat' dir='ltr'><strong>nobis</strong></span> <span class='ocrx_word' id='word_1_122' title='bbox 981 985 1168 1017; x_wconf 83' lang='lat' dir='ltr'><strong>abscondita</strong></span> <span class='ocrx_word' id='word_1_123' title='bbox 1199 989 1247 1016; x_wconf 87' lang='lat' dir='ltr'><strong>est</strong></span> 
     </span>
     <span class='ocr_line' id='line_1_18' title="bbox 276 1027 1246 1070; baseline -0.004 -9"><span class='ocrx_word' id='word_1_124' title='bbox 276 1030 372 1062; x_wconf 84' lang='lat' dir='ltr'><strong>salus.</strong></span> <span class='ocrx_word' id='word_1_125' title='bbox 417 1029 487 1069; x_wconf 90' lang='lat' dir='ltr'><strong>Ego</strong></span> <span class='ocrx_word' id='word_1_126' title='bbox 511 1033 619 1060; x_wconf 83' lang='lat' dir='ltr'><strong>tamen</strong></span> <span class='ocrx_word' id='word_1_127' title='bbox 643 1029 682 1061; x_wconf 86' lang='lat' dir='ltr'><strong>iis</strong></span> <span class='ocrx_word' id='word_1_128' title='bbox 705 1029 812 1070; x_wconf 82' lang='lat' dir='ltr'><strong>potius</strong></span> <span class='ocrx_word' id='word_1_129' title='bbox 835 1029 1002 1065; x_wconf 85' lang='lat' dir='ltr'><strong>assentior,</strong></span> <span class='ocrx_word' id='word_1_130' title='bbox 1033 1028 1088 1068; x_wconf 89' lang='lat' dir='ltr'><strong>qui</strong></span> <span class='ocrx_word' id='word_1_131' title='bbox 1116 1027 1169 1058; x_wconf 88' lang='lat' dir='ltr'><strong>hic</strong></span> <span class='ocrx_word' id='word_1_132' title='bbox 1193 1037 1246 1058; x_wconf 93' lang='lat' dir='ltr'><strong>no-</strong></span> 
     </span>
     <span class='ocr_line' id='line_1_19' title="bbox 277 1070 1246 1112; baseline -0.003 -9"><span class='ocrx_word' id='word_1_133' title='bbox 277 1073 336 1103; x_wconf 85' lang='lat' dir='ltr'><strong>tari</strong></span> <span class='ocrx_word' id='word_1_134' title='bbox 361 1072 446 1103; x_wconf 89' lang='lat' dir='ltr'><strong>inter</strong></span> <span class='ocrx_word' id='word_1_135' title='bbox 468 1081 527 1103; x_wconf 86' lang='lat' dir='ltr'><strong>nos</strong></span> <span class='ocrx_word' id='word_1_136' title='bbox 550 1075 582 1103; x_wconf 90' lang='lat' dir='ltr'><strong>et</strong></span> <span class='ocrx_word' id='word_1_137' title='bbox 605 1075 712 1111; x_wconf 83' lang='lat' dir='ltr'><strong>patres</strong></span> <span class='ocrx_word' id='word_1_138' title='bbox 736 1070 908 1103; x_wconf 78' lang='lat' dir='ltr'><strong>discrimen</strong></span> <span class='ocrx_word' id='word_1_139' title='bbox 934 1075 1065 1112; x_wconf 89' lang='lat' dir='ltr'><strong>putant:</strong></span> <span class='ocrx_word' id='word_1_140' title='bbox 1089 1074 1186 1110; x_wconf 88' lang='lat' dir='ltr'><strong>atque</strong></span> <span class='ocrx_word' id='word_1_141' title='bbox 1202 1070 1246 1100; x_wconf 90' lang='lat' dir='ltr'><strong>ita</strong></span> 
     </span>
     <span class='ocr_line' id='line_1_20' title="bbox 276 1112 1246 1156; baseline -0.002 -10"><span class='ocrx_word' id='word_1_142' title='bbox 276 1124 424 1156; x_wconf 81' lang='lat' dir='ltr'><strong>expono:</strong></span> <span class='ocrx_word' id='word_1_143' title='bbox 456 1113 566 1154; x_wconf 90' lang='lat' dir='ltr'><strong>Quum</strong></span> <span class='ocrx_word' id='word_1_144' title='bbox 591 1114 682 1146; x_wconf 87' lang='lat' dir='ltr'><strong>Deus</strong></span> <span class='ocrx_word' id='word_1_145' title='bbox 705 1115 853 1155; x_wconf 80' lang='lat' dir='ltr'><strong>gratiam,</strong></span> <span class='ocrx_word' id='word_1_146' title='bbox 889 1124 971 1154; x_wconf 90' lang='lat' dir='ltr'><strong>quae</strong></span> <span class='ocrx_word' id='word_1_147' title='bbox 1002 1114 1035 1144; x_wconf 90' lang='lat' dir='ltr'><strong>in</strong></span> <span class='ocrx_word' id='word_1_148' title='bbox 1067 1122 1125 1143; x_wconf 90' lang='lat' dir='ltr'><strong>nos</strong></span> <span class='ocrx_word' id='word_1_149' title='bbox 1157 1112 1246 1153; x_wconf 83' lang='lat' dir='ltr'><strong>large</strong></span> 
     </span>
     <span class='ocr_line' id='line_1_21' title="bbox 277 1155 1247 1198; baseline -0.002 -10"><span class='ocrx_word' id='word_1_150' title='bbox 277 1157 378 1189; x_wconf 80' lang='lat' dir='ltr'><strong>effusa</strong></span> <span class='ocrx_word' id='word_1_151' title='bbox 401 1159 461 1195; x_wconf 86' lang='lat' dir='ltr'><strong>est,</strong></span> <span class='ocrx_word' id='word_1_152' title='bbox 485 1156 634 1198; x_wconf 88' lang='lat' dir='ltr'><strong>patribus</strong></span> <span class='ocrx_word' id='word_1_153' title='bbox 658 1157 819 1188; x_wconf 84' lang='lat' dir='ltr'><strong>duntaxat</strong></span> <span class='ocrx_word' id='word_1_154' title='bbox 841 1156 1035 1197; x_wconf 85' lang='lat' dir='ltr'><strong>gustandam</strong></span> <span class='ocrx_word' id='word_1_155' title='bbox 1053 1155 1247 1196; x_wconf 82' lang='lat' dir='ltr'><strong>praebuerit,</strong></span> 
     </span>
     <span class='ocr_line' id='line_1_22' title="bbox 276 1198 1248 1241; baseline -0.003 -9"><span class='ocrx_word' id='word_1_156' title='bbox 276 1210 373 1241; x_wconf 89' lang='lat' dir='ltr'><strong>quum</strong></span> <span class='ocrx_word' id='word_1_157' title='bbox 392 1200 520 1232; x_wconf 87' lang='lat' dir='ltr'><strong>eminus</strong></span> <span class='ocrx_word' id='word_1_158' title='bbox 544 1199 608 1231; x_wconf 88' lang='lat' dir='ltr'><strong>illis</strong></span> <span class='ocrx_word' id='word_1_159' title='bbox 632 1199 810 1231; x_wconf 90' lang='lat' dir='ltr'><strong>ostenderit</strong></span> <span class='ocrx_word' id='word_1_160' title='bbox 833 1199 1001 1230; x_wconf 80' lang='lat' dir='ltr'><strong>obscuram</strong></span> <span class='ocrx_word' id='word_1_161' title='bbox 1022 1198 1145 1230; x_wconf 75' lang='lat' dir='ltr'><strong>Christi</strong></span> <span class='ocrx_word' id='word_1_162' title='bbox 1169 1198 1248 1229; x_wconf 87' lang='lat' dir='ltr'><strong>ima-</strong></span> 
     </span>
     <span class='ocr_line' id='line_1_23' title="bbox 276 1240 1247 1285; baseline -0.002 -11"><span class='ocrx_word' id='word_1_163' title='bbox 276 1244 395 1285; x_wconf 79' lang='lat' dir='ltr'><strong>ginem,</strong></span> <span class='ocrx_word' id='word_1_164' title='bbox 420 1243 473 1283; x_wconf 90' lang='lat' dir='ltr'><strong>qui</strong></span> <span class='ocrx_word' id='word_1_165' title='bbox 498 1252 586 1275; x_wconf 92' lang='lat' dir='ltr'><strong>nunc</strong></span> <span class='ocrx_word' id='word_1_166' title='bbox 608 1253 642 1274; x_wconf 87' lang='lat' dir='ltr'><strong>se</strong></span> <span class='ocrx_word' id='word_1_167' title='bbox 665 1241 925 1282; x_wconf 88' lang='lat' dir='ltr'><strong>conspiciendum</strong></span> <span class='ocrx_word' id='word_1_168' title='bbox 950 1240 1041 1281; x_wconf 79' lang='lat' dir='ltr'><strong>quasi</strong></span> <span class='ocrx_word' id='word_1_169' title='bbox 1063 1240 1122 1273; x_wconf 90' lang='lat' dir='ltr'><strong>sub</strong></span> <span class='ocrx_word' id='word_1_170' title='bbox 1138 1241 1247 1273; x_wconf 89' lang='lat' dir='ltr'><strong>oculos</strong></span> 
     </span>
     <span class='ocr_line' id='line_1_24' title="bbox 276 1285 1246 1326; baseline -0.002 -9"><span class='ocrx_word' id='word_1_171' title='bbox 276 1292 402 1318; x_wconf 83' lang='lat' dir='ltr'><strong>nostros</strong></span> <span class='ocrx_word' id='word_1_172' title='bbox 425 1285 536 1317; x_wconf 84' lang='lat' dir='ltr'><strong>offert:</strong></span> <span class='ocrx_word' id='word_1_173' title='bbox 560 1289 669 1317; x_wconf 90' lang='lat' dir='ltr'><strong>tamen</strong></span> <span class='ocrx_word' id='word_1_174' title='bbox 693 1285 932 1326; x_wconf 87' lang='lat' dir='ltr'><strong>acquieverunt,</strong></span> <span class='ocrx_word' id='word_1_175' title='bbox 957 1294 1015 1315; x_wconf 90' lang='lat' dir='ltr'><strong>nec</strong></span> <span class='ocrx_word' id='word_1_176' title='bbox 1031 1294 1173 1324; x_wconf 88' lang='lat' dir='ltr'><strong>unquam</strong></span> <span class='ocrx_word' id='word_1_177' title='bbox 1191 1294 1246 1315; x_wconf 82' lang='lat' dir='ltr'><strong>ex-</strong></span> 
     </span>
     <span class='ocr_line' id='line_1_25' title="bbox 276 1326 1249 1368; baseline -0.003 -8"><span class='ocrx_word' id='word_1_178' title='bbox 276 1329 424 1361; x_wconf 86' lang='lat' dir='ltr'><strong>ciderunt</strong></span> <span class='ocrx_word' id='word_1_179' title='bbox 454 1339 472 1359; x_wconf 90' lang='lat' dir='ltr'><strong>a</strong></span> <span class='ocrx_word' id='word_1_180' title='bbox 506 1338 565 1360; x_wconf 86' lang='lat' dir='ltr'><strong>sua</strong></span> <span class='ocrx_word' id='word_1_181' title='bbox 598 1328 680 1359; x_wconf 87' lang='lat' dir='ltr'><strong>fide:</strong></span> <span class='ocrx_word' id='word_1_182' title='bbox 713 1332 833 1368; x_wconf 88' lang='lat' dir='ltr'><strong>quanto</strong></span> <span class='ocrx_word' id='word_1_183' title='bbox 864 1326 954 1358; x_wconf 89' lang='lat' dir='ltr'><strong>nobis</strong></span> <span class='ocrx_word' id='word_1_184' title='bbox 985 1326 1080 1358; x_wconf 91' lang='lat' dir='ltr'><strong>hodie</strong></span> <span class='ocrx_word' id='word_1_185' title='bbox 1111 1326 1249 1367; x_wconf 83' lang='lat' dir='ltr'><strong>amplior</strong></span> 
     </span>
     <span class='ocr_line' id='line_1_26' title="bbox 277 1369 1248 1411; baseline -0.002 -8"><span class='ocrx_word' id='word_1_186' title='bbox 277 1371 373 1404; x_wconf 87' lang='lat' dir='ltr'><strong>datur</strong></span> <span class='ocrx_word' id='word_1_187' title='bbox 388 1371 617 1411; x_wconf 85' lang='lat' dir='ltr'><strong>perseverandi</strong></span> <span class='ocrx_word' id='word_1_188' title='bbox 633 1370 791 1402; x_wconf 76' lang='lat' dir='ltr'><strong>materia?</strong></span> <span class='ocrx_word' id='word_1_189' title='bbox 824 1369 861 1401; x_wconf 82' lang='lat' dir='ltr'><strong>Si</strong></span> <span class='ocrx_word' id='word_1_190' title='bbox 878 1369 1052 1409; x_wconf 90' lang='lat' dir='ltr'><strong>deficimus,</strong></span> <span class='ocrx_word' id='word_1_191' title='bbox 1068 1369 1117 1401; x_wconf 89' lang='lat' dir='ltr'><strong>bis</strong></span> <span class='ocrx_word' id='word_1_192' title='bbox 1136 1380 1248 1401; x_wconf 87' lang='lat' dir='ltr'><strong>sumus</strong></span> 
     </span>
     <span class='ocr_line' id='line_1_27' title="bbox 276 1412 1246 1454; baseline -0.003 -8"><span class='ocrx_word' id='word_1_193' title='bbox 276 1413 522 1446; x_wconf 84' lang='lat' dir='ltr'><strong>inexcusabiles.</strong></span> <span class='ocrx_word' id='word_1_194' title='bbox 568 1413 659 1445; x_wconf 89' lang='lat' dir='ltr'><strong>Haec</strong></span> <span class='ocrx_word' id='word_1_195' title='bbox 689 1423 765 1454; x_wconf 85' lang='lat' dir='ltr'><strong>ergo</strong></span> <span class='ocrx_word' id='word_1_196' title='bbox 795 1412 1040 1444; x_wconf 82' lang='lat' dir='ltr'><strong>circumstantia</strong></span> <span class='ocrx_word' id='word_1_197' title='bbox 1069 1412 1246 1453; x_wconf 91' lang='lat' dir='ltr'><strong>plurimum</strong></span> 
     </span>
     <span class='ocr_line' id='line_1_28' title="bbox 277 1455 1247 1498; baseline -0.002 -10"><span class='ocrx_word' id='word_1_198' title='bbox 277 1461 387 1498; x_wconf 85' lang='lat' dir='ltr'><strong>auget,</strong></span> <span class='ocrx_word' id='word_1_199' title='bbox 421 1456 506 1498; x_wconf 90' lang='lat' dir='ltr'><strong>quod</strong></span> <span class='ocrx_word' id='word_1_200' title='bbox 540 1456 651 1496; x_wconf 91' lang='lat' dir='ltr'><strong>procul</strong></span> <span class='ocrx_word' id='word_1_201' title='bbox 685 1456 794 1487; x_wconf 77' lang='lat' dir='ltr'><strong>intuiti</strong></span> <span class='ocrx_word' id='word_1_202' title='bbox 829 1459 905 1487; x_wconf 86' lang='lat' dir='ltr'><strong>sunt</strong></span> <span class='ocrx_word' id='word_1_203' title='bbox 939 1459 1046 1496; x_wconf 87' lang='lat' dir='ltr'><strong>patres</strong></span> <span class='ocrx_word' id='word_1_204' title='bbox 1080 1455 1247 1496; x_wconf 77' lang='lat' dir='ltr'><strong>spirituale</strong></span> 
     </span>
     <span class='ocr_line' id='line_1_29' title="bbox 276 1497 1249 1541; baseline -0.002 -10"><span class='ocrx_word' id='word_1_205' title='bbox 276 1499 400 1532; x_wconf 75' lang='lat' dir='ltr'><strong>Christi</strong></span> <span class='ocrx_word' id='word_1_206' title='bbox 424 1509 572 1541; x_wconf 86' lang='lat' dir='ltr'><strong>regnum,</strong></span> <span class='ocrx_word' id='word_1_207' title='bbox 596 1500 685 1531; x_wconf 88' lang='lat' dir='ltr'><strong>cuius</strong></span> <span class='ocrx_word' id='word_1_208' title='bbox 701 1498 796 1530; x_wconf 89' lang='lat' dir='ltr'><strong>hodie</strong></span> <span class='ocrx_word' id='word_1_209' title='bbox 819 1500 885 1530; x_wconf 91' lang='lat' dir='ltr'><strong>tam</strong></span> <span class='ocrx_word' id='word_1_210' title='bbox 902 1498 1103 1539; x_wconf 88' lang='lat' dir='ltr'><strong>propinquus</strong></span> <span class='ocrx_word' id='word_1_211' title='bbox 1125 1502 1175 1530; x_wconf 87' lang='lat' dir='ltr'><strong>est</strong></span> <span class='ocrx_word' id='word_1_212' title='bbox 1193 1497 1249 1530; x_wconf 87' lang='lat' dir='ltr'><strong>ad-</strong></span> 
     </span>
     <span class='ocr_line' id='line_1_30' title="bbox 277 1541 1248 1583; baseline -0.002 -9"><span class='ocrx_word' id='word_1_213' title='bbox 277 1546 422 1583; x_wconf 87' lang='lat' dir='ltr'><strong>spectus:</strong></span> <span class='ocrx_word' id='word_1_214' title='bbox 447 1542 530 1583; x_wconf 89' lang='lat' dir='ltr'><strong>quod</strong></span> <span class='ocrx_word' id='word_1_215' title='bbox 554 1541 664 1582; x_wconf 89' lang='lat' dir='ltr'><strong>procul</strong></span> <span class='ocrx_word' id='word_1_216' title='bbox 687 1541 869 1574; x_wconf 80' lang='lat' dir='ltr'><strong>salutarunt</strong></span> <span class='ocrx_word' id='word_1_217' title='bbox 896 1541 1135 1582; x_wconf 84' lang='lat' dir='ltr'><strong>promissiones,</strong></span> <span class='ocrx_word' id='word_1_218' title='bbox 1166 1550 1248 1581; x_wconf 90' lang='lat' dir='ltr'><strong>quae</strong></span> 
     </span>
     <span class='ocr_line' id='line_1_31' title="bbox 277 1584 1247 1617; baseline -0.001 -1"><span class='ocrx_word' id='word_1_219' title='bbox 277 1591 344 1616; x_wconf 89' lang='lat' dir='ltr'><strong>tam</strong></span> <span class='ocrx_word' id='word_1_220' title='bbox 380 1585 582 1617; x_wconf 87' lang='lat' dir='ltr'><strong>familiariter</strong></span> <span class='ocrx_word' id='word_1_221' title='bbox 616 1585 782 1617; x_wconf 86' lang='lat' dir='ltr'><strong>nobiscum</strong></span> <span class='ocrx_word' id='word_1_222' title='bbox 816 1584 974 1616; x_wconf 87' lang='lat' dir='ltr'><strong>habitant.</strong></span> <span class='ocrx_word' id='word_1_223' title='bbox 1020 1584 1105 1616; x_wconf 87' lang='lat' dir='ltr'><strong>Nam</strong></span> <span class='ocrx_word' id='word_1_224' title='bbox 1139 1584 1166 1616; x_wconf 89' lang='lat' dir='ltr'><strong>si</strong></span> <span class='ocrx_word' id='word_1_225' title='bbox 1199 1584 1247 1615; x_wconf 91' lang='lat' dir='ltr'><strong>illi</strong></span> 
     </span>
     <span class='ocr_line' id='line_1_32' title="bbox 277 1627 1248 1668; baseline -0.002 -8"><span class='ocrx_word' id='word_1_226' title='bbox 277 1627 491 1660; x_wconf 87' lang='lat' dir='ltr'><strong>nihilominus</strong></span> <span class='ocrx_word' id='word_1_227' title='bbox 508 1627 547 1659; x_wconf 88' lang='lat' dir='ltr'><strong>ad</strong></span> <span class='ocrx_word' id='word_1_228' title='bbox 571 1629 709 1659; x_wconf 87' lang='lat' dir='ltr'><strong>mortem</strong></span> <span class='ocrx_word' id='word_1_229' title='bbox 726 1637 827 1668; x_wconf 87' lang='lat' dir='ltr'><strong>usquc</strong></span> <span class='ocrx_word' id='word_1_230' title='bbox 846 1627 1085 1659; x_wconf 89' lang='lat' dir='ltr'><strong>sustinuerunt:</strong></span> <span class='ocrx_word' id='word_1_231' title='bbox 1110 1630 1248 1668; x_wconf 88' lang='lat' dir='ltr'><strong>quantae</strong></span> 
     </span>
     <span class='ocr_line' id='line_1_33' title="bbox 276 1669 1249 1712; baseline -0.001 -10"><span class='ocrx_word' id='word_1_232' title='bbox 276 1681 365 1703; x_wconf 87' lang='lat' dir='ltr'><strong>nunc</strong></span> <span class='ocrx_word' id='word_1_233' title='bbox 383 1671 534 1711; x_wconf 88' lang='lat' dir='ltr'><strong>ignaviae</strong></span> <span class='ocrx_word' id='word_1_234' title='bbox 553 1670 615 1701; x_wconf 89' lang='lat' dir='ltr'><strong>erit</strong></span> <span class='ocrx_word' id='word_1_235' title='bbox 631 1670 761 1712; x_wconf 82' lang='lat' dir='ltr'><strong>fatigari</strong></span> <span class='ocrx_word' id='word_1_236' title='bbox 778 1670 947 1710; x_wconf 90' lang='lat' dir='ltr'><strong>credendo,</strong></span> <span class='ocrx_word' id='word_1_237' title='bbox 971 1680 1070 1711; x_wconf 89' lang='lat' dir='ltr'><strong>quum</strong></span> <span class='ocrx_word' id='word_1_238' title='bbox 1087 1669 1249 1702; x_wconf 90' lang='lat' dir='ltr'><strong>Dominus</strong></span> 
     </span>
     <span class='ocr_line' id='line_1_34' title="bbox 277 1711 1248 1754; baseline 0 -10"><span class='ocrx_word' id='word_1_239' title='bbox 277 1717 324 1745; x_wconf 88' lang='lat' dir='ltr'><strong>tot</strong></span> <span class='ocrx_word' id='word_1_240' title='bbox 347 1713 551 1746; x_wconf 86' lang='lat' dir='ltr'><strong>adminiculis</strong></span> <span class='ocrx_word' id='word_1_241' title='bbox 580 1723 639 1745; x_wconf 89' lang='lat' dir='ltr'><strong>nos</strong></span> <span class='ocrx_word' id='word_1_242' title='bbox 666 1712 802 1745; x_wconf 80' lang='lat' dir='ltr'><strong>fulciat?</strong></span> <span class='ocrx_word' id='word_1_243' title='bbox 848 1711 886 1744; x_wconf 84' lang='lat' dir='ltr'><strong>Si</strong></span> <span class='ocrx_word' id='word_1_244' title='bbox 917 1713 988 1754; x_wconf 88' lang='lat' dir='ltr'><strong>quis</strong></span> <span class='ocrx_word' id='word_1_245' title='bbox 1011 1712 1150 1753; x_wconf 87' lang='lat' dir='ltr'><strong>obiiciat,</strong></span> <span class='ocrx_word' id='word_1_246' title='bbox 1184 1723 1248 1744; x_wconf 90' lang='lat' dir='ltr'><strong>non</strong></span> 
     </span>
     <span class='ocr_line' id='line_1_35' title="bbox 277 1755 1248 1797; baseline -0.001 -10"><span class='ocrx_word' id='word_1_247' title='bbox 277 1756 423 1797; x_wconf 88' lang='lat' dir='ltr'><strong>potuisse</strong></span> <span class='ocrx_word' id='word_1_248' title='bbox 446 1766 500 1788; x_wconf 88' lang='lat' dir='ltr'><strong>eos</strong></span> <span class='ocrx_word' id='word_1_249' title='bbox 519 1755 650 1788; x_wconf 87' lang='lat' dir='ltr'><strong>credere</strong></span> <span class='ocrx_word' id='word_1_250' title='bbox 674 1756 735 1787; x_wconf 89' lang='lat' dir='ltr'><strong>nisi</strong></span> <span class='ocrx_word' id='word_1_251' title='bbox 759 1757 897 1796; x_wconf 88' lang='lat' dir='ltr'><strong>acceptis</strong></span> <span class='ocrx_word' id='word_1_252' title='bbox 915 1755 1193 1797; x_wconf 83' lang='lat' dir='ltr'><strong>promissionibus,</strong></span> <span class='ocrx_word' id='word_1_253' title='bbox 1215 1755 1248 1786; x_wconf 88' lang='lat' dir='ltr'><strong>in</strong></span> 
     </span>
     <span class='ocr_line' id='line_1_36' title="bbox 277 1798 1250 1839; baseline -0.001 -9"><span class='ocrx_word' id='word_1_254' title='bbox 277 1799 393 1839; x_wconf 90' lang='lat' dir='ltr'><strong>quibus</strong></span> <span class='ocrx_word' id='word_1_255' title='bbox 409 1799 591 1831; x_wconf 89' lang='lat' dir='ltr'><strong>necessario</strong></span> <span class='ocrx_word' id='word_1_256' title='bbox 608 1798 775 1830; x_wconf 83' lang='lat' dir='ltr'><strong>fundanda</strong></span> <span class='ocrx_word' id='word_1_257' title='bbox 791 1803 840 1830; x_wconf 89' lang='lat' dir='ltr'><strong>est</strong></span> <span class='ocrx_word' id='word_1_258' title='bbox 859 1798 955 1831; x_wconf 87' lang='lat' dir='ltr'><strong>fides:</strong></span> <span class='ocrx_word' id='word_1_259' title='bbox 978 1798 1167 1839; x_wconf 84' lang='lat' dir='ltr'><strong>respondeo,</strong></span> <span class='ocrx_word' id='word_1_260' title='bbox 1191 1798 1250 1830; x_wconf 91' lang='lat' dir='ltr'><strong>hoc</strong></span> 
     </span>
     <span class='ocr_line' id='line_1_37' title="bbox 276 1840 1250 1882; baseline -0.002 -8"><span class='ocrx_word' id='word_1_261' title='bbox 276 1852 334 1882; x_wconf 88' lang='lat' dir='ltr'><strong>per</strong></span> <span class='ocrx_word' id='word_1_262' title='bbox 357 1842 630 1882; x_wconf 86' lang='lat' dir='ltr'><strong>comparationem</strong></span> <span class='ocrx_word' id='word_1_263' title='bbox 654 1841 725 1873; x_wconf 91' lang='lat' dir='ltr'><strong>dici.</strong></span> <span class='ocrx_word' id='word_1_264' title='bbox 761 1841 880 1874; x_wconf 91' lang='lat' dir='ltr'><strong>Procul</strong></span> <span class='ocrx_word' id='word_1_265' title='bbox 899 1842 986 1873; x_wconf 90' lang='lat' dir='ltr'><strong>enim</strong></span> <span class='ocrx_word' id='word_1_266' title='bbox 1010 1841 1049 1873; x_wconf 89' lang='lat' dir='ltr'><strong>ab</strong></span> <span class='ocrx_word' id='word_1_267' title='bbox 1067 1841 1127 1873; x_wconf 91' lang='lat' dir='ltr'><strong>hoc</strong></span> <span class='ocrx_word' id='word_1_268' title='bbox 1148 1840 1250 1882; x_wconf 86' lang='lat' dir='ltr'><strong>gradu</strong></span> 
     </span>
     <span class='ocr_line' id='line_1_38' title="bbox 278 1883 1251 1925; baseline -0.001 -9"><span class='ocrx_word' id='word_1_269' title='bbox 278 1884 461 1925; x_wconf 82' lang='lat' dir='ltr'><strong>abfuerunt,</strong></span> <span class='ocrx_word' id='word_1_270' title='bbox 484 1885 517 1916; x_wconf 91' lang='lat' dir='ltr'><strong>in</strong></span> <span class='ocrx_word' id='word_1_271' title='bbox 541 1895 636 1925; x_wconf 90' lang='lat' dir='ltr'><strong>quem</strong></span> <span class='ocrx_word' id='word_1_272' title='bbox 660 1895 718 1916; x_wconf 89' lang='lat' dir='ltr'><strong>nos</strong></span> <span class='ocrx_word' id='word_1_273' title='bbox 737 1883 827 1915; x_wconf 89' lang='lat' dir='ltr'><strong>Deus</strong></span> <span class='ocrx_word' id='word_1_274' title='bbox 851 1885 969 1916; x_wconf 79' lang='lat' dir='ltr'><strong>evexit.</strong></span> <span class='ocrx_word' id='word_1_275' title='bbox 1005 1884 1145 1916; x_wconf 87' lang='lat' dir='ltr'><strong>Proinde</strong></span> <span class='ocrx_word' id='word_1_276' title='bbox 1170 1889 1251 1915; x_wconf 89' lang='lat' dir='ltr'><strong>tam-</strong></span> 
     </span>
     <span class='ocr_line' id='line_1_39' title="bbox 278 1927 1248 1968; baseline 0 -10"><span class='ocrx_word' id='word_1_277' title='bbox 278 1928 338 1958; x_wconf 79' lang='lat' dir='ltr'><strong>etsi</strong></span> <span class='ocrx_word' id='word_1_278' title='bbox 367 1927 478 1959; x_wconf 85' lang='lat' dir='ltr'><strong>eadem</strong></span> <span class='ocrx_word' id='word_1_279' title='bbox 508 1927 555 1958; x_wconf 91' lang='lat' dir='ltr'><strong>illi</strong></span> <span class='ocrx_word' id='word_1_280' title='bbox 587 1927 675 1959; x_wconf 89' lang='lat' dir='ltr'><strong>salus</strong></span> <span class='ocrx_word' id='word_1_281' title='bbox 705 1927 764 1959; x_wconf 82' lang='lat' dir='ltr'><strong>fuit</strong></span> <span class='ocrx_word' id='word_1_282' title='bbox 795 1927 965 1968; x_wconf 85' lang='lat' dir='ltr'><strong>promissa,</strong></span> <span class='ocrx_word' id='word_1_283' title='bbox 999 1927 1248 1968; x_wconf 86' lang='lat' dir='ltr'><strong>promissionum</strong></span> 
     </span>
     <span class='ocr_line' id='line_1_40' title="bbox 279 1969 1250 2012; baseline 0.001 -13"><span class='ocrx_word' id='word_1_284' title='bbox 279 1974 387 2001; x_wconf 84' lang='lat' dir='ltr'><strong>tamen</strong></span> <span class='ocrx_word' id='word_1_285' title='bbox 418 1970 608 2008; x_wconf 84' lang='lat' dir='ltr'><strong>claritatem,</strong></span> <span class='ocrx_word' id='word_1_286' title='bbox 640 1980 703 2011; x_wconf 88' lang='lat' dir='ltr'><strong>qua</strong></span> <span class='ocrx_word' id='word_1_287' title='bbox 732 1969 792 2002; x_wconf 87' lang='lat' dir='ltr'><strong>sub</strong></span> <span class='ocrx_word' id='word_1_288' title='bbox 821 1969 944 2002; x_wconf 85' lang='lat' dir='ltr'><strong>Christi</strong></span> <span class='ocrx_word' id='word_1_289' title='bbox 973 1980 1073 2012; x_wconf 88' lang='lat' dir='ltr'><strong>regno</strong></span> <span class='ocrx_word' id='word_1_290' title='bbox 1103 1969 1250 2007; x_wconf 84' lang='lat' dir='ltr'><strong>fruimur,</strong></span> 
     </span>
     <span class='ocr_line' id='line_1_41' title="bbox 279 2012 1250 2053; baseline 0.001 -11"><span class='ocrx_word' id='word_1_291' title='bbox 279 2021 343 2042; x_wconf 89' lang='lat' dir='ltr'><strong>non</strong></span> <span class='ocrx_word' id='word_1_292' title='bbox 376 2012 555 2044; x_wconf 85' lang='lat' dir='ltr'><strong>habebant:</strong></span> <span class='ocrx_word' id='word_1_293' title='bbox 593 2013 649 2045; x_wconf 90' lang='lat' dir='ltr'><strong>sed</strong></span> <span class='ocrx_word' id='word_1_294' title='bbox 683 2013 829 2044; x_wconf 87' lang='lat' dir='ltr'><strong>contenti</strong></span> <span class='ocrx_word' id='word_1_295' title='bbox 864 2013 994 2045; x_wconf 87' lang='lat' dir='ltr'><strong>fuerunt</strong></span> <span class='ocrx_word' id='word_1_296' title='bbox 1032 2023 1102 2044; x_wconf 87' lang='lat' dir='ltr'><strong>eam</strong></span> <span class='ocrx_word' id='word_1_297' title='bbox 1136 2012 1250 2053; x_wconf 89' lang='lat' dir='ltr'><strong>procul</strong></span> 
     </span>
     <span class='ocr_line' id='line_1_42' title="bbox 280 2053 455 2094; baseline 0.006 -10"><span class='ocrx_word' id='word_1_298' title='bbox 280 2053 455 2094; x_wconf 85' lang='lat' dir='ltr'><strong>adspicere.</strong></span> 
     </span>
    </p>

    <p class='ocr_par' dir='ltr' id='par_1_6' title="bbox 281 2096 1253 2694">
     <span class='ocr_line' id='line_1_43' title="bbox 367 2096 1251 2138; baseline 0.001 -10"><span class='ocrx_word' id='word_1_299' title='bbox 367 2096 411 2128; x_wconf 85' lang='lat' dir='ltr'><strong>Et</strong></span> <span class='ocrx_word' id='word_1_300' title='bbox 431 2097 562 2137; x_wconf 75' lang='lat' dir='ltr'><strong>confessi</strong></span> <span class='ocrx_word' id='word_1_301' title='bbox 585 2098 665 2137; x_wconf 77' lang='lat' dir='ltr'><strong>quod</strong></span> <span class='ocrx_word' id='word_1_302' title='bbox 687 2098 831 2138; x_wconf 73' lang='lat' dir='ltr'><strong>hospites.</strong></span> <span class='ocrx_word' id='word_1_303' title='bbox 869 2098 940 2130; x_wconf 87' lang='lat' dir='ltr'><strong>Hoc</strong></span> <span class='ocrx_word' id='word_1_304' title='bbox 963 2098 1058 2130; x_wconf 89' lang='lat' dir='ltr'><strong>Iacob</strong></span> <span class='ocrx_word' id='word_1_305' title='bbox 1081 2099 1251 2131; x_wconf 87' lang='lat' dir='ltr'><strong>confitetur</strong></span> 
     </span>
     <span class='ocr_line' id='line_1_44' title="bbox 281 2139 1250 2182; baseline 0.002 -12"><span class='ocrx_word' id='word_1_306' title='bbox 281 2148 383 2179; x_wconf 91' lang='lat' dir='ltr'><strong>quum</strong></span> <span class='ocrx_word' id='word_1_307' title='bbox 414 2139 578 2171; x_wconf 85' lang='lat' dir='ltr'><strong>Pharaoni</strong></span> <span class='ocrx_word' id='word_1_308' title='bbox 612 2141 784 2181; x_wconf 84' lang='lat' dir='ltr'><strong>respondet</strong></span> <span class='ocrx_word' id='word_1_309' title='bbox 818 2146 947 2182; x_wconf 87' lang='lat' dir='ltr'><strong>tempus</strong></span> <span class='ocrx_word' id='word_1_310' title='bbox 980 2141 1250 2182; x_wconf 80' lang='lat' dir='ltr'><strong>peregrinationis</strong></span> 
     </span>
     <span class='ocr_line' id='line_1_45' title="bbox 281 2181 1250 2225; baseline 0.002 -12"><span class='ocrx_word' id='word_1_311' title='bbox 281 2192 358 2213; x_wconf 88' lang='lat' dir='ltr'><strong>suae</strong></span> <span class='ocrx_word' id='word_1_312' title='bbox 381 2181 479 2213; x_wconf 78' lang='lat' dir='ltr'><strong>breve</strong></span> <span class='ocrx_word' id='word_1_313' title='bbox 504 2181 602 2214; x_wconf 84' lang='lat' dir='ltr'><strong>fuisse</strong></span> <span class='ocrx_word' id='word_1_314' title='bbox 631 2193 708 2223; x_wconf 88' lang='lat' dir='ltr'><strong>prae</strong></span> <span class='ocrx_word' id='word_1_315' title='bbox 731 2188 874 2224; x_wconf 89' lang='lat' dir='ltr'><strong>tempore</strong></span> <span class='ocrx_word' id='word_1_316' title='bbox 904 2184 1174 2225; x_wconf 79' lang='lat' dir='ltr'><strong>peregrinationis</strong></span> <span class='ocrx_word' id='word_1_317' title='bbox 1197 2193 1250 2224; x_wconf 88' lang='lat' dir='ltr'><strong>pa-</strong></span> 
     </span>
     <span class='ocr_line' id='line_1_46' title="bbox 281 2225 1249 2266; baseline 0.003 -11"><span class='ocrx_word' id='word_1_318' title='bbox 281 2229 368 2256; x_wconf 89' lang='lat' dir='ltr'><strong>trum</strong></span> <span class='ocrx_word' id='word_1_319' title='bbox 392 2234 535 2263; x_wconf 90' lang='lat' dir='ltr'><strong>suorum,</strong></span> <span class='ocrx_word' id='word_1_320' title='bbox 566 2225 761 2266; x_wconf 85' lang='lat' dir='ltr'><strong>plenumque</strong></span> <span class='ocrx_word' id='word_1_321' title='bbox 788 2225 900 2258; x_wconf 87' lang='lat' dir='ltr'><strong>multis</strong></span> <span class='ocrx_word' id='word_1_322' title='bbox 923 2227 1098 2265; x_wconf 83' lang='lat' dir='ltr'><strong>aerumnis,</strong></span> <span class='ocrx_word' id='word_1_323' title='bbox 1130 2226 1249 2259; x_wconf 84' lang='lat' dir='ltr'><strong>Genes.</strong></span> 
     </span>
     <span class='ocr_line' id='line_1_47' title="bbox 281 2267 1248 2310; baseline 0.002 -12"><span class='ocrx_word' id='word_1_324' title='bbox 281 2267 332 2304; x_wconf 81' lang='lat'><strong>4⁷,</strong></span> <span class='ocrx_word' id='word_1_325' title='bbox 356 2267 385 2298; x_wconf 87' lang='lat'><strong>9.</strong></span> <span class='ocrx_word' id='word_1_326' title='bbox 429 2267 467 2299; x_wconf 82' lang='lat' dir='ltr'><strong>Si</strong></span> <span class='ocrx_word' id='word_1_327' title='bbox 483 2267 581 2300; x_wconf 89' lang='lat' dir='ltr'><strong>Iacob</strong></span> <span class='ocrx_word' id='word_1_328' title='bbox 604 2268 810 2309; x_wconf 84' lang='lat' dir='ltr'><strong>peregrinum</strong></span> <span class='ocrx_word' id='word_1_329' title='bbox 826 2278 860 2300; x_wconf 94' lang='grc'><strong>00</strong></span> <span class='ocrx_word' id='word_1_330' title='bbox 881 2269 1028 2310; x_wconf 82' lang='lat' dir='ltr'><strong>agnoscit</strong></span> <span class='ocrx_word' id='word_1_331' title='bbox 1049 2270 1083 2300; x_wconf 91' lang='lat' dir='ltr'><strong>in</strong></span> <span class='ocrx_word' id='word_1_332' title='bbox 1099 2279 1137 2301; x_wconf 89' lang='lat' dir='ltr'><strong>ea</strong></span> <span class='ocrx_word' id='word_1_333' title='bbox 1153 2272 1248 2307; x_wconf 87' lang='lat' dir='ltr'><strong>terra,</strong></span> 
     </span>
     <span class='ocr_line' id='line_1_48' title="bbox 282 2309 1250 2353; baseline 0.001 -12"><span class='ocrx_word' id='word_1_334' title='bbox 282 2320 362 2350; x_wconf 84' lang='lat' dir='ltr'><strong>quae</strong></span> <span class='ocrx_word' id='word_1_335' title='bbox 385 2309 432 2341; x_wconf 89' lang='lat' dir='ltr'><strong>illi</strong></span> <span class='ocrx_word' id='word_1_336' title='bbox 457 2311 490 2341; x_wconf 90' lang='lat' dir='ltr'><strong>iu</strong></span> <span class='ocrx_word' id='word_1_337' title='bbox 513 2315 704 2351; x_wconf 84' lang='lat' dir='ltr'><strong>perpetuam</strong></span> <span class='ocrx_word' id='word_1_338' title='bbox 726 2310 958 2343; x_wconf 89' lang='lat' dir='ltr'><strong>haereditatem</strong></span> <span class='ocrx_word' id='word_1_339' title='bbox 985 2312 1143 2353; x_wconf 87' lang='lat' dir='ltr'><strong>promissa</strong></span> <span class='ocrx_word' id='word_1_340' title='bbox 1166 2317 1250 2343; x_wconf 86' lang='lat' dir='ltr'><strong>erat:</strong></span> 
     </span>
     <span class='ocr_line' id='line_1_49' title="bbox 282 2353 1251 2393; baseline 0.002 -9"><span class='ocrx_word' id='word_1_341' title='bbox 282 2353 360 2384; x_wconf 87' lang='lat' dir='ltr'><strong>satis</strong></span> <span class='ocrx_word' id='word_1_342' title='bbox 383 2357 482 2393; x_wconf 85' lang='lat' dir='ltr'><strong>patet,</strong></span> <span class='ocrx_word' id='word_1_343' title='bbox 516 2353 649 2385; x_wconf 89' lang='lat' dir='ltr'><strong>minime</strong></span> <span class='ocrx_word' id='word_1_344' title='bbox 680 2354 713 2384; x_wconf 92' lang='lat' dir='ltr'><strong>in</strong></span> <span class='ocrx_word' id='word_1_345' title='bbox 737 2353 856 2385; x_wconf 88' lang='lat' dir='ltr'><strong>mundo</strong></span> <span class='ocrx_word' id='word_1_346' title='bbox 888 2354 986 2386; x_wconf 83' lang='lat' dir='ltr'><strong>fuisse</strong></span> <span class='ocrx_word' id='word_1_347' title='bbox 1009 2354 1161 2393; x_wconf 84' lang='lat' dir='ltr'><strong>defixum,</strong></span> <span class='ocrx_word' id='word_1_348' title='bbox 1195 2354 1251 2385; x_wconf 87' lang='lat' dir='ltr'><strong>sed</strong></span> 
     </span>
     <span class='ocr_line' id='line_1_50' title="bbox 283 2396 1252 2438; baseline 0.003 -12"><span class='ocrx_word' id='word_1_349' title='bbox 283 2399 425 2427; x_wconf 87' lang='lat' dir='ltr'><strong>mentem</strong></span> <span class='ocrx_word' id='word_1_350' title='bbox 450 2406 548 2437; x_wconf 86' lang='lat' dir='ltr'><strong>supra</strong></span> <span class='ocrx_word' id='word_1_351' title='bbox 571 2396 676 2428; x_wconf 87' lang='lat' dir='ltr'><strong>coelos</strong></span> <span class='ocrx_word' id='word_1_352' title='bbox 699 2396 863 2428; x_wconf 81' lang='lat' dir='ltr'><strong>extulisse.</strong></span> <span class='ocrx_word' id='word_1_353' title='bbox 906 2396 983 2429; x_wconf 90' lang='lat' dir='ltr'><strong>Ideo</strong></span> <span class='ocrx_word' id='word_1_354' title='bbox 1006 2398 1104 2429; x_wconf 81' lang='lat' dir='ltr'><strong>infert</strong></span> <span class='ocrx_word' id='word_1_355' title='bbox 1126 2402 1252 2438; x_wconf 90' lang='lat' dir='ltr'><strong>aposto-</strong></span> 
     </span>
     <span class='ocr_line' id='line_1_51' title="bbox 284 2437 1252 2480; baseline 0.004 -13"><span class='ocrx_word' id='word_1_356' title='bbox 284 2437 344 2478; x_wconf 90' lang='lat' dir='ltr'><strong>lus,</strong></span> <span class='ocrx_word' id='word_1_357' title='bbox 368 2440 487 2479; x_wconf 88' lang='lat' dir='ltr'><strong>patres,</strong></span> <span class='ocrx_word' id='word_1_358' title='bbox 511 2439 557 2469; x_wconf 87' lang='lat' dir='ltr'><strong>ita</strong></span> <span class='ocrx_word' id='word_1_359' title='bbox 578 2438 748 2480; x_wconf 86' lang='lat' dir='ltr'><strong>loquendo,</strong></span> <span class='ocrx_word' id='word_1_360' title='bbox 771 2439 876 2480; x_wconf 89' lang='lat' dir='ltr'><strong>palam</strong></span> <span class='ocrx_word' id='word_1_361' title='bbox 901 2440 1081 2471; x_wconf 86' lang='lat' dir='ltr'><strong>ostendisse</strong></span> <span class='ocrx_word' id='word_1_362' title='bbox 1100 2440 1159 2471; x_wconf 87' lang='lat' dir='ltr'><strong>sibi</strong></span> <span class='ocrx_word' id='word_1_363' title='bbox 1183 2450 1252 2471; x_wconf 90' lang='lat' dir='ltr'><strong>esse</strong></span> 
     </span>
     <span class='ocr_line' id='line_1_52' title="bbox 285 2481 1253 2523; baseline 0.004 -13"><span class='ocrx_word' id='word_1_364' title='bbox 285 2481 451 2512; x_wconf 85' lang='lat' dir='ltr'><strong>meliorem</strong></span> <span class='ocrx_word' id='word_1_365' title='bbox 475 2482 510 2512; x_wconf 91' lang='lat' dir='ltr'><strong>in</strong></span> <span class='ocrx_word' id='word_1_366' title='bbox 533 2481 621 2514; x_wconf 90' lang='lat' dir='ltr'><strong>coelo</strong></span> <span class='ocrx_word' id='word_1_367' title='bbox 645 2482 796 2522; x_wconf 87' lang='lat' dir='ltr'><strong>patriam:</strong></span> <span class='ocrx_word' id='word_1_368' title='bbox 821 2493 895 2513; x_wconf 87' lang='lat' dir='ltr'><strong>nam</strong></span> <span class='ocrx_word' id='word_1_369' title='bbox 920 2482 947 2513; x_wconf 91' lang='lat' dir='ltr'><strong>si</strong></span> <span class='ocrx_word' id='word_1_370' title='bbox 970 2482 1022 2514; x_wconf 88' lang='lat' dir='ltr'><strong>hic</strong></span> <span class='ocrx_word' id='word_1_371' title='bbox 1046 2483 1253 2523; x_wconf 87' lang='lat' dir='ltr'><strong>peregrinan-</strong></span> 
     </span>
     <span class='ocr_line' id='line_1_53' title="bbox 285 2523 1252 2565; baseline 0.003 -12"><span class='ocrx_word' id='word_1_372' title='bbox 285 2528 347 2561; x_wconf 82' lang='lat' dir='ltr'><strong>tur,</strong></span> <span class='ocrx_word' id='word_1_373' title='bbox 371 2523 447 2555; x_wconf 88' lang='lat' dir='ltr'><strong>alibi</strong></span> <span class='ocrx_word' id='word_1_374' title='bbox 470 2524 576 2565; x_wconf 85' lang='lat' dir='ltr'><strong>patria</strong></span> <span class='ocrx_word' id='word_1_375' title='bbox 599 2530 646 2556; x_wconf 87' lang='lat' dir='ltr'><strong>est</strong></span> <span class='ocrx_word' id='word_1_376' title='bbox 665 2534 702 2556; x_wconf 87' lang='lat' dir='ltr'><strong>ac</strong></span> <span class='ocrx_word' id='word_1_377' title='bbox 723 2525 788 2556; x_wconf 86' lang='lat' dir='ltr'><strong>fixa</strong></span> <span class='ocrx_word' id='word_1_378' title='bbox 811 2525 912 2557; x_wconf 91' lang='lat' dir='ltr'><strong>sedes.</strong></span> <span class='ocrx_word' id='word_1_379' title='bbox 948 2524 1042 2564; x_wconf 90' lang='lat' dir='ltr'><strong>Quod</strong></span> <span class='ocrx_word' id='word_1_380' title='bbox 1060 2526 1086 2556; x_wconf 90' lang='lat' dir='ltr'><strong>si</strong></span> <span class='ocrx_word' id='word_1_381' title='bbox 1105 2525 1151 2556; x_wconf 92' lang='lat' dir='ltr'><strong>illi</strong></span> <span class='ocrx_word' id='word_1_382' title='bbox 1168 2526 1252 2557; x_wconf 89' lang='lat' dir='ltr'><strong>inter</strong></span> 
     </span>
     <span class='ocr_line' id='line_1_54' title="bbox 286 2565 1253 2609; baseline 0.004 -13"><span class='ocrx_word' id='word_1_383' title='bbox 286 2565 440 2598; x_wconf 85' lang='lat' dir='ltr'><strong>obscuras</strong></span> <span class='ocrx_word' id='word_1_384' title='bbox 463 2566 564 2599; x_wconf 88' lang='lat' dir='ltr'><strong>nubes</strong></span> <span class='ocrx_word' id='word_1_385' title='bbox 591 2567 624 2598; x_wconf 92' lang='lat' dir='ltr'><strong>in</strong></span> <span class='ocrx_word' id='word_1_386' title='bbox 648 2567 818 2600; x_wconf 89' lang='lat' dir='ltr'><strong>coelestem</strong></span> <span class='ocrx_word' id='word_1_387' title='bbox 842 2567 981 2609; x_wconf 88' lang='lat' dir='ltr'><strong>patriam</strong></span> <span class='ocrx_word' id='word_1_388' title='bbox 1009 2568 1126 2600; x_wconf 89' lang='lat' dir='ltr'><strong>animis</strong></span> <span class='ocrx_word' id='word_1_389' title='bbox 1149 2567 1253 2600; x_wconf 86' lang='lat' dir='ltr'><strong>evola-</strong></span> 
     </span>
     <span class='ocr_line' id='line_1_55' title="bbox 284 2608 1252 2651; baseline 0.004 -13"><span class='ocrx_word' id='word_1_390' title='bbox 284 2614 371 2648; x_wconf 88' lang='lat' dir='ltr'><strong>runt,</strong></span> <span class='ocrx_word' id='word_1_391' title='bbox 406 2608 481 2649; x_wconf 89' lang='lat' dir='ltr'><strong>quid</strong></span> <span class='ocrx_word' id='word_1_392' title='bbox 515 2609 608 2641; x_wconf 87' lang='lat' dir='ltr'><strong>hodie</strong></span> <span class='ocrx_word' id='word_1_393' title='bbox 643 2609 732 2642; x_wconf 88' lang='lat' dir='ltr'><strong>nobis</strong></span> <span class='ocrx_word' id='word_1_394' title='bbox 767 2610 927 2651; x_wconf 85' lang='lat' dir='ltr'><strong>agendum</strong></span> <span class='ocrx_word' id='word_1_395' title='bbox 961 2610 1031 2642; x_wconf 80' lang='lat' dir='ltr'><strong>est?</strong></span> <span class='ocrx_word' id='word_1_396' title='bbox 1078 2610 1206 2650; x_wconf 82' lang='lat' dir='ltr'><strong>Quibus</strong></span> <span class='ocrx_word' id='word_1_397' title='bbox 1235 2622 1252 2642; x_wconf 92' lang='lat' dir='ltr'><strong>e</strong></span> 
     </span>
     <span class='ocr_line' id='line_1_56' title="bbox 285 2651 1251 2694; baseline 0.003 -12"><span class='ocrx_word' id='word_1_398' title='bbox 285 2651 373 2683; x_wconf 84' lang='grc'>00010</span> <span class='ocrx_word' id='word_1_399' title='bbox 396 2652 600 2692; x_wconf 79' lang='lat' dir='ltr'><strong>conspicuam</strong></span> <span class='ocrx_word' id='word_1_400' title='bbox 625 2663 752 2685; x_wconf 87' lang='lat' dir='ltr'><strong>manum</strong></span> <span class='ocrx_word' id='word_1_401' title='bbox 779 2653 931 2685; x_wconf 86' lang='lat' dir='ltr'><strong>Christus</strong></span> <span class='ocrx_word' id='word_1_402' title='bbox 954 2654 1098 2694; x_wconf 86' lang='lat' dir='ltr'><strong>porrigit,</strong></span> <span class='ocrx_word' id='word_1_403' title='bbox 1135 2661 1171 2685; x_wconf 90' lang='lat' dir='ltr'><strong>ut</strong></span> <span class='ocrx_word' id='word_1_404' title='bbox 1194 2663 1251 2685; x_wconf 90' lang='lat' dir='ltr'><strong>nos</strong></span> 
     </span>
    </p>
   </div>
   <div class='ocr_carea' id='block_1_6' title="bbox 1273 709 1279 2007">
    <p class='ocr_par' dir='ltr' id='par_1_7' title="bbox 1273 709 1279 2007">
     <span class='ocr_line' id='line_1_57' title="bbox 1273 709 1279 2007; baseline 0 0"><span class='ocrx_word' id='word_1_405' title='bbox 1273 709 1279 2007; x_wconf 95' lang='lat' dir='ltr'><strong> </strong></span> 
     </span>
    </p>
   </div>
   <div class='ocr_carea' id='block_1_7' title="bbox 1299 299 2273 1444">
    <p class='ocr_par' dir='ltr' id='par_1_8' title="bbox 1299 299 2267 418">
     <span class='ocr_line' id='line_1_58' title="bbox 1299 299 2265 339; baseline 0.002 -8"><span class='ocrx_word' id='word_1_406' title='bbox 1299 310 1408 332; x_wconf 89' lang='lat' dir='ltr'><strong>secum</strong></span> <span class='ocrx_word' id='word_1_407' title='bbox 1427 300 1574 332; x_wconf 73' lang='lat' dir='ltr'><strong>attollat?</strong></span> <span class='ocrx_word' id='word_1_408' title='bbox 1610 302 1643 332; x_wconf 73' lang='lat' dir='ltr'><strong>Si</strong></span> <span class='ocrx_word' id='word_1_409' title='bbox 1665 301 1734 331; x_wconf 82' lang='lat' dir='ltr'><strong>illos</strong></span> <span class='ocrx_word' id='word_1_410' title='bbox 1757 310 1818 331; x_wconf 84' lang='lat' dir='ltr'><strong>non</strong></span> <span class='ocrx_word' id='word_1_411' title='bbox 1840 299 1976 331; x_wconf 83' lang='lat' dir='ltr'><strong>detinuit</strong></span> <span class='ocrx_word' id='word_1_412' title='bbox 1994 303 2080 332; x_wconf 84' lang='lat' dir='ltr'><strong>terra</strong></span> <span class='ocrx_word' id='word_1_413' title='bbox 2096 300 2265 339; x_wconf 80' lang='lat' dir='ltr'><strong>Chanaan,</strong></span> 
     </span>
     <span class='ocr_line' id='line_1_59' title="bbox 1299 342 2267 384; baseline 0.001 -10"><span class='ocrx_word' id='word_1_414' title='bbox 1299 348 1419 383; x_wconf 85' lang='lat' dir='ltr'><strong>quanto</strong></span> <span class='ocrx_word' id='word_1_415' title='bbox 1443 344 1545 383; x_wconf 83' lang='lat' dir='ltr'><strong>magis</strong></span> <span class='ocrx_word' id='word_1_416' title='bbox 1575 344 1715 384; x_wconf 83' lang='lat' dir='ltr'><strong>expediti</strong></span> <span class='ocrx_word' id='word_1_417' title='bbox 1738 354 1806 375; x_wconf 81' lang='lat' dir='ltr'><strong>osec</strong></span> <span class='ocrx_word' id='word_1_418' title='bbox 1835 342 1995 381; x_wconf 83' lang='lat' dir='ltr'><strong>debemus,</strong></span> <span class='ocrx_word' id='word_1_419' title='bbox 2030 343 2144 383; x_wconf 84' lang='lat' dir='ltr'><strong>quibus</strong></span> <span class='ocrx_word' id='word_1_420' title='bbox 2178 343 2267 376; x_wconf 87' lang='lat' dir='ltr'><strong>nulla</strong></span> 
     </span>
     <span class='ocr_line' id='line_1_60' title="bbox 1299 385 1927 418; baseline -0.002 -1"><span class='ocrx_word' id='word_1_421' title='bbox 1299 386 1477 417; x_wconf 86' lang='lat' dir='ltr'><strong>ostenditur</strong></span> <span class='ocrx_word' id='word_1_422' title='bbox 1500 391 1587 418; x_wconf 82' lang='lat' dir='ltr'><strong>certa</strong></span> <span class='ocrx_word' id='word_1_423' title='bbox 1609 387 1703 418; x_wconf 83' lang='lat' dir='ltr'><strong>statio</strong></span> <span class='ocrx_word' id='word_1_424' title='bbox 1727 387 1758 416; x_wconf 93' lang='lat' dir='ltr'><strong>in</strong></span> <span class='ocrx_word' id='word_1_425' title='bbox 1784 385 1927 417; x_wconf 85' lang='lat' dir='ltr'><strong>mundo?</strong></span> 
     </span>
    </p>

    <p class='ocr_par' dir='ltr' id='par_1_9' title="bbox 1300 428 2268 812">
     <span class='ocr_line' id='line_1_61' title="bbox 1386 428 2265 469; baseline -0.001 -9"><span class='ocrx_word' id='word_1_426' title='bbox 1386 429 1435 460; x_wconf 80' lang='lat'><strong>15.</strong></span> <span class='ocrx_word' id='word_1_427' title='bbox 1461 428 1497 460; x_wconf 87' lang='lat' dir='ltr'><strong>Si</strong></span> <span class='ocrx_word' id='word_1_428' title='bbox 1518 429 1640 469; x_wconf 79' lang='lat' dir='ltr'><strong>quidem</strong></span> <span class='ocrx_word' id='word_1_429' title='bbox 1662 430 1750 461; x_wconf 88' lang='lat' dir='ltr'><strong>illius</strong></span> <span class='ocrx_word' id='word_1_430' title='bbox 1772 428 1988 460; x_wconf 74' lang='lat' dir='ltr'><strong>meminissent.</strong></span> <span class='ocrx_word' id='word_1_431' title='bbox 2024 428 2198 460; x_wconf 82' lang='lat' dir='ltr'><strong>Praevenit</strong></span> <span class='ocrx_word' id='word_1_432' title='bbox 2215 429 2265 459; x_wconf 81' lang='lat' dir='ltr'><strong>ob·</strong></span> 
     </span>
     <span class='ocr_line' id='line_1_62' title="bbox 1300 471 2267 512; baseline 0 -10"><span class='ocrx_word' id='word_1_433' title='bbox 1300 471 1470 503; x_wconf 88' lang='lat' dir='ltr'><strong>iectionem</strong></span> <span class='ocrx_word' id='word_1_434' title='bbox 1495 482 1575 512; x_wconf 86' lang='lat' dir='ltr'><strong>quae</strong></span> <span class='ocrx_word' id='word_1_435' title='bbox 1598 477 1713 504; x_wconf 84' lang='lat' dir='ltr'><strong>contra</strong></span> <span class='ocrx_word' id='word_1_436' title='bbox 1742 474 1860 512; x_wconf 85' lang='lat' dir='ltr'><strong>opponi</strong></span> <span class='ocrx_word' id='word_1_437' title='bbox 1884 475 2023 511; x_wconf 83' lang='lat' dir='ltr'><strong>poterat:</strong></span> <span class='ocrx_word' id='word_1_438' title='bbox 2057 481 2172 512; x_wconf 88' lang='lat' dir='ltr'><strong>nempe</strong></span> <span class='ocrx_word' id='word_1_439' title='bbox 2196 471 2267 503; x_wconf 85' lang='lat' dir='ltr'><strong>illos</strong></span> 
     </span>
     <span class='ocr_line' id='line_1_63' title="bbox 1301 513 2268 555; baseline -0.001 -10"><span class='ocrx_word' id='word_1_440' title='bbox 1301 514 1398 546; x_wconf 86' lang='lat' dir='ltr'><strong>fuisse</strong></span> <span class='ocrx_word' id='word_1_441' title='bbox 1421 514 1627 555; x_wconf 83' lang='lat' dir='ltr'><strong>alienigenas,</strong></span> <span class='ocrx_word' id='word_1_442' title='bbox 1651 515 1704 555; x_wconf 91' lang='lat' dir='ltr'><strong>qui</strong></span> <span class='ocrx_word' id='word_1_443' title='bbox 1724 515 1861 555; x_wconf 73' lang='lat' dir='ltr'><strong>patriam</strong></span> <span class='ocrx_word' id='word_1_444' title='bbox 1885 513 2098 554; x_wconf 84' lang='lat' dir='ltr'><strong>reliquissent.</strong></span> <span class='ocrx_word' id='word_1_445' title='bbox 2137 514 2268 554; x_wconf 83' lang='lat' dir='ltr'><strong>Excipit</strong></span> 
     </span>
     <span class='ocr_line' id='line_1_64' title="bbox 1301 556 2267 598; baseline -0.001 -10"><span class='ocrx_word' id='word_1_446' title='bbox 1301 557 1475 598; x_wconf 86' lang='lat' dir='ltr'><strong>apostolus,</strong></span> <span class='ocrx_word' id='word_1_447' title='bbox 1505 567 1604 597; x_wconf 90' lang='lat' dir='ltr'><strong>quum</strong></span> <span class='ocrx_word' id='word_1_448' title='bbox 1634 568 1667 588; x_wconf 86' lang='lat' dir='ltr'><strong>so</strong></span> <span class='ocrx_word' id='word_1_449' title='bbox 1690 558 1876 598; x_wconf 86' lang='lat' dir='ltr'><strong>peregrinos</strong></span> <span class='ocrx_word' id='word_1_450' title='bbox 1900 556 2067 593; x_wconf 82' lang='lat' dir='ltr'><strong>vocabant,</strong></span> <span class='ocrx_word' id='word_1_451' title='bbox 2098 556 2136 588; x_wconf 89' lang='lat' dir='ltr'><strong>de</strong></span> <span class='ocrx_word' id='word_1_452' title='bbox 2160 556 2267 589; x_wconf 90' lang='lat' dir='ltr'><strong>Meso-</strong></span> 
     </span>
     <span class='ocr_line' id='line_1_65' title="bbox 1301 599 2268 640; baseline -0.001 -9"><span class='ocrx_word' id='word_1_453' title='bbox 1301 601 1442 640; x_wconf 81' lang='lat' dir='ltr'><strong>potamia</strong></span> <span class='ocrx_word' id='word_1_454' title='bbox 1464 609 1530 631; x_wconf 90' lang='lat' dir='ltr'><strong>non</strong></span> <span class='ocrx_word' id='word_1_455' title='bbox 1560 599 1732 640; x_wconf 86' lang='lat' dir='ltr'><strong>cogitasse:</strong></span> <span class='ocrx_word' id='word_1_456' title='bbox 1767 600 1840 640; x_wconf 88' lang='lat' dir='ltr'><strong>quia</strong></span> <span class='ocrx_word' id='word_1_457' title='bbox 1870 600 1896 630; x_wconf 92' lang='lat' dir='ltr'><strong>si</strong></span> <span class='ocrx_word' id='word_1_458' title='bbox 1927 600 1995 630; x_wconf 86' lang='lat' dir='ltr'><strong>eius</strong></span> <span class='ocrx_word' id='word_1_459' title='bbox 2026 599 2101 630; x_wconf 86' lang='lat' dir='ltr'><strong>tacti</strong></span> <span class='ocrx_word' id='word_1_460' title='bbox 2132 599 2268 632; x_wconf 86' lang='lat' dir='ltr'><strong>fuissent</strong></span> 
     </span>
     <span class='ocr_line' id='line_1_66' title="bbox 1302 642 2267 683; baseline -0.001 -9"><span class='ocrx_word' id='word_1_461' title='bbox 1302 642 1477 680; x_wconf 86' lang='lat' dir='ltr'><strong>desiderio,</strong></span> <span class='ocrx_word' id='word_1_462' title='bbox 1515 642 1676 682; x_wconf 84' lang='lat' dir='ltr'><strong>integrum</strong></span> <span class='ocrx_word' id='word_1_463' title='bbox 1711 642 1774 673; x_wconf 90' lang='lat' dir='ltr'><strong>illis</strong></span> <span class='ocrx_word' id='word_1_464' title='bbox 1809 647 1877 674; x_wconf 90' lang='lat' dir='ltr'><strong>erat</strong></span> <span class='ocrx_word' id='word_1_465' title='bbox 1911 652 1947 673; x_wconf 86' lang='lat' dir='ltr'><strong>co</strong></span> <span class='ocrx_word' id='word_1_466' title='bbox 1981 642 2108 673; x_wconf 88' lang='lat' dir='ltr'><strong>reverti.</strong></span> <span class='ocrx_word' id='word_1_467' title='bbox 2168 643 2267 683; x_wconf 87' lang='lat' dir='ltr'><strong>Atqui</strong></span> 
     </span>
     <span class='ocr_line' id='line_1_67' title="bbox 1301 684 2267 725; baseline 0 -9"><span class='ocrx_word' id='word_1_468' title='bbox 1301 690 1416 725; x_wconf 86' lang='lat' dir='ltr'><strong>sponte</strong></span> <span class='ocrx_word' id='word_1_469' title='bbox 1447 684 1487 716; x_wconf 82' lang='lat' dir='ltr'><strong>ab</strong></span> <span class='ocrx_word' id='word_1_470' title='bbox 1516 694 1552 715; x_wconf 85' lang='lat' dir='ltr'><strong>ea</strong></span> <span class='ocrx_word' id='word_1_471' title='bbox 1583 684 1742 723; x_wconf 83' lang='lat' dir='ltr'><strong>exsulant,</strong></span> <span class='ocrx_word' id='word_1_472' title='bbox 1778 686 1841 716; x_wconf 93' lang='lat' dir='ltr'><strong>imo</strong></span> <span class='ocrx_word' id='word_1_473' title='bbox 1869 695 1939 717; x_wconf 89' lang='lat' dir='ltr'><strong>eam</strong></span> <span class='ocrx_word' id='word_1_474' title='bbox 1971 685 2143 725; x_wconf 82' lang='lat' dir='ltr'><strong>abnegant,</strong></span> <span class='ocrx_word' id='word_1_475' title='bbox 2177 685 2267 725; x_wconf 85' lang='lat' dir='ltr'><strong>quasi</strong></span> 
     </span>
     <span class='ocr_line' id='line_1_68' title="bbox 1302 727 2267 769; baseline -0.001 -10"><span class='ocrx_word' id='word_1_476' title='bbox 1302 728 1384 759; x_wconf 89' lang='lat' dir='ltr'><strong>nihil</strong></span> <span class='ocrx_word' id='word_1_477' title='bbox 1415 727 1453 758; x_wconf 90' lang='lat' dir='ltr'><strong>ad</strong></span> <span class='ocrx_word' id='word_1_478' title='bbox 1487 737 1521 759; x_wconf 88' lang='lat' dir='ltr'><strong>se</strong></span> <span class='ocrx_word' id='word_1_479' title='bbox 1552 727 1722 767; x_wconf 85' lang='lat' dir='ltr'><strong>pertineat.</strong></span> <span class='ocrx_word' id='word_1_480' title='bbox 1768 728 1876 759; x_wconf 82' lang='lat' dir='ltr'><strong>Aliam</strong></span> <span class='ocrx_word' id='word_1_481' title='bbox 1910 728 2009 769; x_wconf 86' lang='lat' dir='ltr'><strong>igitur</strong></span> <span class='ocrx_word' id='word_1_482' title='bbox 2043 727 2179 768; x_wconf 88' lang='lat' dir='ltr'><strong>patriam</strong></span> <span class='ocrx_word' id='word_1_483' title='bbox 2215 727 2267 759; x_wconf 91' lang='lat' dir='ltr'><strong>de-</strong></span> 
     </span>
     <span class='ocr_line' id='line_1_69' title="bbox 1301 769 1914 812; baseline -0.002 -10"><span class='ocrx_word' id='word_1_484' title='bbox 1301 771 1442 812; x_wconf 84' lang='lat' dir='ltr'><strong>signant,</strong></span> <span class='ocrx_word' id='word_1_485' title='bbox 1465 779 1546 809; x_wconf 85' lang='lat' dir='ltr'><strong>quae</strong></span> <span class='ocrx_word' id='word_1_486' title='bbox 1569 769 1611 800; x_wconf 87' lang='lat' dir='ltr'><strong>sit</strong></span> <span class='ocrx_word' id='word_1_487' title='bbox 1633 773 1726 801; x_wconf 80' lang='lat' dir='ltr'><strong>extra</strong></span> <span class='ocrx_word' id='word_1_488' title='bbox 1748 770 1914 802; x_wconf 91' lang='lat' dir='ltr'><strong>mundum.</strong></span> 
     </span>
    </p>

    <p class='ocr_par' dir='ltr' id='par_1_10' title="bbox 1300 812 2273 1444">
     <span class='ocr_line' id='line_1_70' title="bbox 1390 812 2271 854; baseline 0 -11"><span class='ocrx_word' id='word_1_489' title='bbox 1390 813 1438 843; x_wconf 85' lang='lat'><strong>16.</strong></span> <span class='ocrx_word' id='word_1_490' title='bbox 1467 812 1570 852; x_wconf 76' lang='lat' dir='ltr'><strong>Quare</strong></span> <span class='ocrx_word' id='word_1_491' title='bbox 1591 822 1652 842; x_wconf 87' lang='lat' dir='ltr'><strong>non</strong></span> <span class='ocrx_word' id='word_1_492' title='bbox 1673 812 1827 845; x_wconf 81' lang='lat' dir='ltr'><strong>erubescit.</strong></span> <span class='ocrx_word' id='word_1_493' title='bbox 1857 813 2002 854; x_wconf 85' lang='lat' dir='ltr'><strong>Respicit</strong></span> <span class='ocrx_word' id='word_1_494' title='bbox 2025 813 2064 844; x_wconf 87' lang='lat' dir='ltr'><strong>ad</strong></span> <span class='ocrx_word' id='word_1_495' title='bbox 2088 812 2176 844; x_wconf 86' lang='lat' dir='ltr'><strong>illam</strong></span> <span class='ocrx_word' id='word_1_496' title='bbox 2200 822 2271 844; x_wconf 88' lang='lat' dir='ltr'><strong>sen-</strong></span> 
     </span>
     <span class='ocr_line' id='line_1_71' title="bbox 1301 855 2270 896; baseline 0 -10"><span class='ocrx_word' id='word_1_497' title='bbox 1301 856 1450 887; x_wconf 82' lang='lat' dir='ltr'><strong>tentiam:</strong></span> <span class='ocrx_word' id='word_1_498' title='bbox 1486 855 1558 895; x_wconf 81' lang='lat' dir='ltr'><strong>Ego</strong></span> <span class='ocrx_word' id='word_1_499' title='bbox 1585 864 1656 886; x_wconf 87' lang='lat' dir='ltr'><strong>sum</strong></span> <span class='ocrx_word' id='word_1_500' title='bbox 1682 855 1771 886; x_wconf 92' lang='lat' dir='ltr'><strong>Deus</strong></span> <span class='ocrx_word' id='word_1_501' title='bbox 1794 855 1954 896; x_wconf 90' lang='lat' dir='ltr'><strong>Abrahae,</strong></span> <span class='ocrx_word' id='word_1_502' title='bbox 1988 855 2078 887; x_wconf 88' lang='lat' dir='ltr'><strong>Deus</strong></span> <span class='ocrx_word' id='word_1_503' title='bbox 2102 855 2202 893; x_wconf 84' lang='lat' dir='ltr'><strong>Isaac,</strong></span> <span class='ocrx_word' id='word_1_504' title='bbox 2238 860 2270 886; x_wconf 90' lang='lat' dir='ltr'><strong>et</strong></span> 
     </span>
     <span class='ocr_line' id='line_1_72' title="bbox 1300 897 2273 939; baseline 0 -10"><span class='ocrx_word' id='word_1_505' title='bbox 1300 898 1392 929; x_wconf 87' lang='lat' dir='ltr'><strong>Deus</strong></span> <span class='ocrx_word' id='word_1_506' title='bbox 1416 897 1521 929; x_wconf 89' lang='lat' dir='ltr'><strong>Iacob.</strong></span> <span class='ocrx_word' id='word_1_507' title='bbox 1575 897 1682 929; x_wconf 89' lang='lat' dir='ltr'><strong>Rarus</strong></span> <span class='ocrx_word' id='word_1_508' title='bbox 1705 897 1757 929; x_wconf 90' lang='lat' dir='ltr'><strong>hic</strong></span> <span class='ocrx_word' id='word_1_509' title='bbox 1791 898 1904 936; x_wconf 89' lang='lat' dir='ltr'><strong>honor,</strong></span> <span class='ocrx_word' id='word_1_510' title='bbox 1934 908 2030 939; x_wconf 87' lang='lat' dir='ltr'><strong>quum</strong></span> <span class='ocrx_word' id='word_1_511' title='bbox 2057 899 2216 930; x_wconf 90' lang='lat' dir='ltr'><strong>Dominus</strong></span> <span class='ocrx_word' id='word_1_512' title='bbox 2239 909 2273 930; x_wconf 89' lang='lat' dir='ltr'><strong>se</strong></span> 
     </span>
     <span class='ocr_line' id='line_1_73' title="bbox 1301 940 2273 980; baseline 0.001 -9"><span class='ocrx_word' id='word_1_513' title='bbox 1301 941 1470 971; x_wconf 78' lang='lat' dir='ltr'><strong>hominum</strong></span> <span class='ocrx_word' id='word_1_514' title='bbox 1506 940 1689 971; x_wconf 89' lang='lat' dir='ltr'><strong>nominibus</strong></span> <span class='ocrx_word' id='word_1_515' title='bbox 1721 940 1863 980; x_wconf 82' lang='lat' dir='ltr'><strong>insignit,</strong></span> <span class='ocrx_word' id='word_1_516' title='bbox 1899 945 1930 971; x_wconf 86' lang='lat' dir='ltr'><strong>et</strong></span> <span class='ocrx_word' id='word_1_517' title='bbox 1965 941 2025 973; x_wconf 91' lang='lat' dir='ltr'><strong>hac</strong></span> <span class='ocrx_word' id='word_1_518' title='bbox 2059 941 2160 972; x_wconf 87' lang='lat' dir='ltr'><strong>veluti</strong></span> <span class='ocrx_word' id='word_1_519' title='bbox 2195 946 2273 972; x_wconf 87' lang='lat' dir='ltr'><strong>nota</strong></span> 
     </span>
     <span class='ocr_line' id='line_1_74' title="bbox 1301 982 2270 1025; baseline 0 -11"><span class='ocrx_word' id='word_1_520' title='bbox 1301 983 1440 1015; x_wconf 89' lang='lat' dir='ltr'><strong>discerni</strong></span> <span class='ocrx_word' id='word_1_521' title='bbox 1465 983 1533 1013; x_wconf 91' lang='lat' dir='ltr'><strong>vult</strong></span> <span class='ocrx_word' id='word_1_522' title='bbox 1556 983 1595 1014; x_wconf 90' lang='lat' dir='ltr'><strong>ab</strong></span> <span class='ocrx_word' id='word_1_523' title='bbox 1613 982 1713 1013; x_wconf 86' lang='lat' dir='ltr'><strong>idolis.</strong></span> <span class='ocrx_word' id='word_1_524' title='bbox 1750 982 1844 1014; x_wconf 89' lang='lat' dir='ltr'><strong>Hanc</strong></span> <span class='ocrx_word' id='word_1_525' title='bbox 1859 992 1987 1023; x_wconf 89' lang='lat' dir='ltr'><strong>quoque</strong></span> <span class='ocrx_word' id='word_1_526' title='bbox 2013 984 2270 1025; x_wconf 87' lang='lat' dir='ltr'><strong>praerogativam</strong></span> 
     </span>
     <span class='ocr_line' id='line_1_75' title="bbox 1301 1025 2271 1066; baseline 0 -9"><span class='ocrx_word' id='word_1_527' title='bbox 1301 1025 1466 1066; x_wconf 89' lang='lat' dir='ltr'><strong>apostolus</strong></span> <span class='ocrx_word' id='word_1_528' title='bbox 1489 1025 1550 1056; x_wconf 86' lang='lat' dir='ltr'><strong>fide</strong></span> <span class='ocrx_word' id='word_1_529' title='bbox 1579 1026 1637 1056; x_wconf 88' lang='lat' dir='ltr'><strong>niti</strong></span> <span class='ocrx_word' id='word_1_530' title='bbox 1669 1025 1774 1057; x_wconf 87' lang='lat' dir='ltr'><strong>docet:</strong></span> <span class='ocrx_word' id='word_1_531' title='bbox 1806 1025 1880 1065; x_wconf 87' lang='lat' dir='ltr'><strong>quia</strong></span> <span class='ocrx_word' id='word_1_532' title='bbox 1909 1036 2006 1066; x_wconf 89' lang='lat' dir='ltr'><strong>quum</strong></span> <span class='ocrx_word' id='word_1_533' title='bbox 2030 1027 2132 1058; x_wconf 83' lang='lat' dir='ltr'><strong>sancti</strong></span> <span class='ocrx_word' id='word_1_534' title='bbox 2156 1027 2271 1058; x_wconf 83' lang='lat' dir='ltr'><strong>Patres</strong></span> 
     </span>
     <span class='ocr_line' id='line_1_76' title="bbox 1301 1067 2269 1108; baseline 0 -8"><span class='ocrx_word' id='word_1_535' title='bbox 1301 1068 1340 1100; x_wconf 84' lang='lat' dir='ltr'><strong>ad</strong></span> <span class='ocrx_word' id='word_1_536' title='bbox 1364 1068 1533 1100; x_wconf 84' lang='lat' dir='ltr'><strong>coelest-em</strong></span> <span class='ocrx_word' id='word_1_537' title='bbox 1565 1069 1701 1107; x_wconf 85' lang='lat' dir='ltr'><strong>patriam</strong></span> <span class='ocrx_word' id='word_1_538' title='bbox 1731 1067 1978 1108; x_wconf 86' lang='lat' dir='ltr'><strong>adspiraverint,</strong></span> <span class='ocrx_word' id='word_1_539' title='bbox 2013 1068 2104 1099; x_wconf 86' lang='lat' dir='ltr'><strong>Deus</strong></span> <span class='ocrx_word' id='word_1_540' title='bbox 2128 1069 2269 1101; x_wconf 84' lang='lat' dir='ltr'><strong>vicissim</strong></span> 
     </span>
     <span class='ocr_line' id='line_1_77' title="bbox 1300 1110 2272 1143; baseline 0 0"><span class='ocrx_word' id='word_1_541' title='bbox 1300 1122 1434 1143; x_wconf 87' lang='lat' dir='ltr'><strong>suorum</strong></span> <span class='ocrx_word' id='word_1_542' title='bbox 1457 1111 1577 1143; x_wconf 90' lang='lat' dir='ltr'><strong>civium</strong></span> <span class='ocrx_word' id='word_1_543' title='bbox 1601 1111 1713 1142; x_wconf 90' lang='lat' dir='ltr'><strong>ordine</strong></span> <span class='ocrx_word' id='word_1_544' title='bbox 1743 1110 1813 1141; x_wconf 88' lang='lat' dir='ltr'><strong>illos</strong></span> <span class='ocrx_word' id='word_1_545' title='bbox 1838 1116 1976 1142; x_wconf 83' lang='lat' dir='ltr'><strong>censeat.</strong></span> <span class='ocrx_word' id='word_1_546' title='bbox 2022 1110 2088 1142; x_wconf 81' lang='lat' dir='ltr'><strong>Sed</strong></span> <span class='ocrx_word' id='word_1_547' title='bbox 2112 1111 2188 1143; x_wconf 89' lang='lat' dir='ltr'><strong>hinc</strong></span> <span class='ocrx_word' id='word_1_548' title='bbox 2211 1111 2272 1143; x_wconf 92' lang='lat' dir='ltr'><strong>col—</strong></span> 
     </span>
     <span class='ocr_line' id='line_1_78' title="bbox 1300 1153 2272 1195; baseline -0.001 -9"><span class='ocrx_word' id='word_1_549' title='bbox 1300 1154 1468 1195; x_wconf 89' lang='lat' dir='ltr'><strong>ligendum</strong></span> <span class='ocrx_word' id='word_1_550' title='bbox 1492 1159 1550 1193; x_wconf 87' lang='lat' dir='ltr'><strong>est,</strong></span> <span class='ocrx_word' id='word_1_551' title='bbox 1574 1154 1666 1185; x_wconf 90' lang='lat' dir='ltr'><strong>nobis</strong></span> <span class='ocrx_word' id='word_1_552' title='bbox 1685 1154 1769 1185; x_wconf 86' lang='lat' dir='ltr'><strong>inter</strong></span> <span class='ocrx_word' id='word_1_553' title='bbox 1804 1153 1887 1184; x_wconf 73' lang='lat' dir='ltr'><strong>filios</strong></span> <span class='ocrx_word' id='word_1_554' title='bbox 1905 1154 1965 1184; x_wconf 88' lang='lat' dir='ltr'><strong>Dei</strong></span> <span class='ocrx_word' id='word_1_555' title='bbox 1988 1154 2090 1185; x_wconf 89' lang='lat' dir='ltr'><strong>locum</strong></span> <span class='ocrx_word' id='word_1_556' title='bbox 2111 1164 2177 1185; x_wconf 93' lang='lat' dir='ltr'><strong>non</strong></span> <span class='ocrx_word' id='word_1_557' title='bbox 2193 1154 2272 1191; x_wconf 83' lang='lat' dir='ltr'><strong>fore,</strong></span> 
     </span>
     <span class='ocr_line' id='line_1_79' title="bbox 1301 1196 2272 1228; baseline 0 0"><span class='ocrx_word' id='word_1_558' title='bbox 1301 1198 1363 1228; x_wconf 87' lang='lat' dir='ltr'><strong>nisi</strong></span> <span class='ocrx_word' id='word_1_559' title='bbox 1394 1196 1514 1228; x_wconf 89' lang='lat' dir='ltr'><strong>mundo</strong></span> <span class='ocrx_word' id='word_1_560' title='bbox 1544 1197 1785 1228; x_wconf 86' lang='lat' dir='ltr'><strong>renuntiemus:</strong></span> <span class='ocrx_word' id='word_1_561' title='bbox 1818 1206 1876 1227; x_wconf 83' lang='lat' dir='ltr'><strong>nec</strong></span> <span class='ocrx_word' id='word_1_562' title='bbox 1904 1197 1970 1227; x_wconf 85' lang='lat' dir='ltr'><strong>fore</strong></span> <span class='ocrx_word' id='word_1_563' title='bbox 2001 1197 2091 1228; x_wconf 90' lang='lat' dir='ltr'><strong>nobis</strong></span> <span class='ocrx_word' id='word_1_564' title='bbox 2121 1197 2154 1227; x_wconf 91' lang='lat' dir='ltr'><strong>in</strong></span> <span class='ocrx_word' id='word_1_565' title='bbox 2184 1196 2272 1228; x_wconf 90' lang='lat' dir='ltr'><strong>coelo</strong></span> 
     </span>
     <span class='ocr_line' id='line_1_80' title="bbox 1302 1239 2270 1281; baseline -0.002 -9"><span class='ocrx_word' id='word_1_566' title='bbox 1302 1240 1545 1279; x_wconf 86' lang='lat' dir='ltr'><strong>haereditatem,</strong></span> <span class='ocrx_word' id='word_1_567' title='bbox 1567 1239 1630 1271; x_wconf 89' lang='lat' dir='ltr'><strong>nisi</strong></span> <span class='ocrx_word' id='word_1_568' title='bbox 1649 1240 1895 1281; x_wconf 83' lang='lat' dir='ltr'><strong>peregrinemur</strong></span> <span class='ocrx_word' id='word_1_569' title='bbox 1914 1240 1947 1270; x_wconf 92' lang='lat' dir='ltr'><strong>in</strong></span> <span class='ocrx_word' id='word_1_570' title='bbox 1965 1243 2060 1270; x_wconf 91' lang='lat' dir='ltr'><strong>terra.</strong></span> <span class='ocrx_word' id='word_1_571' title='bbox 2096 1239 2270 1271; x_wconf 87' lang='lat' dir='ltr'><strong>Caeterum</strong></span> 
     </span>
     <span class='ocr_line' id='line_1_81' title="bbox 1301 1281 2271 1324; baseline -0.002 -9"><span class='ocrx_word' id='word_1_572' title='bbox 1301 1282 1463 1324; x_wconf 88' lang='lat' dir='ltr'><strong>apostolus</strong></span> <span class='ocrx_word' id='word_1_573' title='bbox 1498 1293 1537 1313; x_wconf 89' lang='lat' dir='ltr'><strong>ex</strong></span> <span class='ocrx_word' id='word_1_574' title='bbox 1561 1283 1669 1314; x_wconf 87' lang='lat' dir='ltr'><strong>verbis</strong></span> <span class='ocrx_word' id='word_1_575' title='bbox 1699 1282 1773 1321; x_wconf 89' lang='lat' dir='ltr'><strong>illis,</strong></span> <span class='ocrx_word' id='word_1_576' title='bbox 1801 1282 1874 1323; x_wconf 86' lang='lat' dir='ltr'><strong>Ego</strong></span> <span class='ocrx_word' id='word_1_577' title='bbox 1903 1293 1974 1313; x_wconf 90' lang='lat' dir='ltr'><strong>sum</strong></span> <span class='ocrx_word' id='word_1_578' title='bbox 1998 1282 2088 1313; x_wconf 87' lang='lat' dir='ltr'><strong>Deus</strong></span> <span class='ocrx_word' id='word_1_579' title='bbox 2110 1281 2271 1319; x_wconf 87' lang='lat' dir='ltr'><strong>Abrahae,</strong></span> 
     </span>
     <span class='ocr_line' id='line_1_82' title="bbox 1300 1324 2270 1366; baseline -0.002 -8"><span class='ocrx_word' id='word_1_580' title='bbox 1300 1326 1392 1358; x_wconf 87' lang='lat' dir='ltr'><strong>Isaac</strong></span> <span class='ocrx_word' id='word_1_581' title='bbox 1416 1330 1448 1356; x_wconf 89' lang='lat' dir='ltr'><strong>et</strong></span> <span class='ocrx_word' id='word_1_582' title='bbox 1463 1324 1567 1363; x_wconf 87' lang='lat' dir='ltr'><strong>Iacob,</strong></span> <span class='ocrx_word' id='word_1_583' title='bbox 1585 1325 1654 1356; x_wconf 90' lang='lat' dir='ltr'><strong>iure</strong></span> <span class='ocrx_word' id='word_1_584' title='bbox 1673 1325 1794 1366; x_wconf 84' lang='lat' dir='ltr'><strong>colligit</strong></span> <span class='ocrx_word' id='word_1_585' title='bbox 1813 1325 1898 1365; x_wconf 88' lang='lat' dir='ltr'><strong>ipsos</strong></span> <span class='ocrx_word' id='word_1_586' title='bbox 1915 1335 1984 1356; x_wconf 88' lang='lat' dir='ltr'><strong>esse</strong></span> <span class='ocrx_word' id='word_1_587' title='bbox 2002 1325 2082 1356; x_wconf 88' lang='lat' dir='ltr'><strong>coeli</strong></span> <span class='ocrx_word' id='word_1_588' title='bbox 2099 1324 2270 1356; x_wconf 90' lang='lat' dir='ltr'><strong>haeredes:</strong></span> 
     </span>
     <span class='ocr_line' id='line_1_83' title="bbox 1300 1367 2271 1409; baseline -0.001 -9"><span class='ocrx_word' id='word_1_589' title='bbox 1300 1369 1451 1409; x_wconf 89' lang='lat' dir='ltr'><strong>quoniam</strong></span> <span class='ocrx_word' id='word_1_590' title='bbox 1475 1368 1530 1409; x_wconf 92' lang='lat' dir='ltr'><strong>qui</strong></span> <span class='ocrx_word' id='word_1_591' title='bbox 1555 1368 1600 1400; x_wconf 89' lang='lat' dir='ltr'><strong>sic</strong></span> <span class='ocrx_word' id='word_1_592' title='bbox 1624 1368 1776 1408; x_wconf 82' lang='lat' dir='ltr'><strong>loquitur,</strong></span> <span class='ocrx_word' id='word_1_593' title='bbox 1801 1378 1865 1398; x_wconf 93' lang='lat' dir='ltr'><strong>non</strong></span> <span class='ocrx_word' id='word_1_594' title='bbox 1882 1367 1973 1399; x_wconf 87' lang='lat' dir='ltr'><strong>Deus</strong></span> <span class='ocrx_word' id='word_1_595' title='bbox 1991 1372 2040 1399; x_wconf 87' lang='lat' dir='ltr'><strong>est</strong></span> <span class='ocrx_word' id='word_1_596' title='bbox 2059 1372 2271 1406; x_wconf 89' lang='lat' dir='ltr'><strong>mortuorum,</strong></span> 
     </span>
     <span class='ocr_line' id='line_1_84' title="bbox 1301 1411 1540 1444; baseline -0.004 -1"><span class='ocrx_word' id='word_1_597' title='bbox 1301 1411 1357 1444; x_wconf 87' lang='lat' dir='ltr'><strong>sed</strong></span> <span class='ocrx_word' id='word_1_598' title='bbox 1381 1412 1540 1443; x_wconf 87' lang='lat' dir='ltr'><strong>vivorum.</strong></span> 
     </span>
    </p>
   </div>
   <div class='ocr_carea' id='block_1_8' title="bbox 1300 1495 2274 1580">
    <p class='ocr_par' dir='ltr' id='par_1_11' title="bbox 1300 1495 2274 1580">
     <span class='ocr_line' id='line_1_85' title="bbox 1390 1495 2274 1536; baseline -0.001 -9"><span class='ocrx_word' id='word_1_599' title='bbox 1390 1497 1438 1528; x_wconf 86' lang='lat'><strong>17.</strong></span> <span class='ocrx_word' id='word_1_600' title='bbox 1464 1496 1544 1528; x_wconf 88' lang='lat' dir='ltr'><strong>Fide</strong></span> <span class='ocrx_word' id='word_1_601' title='bbox 1566 1495 1730 1528; x_wconf 74' lang='lat' dir='ltr'><strong>Abraham</strong></span> <span class='ocrx_word' id='word_1_602' title='bbox 1761 1495 1868 1527; x_wconf 84' lang='lat' dir='ltr'><strong>obtulit</strong></span> <span class='ocrx_word' id='word_1_603' title='bbox 1894 1496 1996 1533; x_wconf 83' lang='lat' dir='ltr'><strong>Isaac,</strong></span> <span class='ocrx_word' id='word_1_604' title='bbox 2022 1506 2116 1536; x_wconf 79' lang='lat' dir='ltr'><strong>quum</strong></span> <span class='ocrx_word' id='word_1_605' title='bbox 2143 1497 2274 1527; x_wconf 85' lang='lat' dir='ltr'><strong>tentatus</strong></span> 
     </span>
     <span class='ocr_line' id='line_1_86' title="bbox 1300 1538 2274 1580; baseline -0.004 -7"><span class='ocrx_word' id='word_1_606' title='bbox 1300 1542 1392 1573; x_wconf 82' lang='lat' dir='ltr'><strong>esset:</strong></span> <span class='ocrx_word' id='word_1_607' title='bbox 1423 1550 1459 1572; x_wconf 84' lang='lat' dir='ltr'><strong>ac</strong></span> <span class='ocrx_word' id='word_1_608' title='bbox 1481 1539 1672 1580; x_wconf 62' lang='lat' dir='ltr'><strong>unigenitum</strong></span> <span class='ocrx_word' id='word_1_609' title='bbox 1695 1538 1808 1578; x_wconf 86' lang='lat' dir='ltr'><strong>obtulit,</strong></span> <span class='ocrx_word' id='word_1_610' title='bbox 1835 1548 1930 1579; x_wconf 77' lang='lat' dir='ltr'><strong>quum</strong></span> <span class='ocrx_word' id='word_1_611' title='bbox 1946 1539 2171 1579; x_wconf 75' lang='lat' dir='ltr'><strong>promissiones</strong></span> <span class='ocrx_word' id='word_1_612' title='bbox 2192 1547 2274 1571; x_wconf 84' lang='lat' dir='ltr'><strong>aece-</strong></span> 
     </span>
    </p>
   </div>
   <div class='ocr_carea' id='block_1_9' title="bbox 1295 1580 2276 1624">
    <p class='ocr_par' dir='ltr' id='par_1_12' title="bbox 1295 1580 2276 1624">
     <span class='ocr_line' id='line_1_87' title="bbox 1295 1580 2276 1624; baseline -0.002 -9"><span class='ocrx_word' id='word_1_613' title='bbox 1295 1584 1412 1624; x_wconf 78' lang='lat' dir='ltr'><strong>pisset:</strong></span> <span class='ocrx_word' id='word_1_614' title='bbox 1449 1583 1499 1615; x_wconf 89' lang='lat'><strong>18.</strong></span> <span class='ocrx_word' id='word_1_615' title='bbox 1523 1582 1565 1614; x_wconf 85' lang='lat' dir='ltr'><strong>ad</strong></span> <span class='ocrx_word' id='word_1_616' title='bbox 1586 1592 1676 1622; x_wconf 81' lang='lat' dir='ltr'><strong>quem</strong></span> <span class='ocrx_word' id='word_1_617' title='bbox 1699 1582 1816 1614; x_wconf 84' lang='lat' dir='ltr'><strong>dictum</strong></span> <span class='ocrx_word' id='word_1_618' title='bbox 1838 1584 1913 1622; x_wconf 85' lang='lat' dir='ltr'><strong>erat,</strong></span> <span class='ocrx_word' id='word_1_619' title='bbox 1938 1582 1979 1613; x_wconf 87' lang='lat' dir='ltr'><strong>In</strong></span> <span class='ocrx_word' id='word_1_620' title='bbox 2003 1581 2096 1613; x_wconf 81' lang='lat' dir='ltr'><strong>Isaac</strong></span> <span class='ocrx_word' id='word_1_621' title='bbox 2117 1580 2276 1614; x_wconf 71' lang='lat' dir='ltr'><strong>vocabitur</strong></span> 
     </span>
    </p>
   </div>
   <div class='ocr_carea' id='block_1_10' title="bbox 1300 1623 2275 1923">
    <p class='ocr_par' dir='ltr' id='par_1_13' title="bbox 1300 1623 2275 1923">
     <span class='ocr_line' id='line_1_88' title="bbox 1300 1623 2274 1665; baseline -0.002 -7"><span class='ocrx_word' id='word_1_622' title='bbox 1300 1626 1356 1658; x_wconf 82' lang='lat' dir='ltr'><strong>tibi</strong></span> <span class='ocrx_word' id='word_1_623' title='bbox 1378 1636 1496 1658; x_wconf 84' lang='lat' dir='ltr'><strong>semen.-</strong></span> <span class='ocrx_word' id='word_1_624' title='bbox 1522 1625 1570 1657; x_wconf 83' lang='lat'><strong>19.</strong></span> <span class='ocrx_word' id='word_1_625' title='bbox 1594 1635 1690 1665; x_wconf 77' lang='lat' dir='ltr'><strong>quum</strong></span> <span class='ocrx_word' id='word_1_626' title='bbox 1712 1627 1887 1665; x_wconf 79' lang='lat' dir='ltr'><strong>reputasset</strong></span> <span class='ocrx_word' id='word_1_627' title='bbox 1902 1623 2005 1656; x_wconf 85' lang='lat' dir='ltr'><strong>Deum</strong></span> <span class='ocrx_word' id='word_1_628' title='bbox 2027 1624 2120 1656; x_wconf 82' lang='lat' dir='ltr'><strong>etiam</strong></span> <span class='ocrx_word' id='word_1_629' title='bbox 2135 1634 2172 1656; x_wconf 78' lang='lat' dir='ltr'><strong>ex</strong></span> <span class='ocrx_word' id='word_1_630' title='bbox 2193 1633 2274 1656; x_wconf 86' lang='lat' dir='ltr'><strong>mor-</strong></span> 
     </span>
     <span class='ocr_line' id='line_1_89' title="bbox 1300 1667 2274 1709; baseline -0.003 -8"><span class='ocrx_word' id='word_1_631' title='bbox 1300 1670 1364 1701; x_wconf 86' lang='lat' dir='ltr'><strong>tuis</strong></span> <span class='ocrx_word' id='word_1_632' title='bbox 1380 1678 1473 1709; x_wconf 76' lang='lat' dir='ltr'><strong>posse</strong></span> <span class='ocrx_word' id='word_1_633' title='bbox 1501 1669 1661 1701; x_wconf 84' lang='lat' dir='ltr'><strong>suscitare.</strong></span> <span class='ocrx_word' id='word_1_634' title='bbox 1714 1667 1800 1700; x_wconf 84' lang='lat' dir='ltr'><strong>Unde</strong></span> <span class='ocrx_word' id='word_1_635' title='bbox 1828 1677 1896 1699; x_wconf 85' lang='lat' dir='ltr'><strong>eum</strong></span> <span class='ocrx_word' id='word_1_636' title='bbox 1919 1677 2037 1707; x_wconf 78' lang='lat' dir='ltr'><strong>quoque</strong></span> <span class='ocrx_word' id='word_1_637' title='bbox 2063 1667 2097 1698; x_wconf 83' lang='lat' dir='ltr'><strong>in</strong></span> <span class='ocrx_word' id='word_1_638' title='bbox 2127 1667 2274 1698; x_wconf 70' lang='lat' dir='ltr'><strong>simititw</strong></span> 
     </span>
     <span class='ocr_line' id='line_1_90' title="bbox 1301 1709 2274 1752; baseline -0.003 -9"><span class='ocrx_word' id='word_1_639' title='bbox 1301 1712 1373 1743; x_wconf 86' lang='lat' dir='ltr'><strong>dine</strong></span> <span class='ocrx_word' id='word_1_640' title='bbox 1396 1712 1597 1752; x_wconf 76' lang='lat' dir='ltr'><strong>recuperavit.</strong></span> <span class='ocrx_word' id='word_1_641' title='bbox 1632 1711 1682 1741; x_wconf 83' lang='lat'><strong>20.</strong></span> <span class='ocrx_word' id='word_1_642' title='bbox 1707 1710 1788 1742; x_wconf 84' lang='lat' dir='ltr'><strong>Fide</strong></span> <span class='ocrx_word' id='word_1_643' title='bbox 1812 1710 1907 1742; x_wconf 87' lang='lat' dir='ltr'><strong>Isaac</strong></span> <span class='ocrx_word' id='word_1_644' title='bbox 1928 1710 1965 1741; x_wconf 89' lang='lat' dir='ltr'><strong>de</strong></span> <span class='ocrx_word' id='word_1_645' title='bbox 1984 1710 2104 1751; x_wconf 81' lang='lat' dir='ltr'><strong>futuris</strong></span> <span class='ocrx_word' id='word_1_646' title='bbox 2122 1709 2274 1742; x_wconf 71' lang='lat' dir='ltr'><strong>benedixit</strong></span> 
     </span>
     <span class='ocr_line' id='line_1_91' title="bbox 1303 1752 2275 1793; baseline -0.004 -6"><span class='ocrx_word' id='word_1_647' title='bbox 1303 1755 1397 1787; x_wconf 84' lang='lat' dir='ltr'><strong>Iacob</strong></span> <span class='ocrx_word' id='word_1_648' title='bbox 1419 1756 1446 1786; x_wconf 84' lang='lat' dir='ltr'><strong>et</strong></span> <span class='ocrx_word' id='word_1_649' title='bbox 1469 1754 1570 1786; x_wconf 86' lang='lat' dir='ltr'><strong>Esau.</strong></span> <span class='ocrx_word' id='word_1_650' title='bbox 1608 1754 1660 1785; x_wconf 90' lang='grc'><strong>21.</strong></span> <span class='ocrx_word' id='word_1_651' title='bbox 1685 1753 1765 1784; x_wconf 87' lang='lat' dir='ltr'><strong>Fide</strong></span> <span class='ocrx_word' id='word_1_652' title='bbox 1781 1752 1873 1785; x_wconf 84' lang='lat' dir='ltr'><strong>Iacob</strong></span> <span class='ocrx_word' id='word_1_653' title='bbox 1891 1753 2023 1784; x_wconf 84' lang='lat' dir='ltr'><strong>moriens</strong></span> <span class='ocrx_word' id='word_1_654' title='bbox 2036 1752 2178 1793; x_wconf 65' lang='lat' dir='ltr'><strong>singulos</strong></span> <span class='ocrx_word' id='word_1_655' title='bbox 2192 1752 2275 1792; x_wconf 80' lang='lat' dir='ltr'><strong>filios</strong></span> 
     </span>
     <span class='ocr_line' id='line_1_92' title="bbox 1304 1795 2274 1837; baseline -0.003 -8"><span class='ocrx_word' id='word_1_656' title='bbox 1304 1797 1416 1837; x_wconf 75' lang='lat' dir='ltr'><strong>Ioseph</strong></span> <span class='ocrx_word' id='word_1_657' title='bbox 1437 1797 1601 1836; x_wconf 72' lang='lat' dir='ltr'><strong>benedixit,</strong></span> <span class='ocrx_word' id='word_1_658' title='bbox 1634 1799 1661 1828; x_wconf 92' lang='lat' dir='ltr'><strong>et</strong></span> <span class='ocrx_word' id='word_1_659' title='bbox 1689 1796 1835 1828; x_wconf 83' lang='lat' dir='ltr'><strong>adoravit</strong></span> <span class='ocrx_word' id='word_1_660' title='bbox 1865 1796 1908 1827; x_wconf 79' lang='lat' dir='ltr'><strong>ad</strong></span> <span class='ocrx_word' id='word_1_661' title='bbox 1933 1796 2141 1827; x_wconf 77' lang='lat' dir='ltr'><strong>summitatem</strong></span> <span class='ocrx_word' id='word_1_662' title='bbox 2168 1795 2274 1837; x_wconf 72' lang='lat' dir='ltr'><strong>virque</strong></span> 
     </span>
     <span class='ocr_line' id='line_1_93' title="bbox 1303 1837 2274 1879; baseline -0.003 -7"><span class='ocrx_word' id='word_1_663' title='bbox 1303 1841 1381 1872; x_wconf 88' lang='lat' dir='ltr'><strong>eius.</strong></span> <span class='ocrx_word' id='word_1_664' title='bbox 1427 1840 1477 1872; x_wconf 86' lang='grc'>22.</span> <span class='ocrx_word' id='word_1_665' title='bbox 1502 1839 1584 1872; x_wconf 86' lang='lat' dir='ltr'><strong>Fide</strong></span> <span class='ocrx_word' id='word_1_666' title='bbox 1607 1839 1720 1879; x_wconf 76' lang='lat' dir='ltr'><strong>Ioseph</strong></span> <span class='ocrx_word' id='word_1_667' title='bbox 1742 1839 1876 1871; x_wconf 78' lang='lat' dir='ltr'><strong>moriens</strong></span> <span class='ocrx_word' id='word_1_668' title='bbox 1897 1839 1935 1870; x_wconf 88' lang='lat' dir='ltr'><strong>de</strong></span> <span class='ocrx_word' id='word_1_669' title='bbox 1957 1839 2042 1870; x_wconf 81' lang='lat' dir='ltr'><strong>exitu</strong></span> <span class='ocrx_word' id='word_1_670' title='bbox 2061 1838 2201 1878; x_wconf 75' lang='lat' dir='ltr'><strong>filiorum</strong></span> <span class='ocrx_word' id='word_1_671' title='bbox 2224 1837 2274 1869; x_wconf 86' lang='lat' dir='ltr'><strong>Is-</strong></span> 
     </span>
     <span class='ocr_line' id='line_1_94' title="bbox 1302 1881 2069 1923; baseline -0.003 -9"><span class='ocrx_word' id='word_1_672' title='bbox 1302 1883 1369 1915; x_wconf 81' lang='lat' dir='ltr'><strong>rael</strong></span> <span class='ocrx_word' id='word_1_673' title='bbox 1390 1883 1538 1923; x_wconf 79' lang='lat' dir='ltr'><strong>meminit,</strong></span> <span class='ocrx_word' id='word_1_674' title='bbox 1560 1885 1587 1915; x_wconf 84' lang='lat' dir='ltr'><strong>et</strong></span> <span class='ocrx_word' id='word_1_675' title='bbox 1608 1883 1645 1914; x_wconf 85' lang='lat' dir='ltr'><strong>de</strong></span> <span class='ocrx_word' id='word_1_676' title='bbox 1669 1881 1791 1914; x_wconf 85' lang='lat' dir='ltr'><strong>ossibus</strong></span> <span class='ocrx_word' id='word_1_677' title='bbox 1812 1881 1881 1913; x_wconf 87' lang='lat' dir='ltr'><strong>suis</strong></span> <span class='ocrx_word' id='word_1_678' title='bbox 1902 1882 2069 1913; x_wconf 83' lang='lat' dir='ltr'><strong>mandavit.</strong></span> 
     </span>
    </p>
   </div>
   <div class='ocr_carea' id='block_1_11' title="bbox 1302 1967 2273 2686">
    <p class='ocr_par' dir='ltr' id='par_1_14' title="bbox 1302 1967 2273 2686">
     <span class='ocr_line' id='line_1_95' title="bbox 1392 1967 2273 2008; baseline -0.001 -9"><span class='ocrx_word' id='word_1_679' title='bbox 1392 1968 1439 1999; x_wconf 78' lang='lat'><strong>17.</strong></span> <span class='ocrx_word' id='word_1_680' title='bbox 1464 1967 1546 2000; x_wconf 83' lang='lat' dir='ltr'><strong>Fide</strong></span> <span class='ocrx_word' id='word_1_681' title='bbox 1570 1967 1742 1999; x_wconf 75' lang='lat' dir='ltr'><strong>Abraham.</strong></span> <span class='ocrx_word' id='word_1_682' title='bbox 1777 1967 1989 2008; x_wconf 88' lang='lat' dir='ltr'><strong>Prosequitur</strong></span> <span class='ocrx_word' id='word_1_683' title='bbox 2007 1967 2092 2007; x_wconf 91' lang='lat' dir='ltr'><strong>quod</strong></span> <span class='ocrx_word' id='word_1_684' title='bbox 2116 1967 2154 1998; x_wconf 92' lang='lat' dir='ltr'><strong>de</strong></span> <span class='ocrx_word' id='word_1_685' title='bbox 2170 1967 2273 1999; x_wconf 84' lang='lat' dir='ltr'><strong>Abra-</strong></span> 
     </span>
     <span class='ocr_line' id='line_1_96' title="bbox 1303 2009 2273 2043; baseline -0.002 0"><span class='ocrx_word' id='word_1_686' title='bbox 1303 2012 1378 2043; x_wconf 90' lang='lat' dir='ltr'><strong>ham</strong></span> <span class='ocrx_word' id='word_1_687' title='bbox 1411 2011 1561 2043; x_wconf 87' lang='lat' dir='ltr'><strong>restabat.</strong></span> <span class='ocrx_word' id='word_1_688' title='bbox 1586 2011 1699 2042; x_wconf 83' lang='lat' dir='ltr'><strong>Refert</strong></span> <span class='ocrx_word' id='word_1_689' title='bbox 1722 2011 1809 2042; x_wconf 90' lang='lat' dir='ltr'><strong>enim</strong></span> <span class='ocrx_word' id='word_1_690' title='bbox 1834 2010 1890 2041; x_wconf 86' lang='lat' dir='ltr'><strong>filii</strong></span> <span class='ocrx_word' id='word_1_691' title='bbox 1912 2009 2178 2041; x_wconf 84' lang='lat' dir='ltr'><strong>immolationem.</strong></span> <span class='ocrx_word' id='word_1_692' title='bbox 2212 2010 2273 2041; x_wconf 88' lang='lat' dir='ltr'><strong>Est</strong></span> 
     </span>
     <span class='ocr_line' id='line_1_97' title="bbox 1302 2052 2271 2095; baseline -0.002 -10"><span class='ocrx_word' id='word_1_693' title='bbox 1302 2059 1410 2086; x_wconf 89' lang='lat' dir='ltr'><strong>autem</strong></span> <span class='ocrx_word' id='word_1_694' title='bbox 1433 2054 1494 2086; x_wconf 88' lang='lat' dir='ltr'><strong>hoc</strong></span> <span class='ocrx_word' id='word_1_695' title='bbox 1518 2058 1584 2084; x_wconf 88' lang='lat' dir='ltr'><strong>tam</strong></span> <span class='ocrx_word' id='word_1_696' title='bbox 1608 2053 1774 2095; x_wconf 86' lang='lat' dir='ltr'><strong>singulare</strong></span> <span class='ocrx_word' id='word_1_697' title='bbox 1797 2053 1929 2085; x_wconf 87' lang='lat' dir='ltr'><strong>virtutis</strong></span> <span class='ocrx_word' id='word_1_698' title='bbox 1945 2052 2139 2093; x_wconf 85' lang='lat' dir='ltr'><strong>exemplum,</strong></span> <span class='ocrx_word' id='word_1_699' title='bbox 2162 2058 2199 2084; x_wconf 89' lang='lat' dir='ltr'><strong>ut</strong></span> <span class='ocrx_word' id='word_1_700' title='bbox 2215 2052 2271 2083; x_wconf 89' lang='lat' dir='ltr'><strong>vix</strong></span> 
     </span>
     <span class='ocr_line' id='line_1_98' title="bbox 1303 2095 2271 2136; baseline -0.002 -8"><span class='ocrx_word' id='word_1_701' title='bbox 1303 2097 1390 2129; x_wconf 87' lang='lat' dir='ltr'><strong>aliud</strong></span> <span class='ocrx_word' id='word_1_702' title='bbox 1414 2097 1520 2129; x_wconf 88' lang='lat' dir='ltr'><strong>simile</strong></span> <span class='ocrx_word' id='word_1_703' title='bbox 1543 2097 1684 2136; x_wconf 88' lang='lat' dir='ltr'><strong>reperire</strong></span> <span class='ocrx_word' id='word_1_704' title='bbox 1708 2096 1811 2128; x_wconf 85' lang='lat' dir='ltr'><strong>liceat.</strong></span> <span class='ocrx_word' id='word_1_705' title='bbox 1848 2095 1925 2127; x_wconf 89' lang='lat' dir='ltr'><strong>Ideo</strong></span> <span class='ocrx_word' id='word_1_706' title='bbox 1942 2095 2157 2136; x_wconf 88' lang='lat' dir='ltr'><strong>amplificandi</strong></span> <span class='ocrx_word' id='word_1_707' title='bbox 2174 2104 2271 2126; x_wconf 84' lang='lat' dir='ltr'><strong>causa</strong></span> 
     </span>
     <span class='ocr_line' id='line_1_99' title="bbox 1303 2138 2267 2179; baseline -0.003 -8"><span class='ocrx_word' id='word_1_708' title='bbox 1303 2140 1400 2179; x_wconf 85' lang='lat' dir='ltr'><strong>addit,</strong></span> <span class='ocrx_word' id='word_1_709' title='bbox 1431 2139 1560 2179; x_wconf 89' lang='lat' dir='ltr'><strong>Quum</strong></span> <span class='ocrx_word' id='word_1_710' title='bbox 1585 2144 1773 2170; x_wconf 87' lang='lat' dir='ltr'><strong>tentatus</strong></span> <span class='ocrx_word' id='word_1_711' title='bbox 1796 2143 1914 2170; x_wconf 88' lang='lat' dir='ltr'><strong>esset.</strong></span> <span class='ocrx_word' id='word_1_712' title='bbox 1960 2139 2030 2169; x_wconf 89' lang='lat' dir='ltr'><strong>Iam</strong></span> <span class='ocrx_word' id='word_1_713' title='bbox 2061 2138 2171 2169; x_wconf 83' lang='lat' dir='ltr'><strong>multis</strong></span> <span class='ocrx_word' id='word_1_714' title='bbox 2200 2138 2267 2178; x_wconf 89' lang='lat' dir='ltr'><strong>qui-</strong></span> 
     </span>
     <span class='ocr_line' id='line_1_100' title="bbox 1304 2180 2270 2223; baseline -0.002 -9"><span class='ocrx_word' id='word_1_715' title='bbox 1304 2183 1376 2214; x_wconf 88' lang='lat' dir='ltr'><strong>dem</strong></span> <span class='ocrx_word' id='word_1_716' title='bbox 1400 2182 1628 2223; x_wconf 80' lang='lat' dir='ltr'><strong>experimentis</strong></span> <span class='ocrx_word' id='word_1_717' title='bbox 1651 2181 1838 2213; x_wconf 86' lang='lat' dir='ltr'><strong>ostenderat</strong></span> <span class='ocrx_word' id='word_1_718' title='bbox 1860 2181 2026 2213; x_wconf 81' lang='lat' dir='ltr'><strong>Abraham</strong></span> <span class='ocrx_word' id='word_1_719' title='bbox 2050 2180 2155 2221; x_wconf 87' lang='lat' dir='ltr'><strong>qualis</strong></span> <span class='ocrx_word' id='word_1_720' title='bbox 2177 2185 2270 2212; x_wconf 88' lang='lat' dir='ltr'><strong>esset.</strong></span> 
     </span>
     <span class='ocr_line' id='line_1_101' title="bbox 1304 2223 2270 2266; baseline -0.003 -9"><span class='ocrx_word' id='word_1_721' title='bbox 1304 2226 1399 2258; x_wconf 88' lang='lat' dir='ltr'><strong>Hanc</strong></span> <span class='ocrx_word' id='word_1_722' title='bbox 1433 2230 1541 2257; x_wconf 86' lang='lat' dir='ltr'><strong>tamen</strong></span> <span class='ocrx_word' id='word_1_723' title='bbox 1576 2224 1804 2266; x_wconf 87' lang='lat' dir='ltr'><strong>probationem,</strong></span> <span class='ocrx_word' id='word_1_724' title='bbox 1842 2225 1923 2256; x_wconf 89' lang='lat' dir='ltr'><strong>sicut</strong></span> <span class='ocrx_word' id='word_1_725' title='bbox 1957 2224 2088 2264; x_wconf 89' lang='lat' dir='ltr'><strong>reliquis</strong></span> <span class='ocrx_word' id='word_1_726' title='bbox 2122 2223 2270 2255; x_wconf 88' lang='lat' dir='ltr'><strong>omnibus</strong></span> 
     </span>
     <span class='ocr_line' id='line_1_102' title="bbox 1303 2265 2270 2310; baseline -0.004 -10"><span class='ocrx_word' id='word_1_727' title='bbox 1303 2268 1398 2310; x_wconf 86' lang='lat' dir='ltr'><strong>longe</strong></span> <span class='ocrx_word' id='word_1_728' title='bbox 1421 2268 1558 2306; x_wconf 83' lang='lat' dir='ltr'><strong>excellit,</strong></span> <span class='ocrx_word' id='word_1_729' title='bbox 1581 2268 1626 2299; x_wconf 86' lang='lat' dir='ltr'><strong>ita</strong></span> <span class='ocrx_word' id='word_1_730' title='bbox 1641 2266 1803 2307; x_wconf 88' lang='lat' dir='ltr'><strong>apostolus</strong></span> <span class='ocrx_word' id='word_1_731' title='bbox 1822 2276 1898 2307; x_wconf 87' lang='lat' dir='ltr'><strong>prae</strong></span> <span class='ocrx_word' id='word_1_732' title='bbox 1921 2266 2071 2298; x_wconf 89' lang='lat' dir='ltr'><strong>omnibus</strong></span> <span class='ocrx_word' id='word_1_733' title='bbox 2088 2265 2157 2296; x_wconf 90' lang='lat' dir='ltr'><strong>vult</strong></span> <span class='ocrx_word' id='word_1_734' title='bbox 2175 2266 2270 2297; x_wconf 87' lang='lat' dir='ltr'><strong>aesti-</strong></span> 
     </span>
     <span class='ocr_line' id='line_1_103' title="bbox 1305 2307 2270 2351; baseline -0.004 -8"><span class='ocrx_word' id='word_1_735' title='bbox 1305 2312 1396 2343; x_wconf 86' lang='lat' dir='ltr'><strong>mari.</strong></span> <span class='ocrx_word' id='word_1_736' title='bbox 1431 2310 1573 2343; x_wconf 87' lang='lat' dir='ltr'><strong>Perinde</strong></span> <span class='ocrx_word' id='word_1_737' title='bbox 1588 2320 1663 2351; x_wconf 83' lang='lat' dir='ltr'><strong>ergo</strong></span> <span class='ocrx_word' id='word_1_738' title='bbox 1680 2309 1741 2341; x_wconf 91' lang='lat' dir='ltr'><strong>hoc</strong></span> <span class='ocrx_word' id='word_1_739' title='bbox 1757 2309 1842 2341; x_wconf 89' lang='lat' dir='ltr'><strong>valet</strong></span> <span class='ocrx_word' id='word_1_740' title='bbox 1862 2319 1898 2340; x_wconf 90' lang='grc'><strong>30</strong></span> <span class='ocrx_word' id='word_1_741' title='bbox 1914 2310 1939 2340; x_wconf 87' lang='grc'><strong>01</strong></span> <span class='ocrx_word' id='word_1_742' title='bbox 1960 2309 2109 2340; x_wconf 85' lang='lat' dir='ltr'><strong>dixisset:</strong></span> <span class='ocrx_word' id='word_1_743' title='bbox 2134 2307 2270 2340; x_wconf 81' lang='lat' dir='ltr'><strong>Summa</strong></span> 
     </span>
     <span class='ocr_line' id='line_1_104' title="bbox 1304 2351 2270 2392; baseline -0.004 -6"><span class='ocrx_word' id='word_1_744' title='bbox 1304 2354 1457 2386; x_wconf 88' lang='lat' dir='ltr'><strong>Abrahae</strong></span> <span class='ocrx_word' id='word_1_745' title='bbox 1488 2354 1592 2385; x_wconf 89' lang='lat' dir='ltr'><strong>virtus</strong></span> <span class='ocrx_word' id='word_1_746' title='bbox 1614 2353 1674 2383; x_wconf 80' lang='lat' dir='ltr'><strong>fuit</strong></span> <span class='ocrx_word' id='word_1_747' title='bbox 1697 2352 1755 2383; x_wconf 90' lang='lat' dir='ltr'><strong>filii</strong></span> <span class='ocrx_word' id='word_1_748' title='bbox 1783 2352 1968 2389; x_wconf 90' lang='lat' dir='ltr'><strong>immolatio,</strong></span> <span class='ocrx_word' id='word_1_749' title='bbox 1999 2351 2073 2392; x_wconf 92' lang='lat' dir='ltr'><strong>quia</strong></span> <span class='ocrx_word' id='word_1_750' title='bbox 2103 2356 2181 2383; x_wconf 84' lang='lat' dir='ltr'><strong>tunc</strong></span> <span class='ocrx_word' id='word_1_751' title='bbox 2203 2361 2270 2382; x_wconf 84' lang='lat' dir='ltr'><strong>ma-</strong></span> 
     </span>
     <span class='ocr_line' id='line_1_105' title="bbox 1304 2394 2269 2437; baseline -0.005 -8"><span class='ocrx_word' id='word_1_752' title='bbox 1304 2398 1390 2429; x_wconf 87' lang='lat' dir='ltr'><strong>xime</strong></span> <span class='ocrx_word' id='word_1_753' title='bbox 1414 2397 1502 2428; x_wconf 88' lang='lat' dir='ltr'><strong>Deus</strong></span> <span class='ocrx_word' id='word_1_754' title='bbox 1525 2396 1674 2437; x_wconf 87' lang='lat' dir='ltr'><strong>probasse</strong></span> <span class='ocrx_word' id='word_1_755' title='bbox 1697 2405 1770 2426; x_wconf 92' lang='lat' dir='ltr'><strong>eum</strong></span> <span class='ocrx_word' id='word_1_756' title='bbox 1794 2394 1921 2426; x_wconf 85' lang='lat' dir='ltr'><strong>dicitur.</strong></span> <span class='ocrx_word' id='word_1_757' title='bbox 1968 2394 2066 2434; x_wconf 86' lang='lat' dir='ltr'><strong>Atqui</strong></span> <span class='ocrx_word' id='word_1_758' title='bbox 2098 2394 2158 2425; x_wconf 92' lang='lat' dir='ltr'><strong>hoc</strong></span> <span class='ocrx_word' id='word_1_759' title='bbox 2188 2403 2269 2435; x_wconf 86' lang='lat' dir='ltr'><strong>opus</strong></span> 
     </span>
     <span class='ocr_line' id='line_1_106' title="bbox 1304 2436 2269 2479; baseline -0.005 -7"><span class='ocrx_word' id='word_1_760' title='bbox 1304 2451 1343 2472; x_wconf 89' lang='lat' dir='ltr'><strong>ex</strong></span> <span class='ocrx_word' id='word_1_761' title='bbox 1366 2440 1429 2472; x_wconf 83' lang='lat' dir='ltr'><strong>fide</strong></span> <span class='ocrx_word' id='word_1_762' title='bbox 1452 2440 1606 2471; x_wconf 85' lang='lat' dir='ltr'><strong>manavit.</strong></span> <span class='ocrx_word' id='word_1_763' title='bbox 1652 2437 1741 2479; x_wconf 85' lang='lat' dir='ltr'><strong>Ergo</strong></span> <span class='ocrx_word' id='word_1_764' title='bbox 1768 2437 1849 2469; x_wconf 91' lang='lat' dir='ltr'><strong>nihil</strong></span> <span class='ocrx_word' id='word_1_765' title='bbox 1879 2437 1992 2468; x_wconf 88' lang='lat' dir='ltr'><strong>habuit</strong></span> <span class='ocrx_word' id='word_1_766' title='bbox 2014 2436 2180 2468; x_wconf 89' lang='lat' dir='ltr'><strong>Abraham</strong></span> <span class='ocrx_word' id='word_1_767' title='bbox 2205 2437 2269 2468; x_wconf 85' lang='lat' dir='ltr'><strong>fide</strong></span> 
     </span>
     <span class='ocr_line' id='line_1_107' title="bbox 1304 2479 2268 2523; baseline -0.004 -8"><span class='ocrx_word' id='word_1_768' title='bbox 1304 2482 1529 2523; x_wconf 88' lang='lat' dir='ltr'><strong>praestantius,</strong></span> <span class='ocrx_word' id='word_1_769' title='bbox 1560 2490 1641 2521; x_wconf 90' lang='lat' dir='ltr'><strong>quae</strong></span> <span class='ocrx_word' id='word_1_770' title='bbox 1671 2486 1738 2511; x_wconf 88' lang='lat' dir='ltr'><strong>tam</strong></span> <span class='ocrx_word' id='word_1_771' title='bbox 1766 2479 1967 2520; x_wconf 87' lang='lat' dir='ltr'><strong>praeclarum</strong></span> <span class='ocrx_word' id='word_1_772' title='bbox 1999 2480 2136 2511; x_wconf 83' lang='lat' dir='ltr'><strong>fructum</strong></span> <span class='ocrx_word' id='word_1_773' title='bbox 2161 2479 2268 2511; x_wconf 88' lang='lat' dir='ltr'><strong>edidit.</strong></span> 
     </span>
     <span class='ocr_line' id='line_1_108' title="bbox 1305 2522 2269 2563; baseline -0.005 -6"><span class='ocrx_word' id='word_1_774' title='bbox 1305 2526 1449 2557; x_wconf 91' lang='lat' dir='ltr'><strong>Verbum</strong></span> <span class='ocrx_word' id='word_1_775' title='bbox 1473 2523 1728 2556; x_wconf 87' lang='lat' dir='ltr'><strong>tentationis</strong></span> <span class='ocrx_word' id='word_1_776' title='bbox 1759 2522 1841 2554; x_wconf 90' lang='lat' dir='ltr'><strong>nihil</strong></span> <span class='ocrx_word' id='word_1_777' title='bbox 1865 2533 1959 2563; x_wconf 85' lang='lat' dir='ltr'><strong>quam</strong></span> <span class='ocrx_word' id='word_1_778' title='bbox 1983 2522 2204 2563; x_wconf 89' lang='lat' dir='ltr'><strong>probationem</strong></span> <span class='ocrx_word' id='word_1_779' title='bbox 2227 2522 2269 2554; x_wconf 91' lang='lat' dir='ltr'><strong>si-</strong></span> 
     </span>
     <span class='ocr_line' id='line_1_109' title="bbox 1304 2564 2268 2609; baseline -0.004 -9"><span class='ocrx_word' id='word_1_780' title='bbox 1304 2569 1444 2609; x_wconf 85' lang='lat' dir='ltr'><strong>gnificat.</strong></span> <span class='ocrx_word' id='word_1_781' title='bbox 1491 2566 1585 2607; x_wconf 88' lang='lat' dir='ltr'><strong>Quod</strong></span> <span class='ocrx_word' id='word_1_782' title='bbox 1620 2566 1754 2598; x_wconf 88' lang='lat' dir='ltr'><strong>Iacobus</strong></span> <span class='ocrx_word' id='word_1_783' title='bbox 1785 2565 1827 2606; x_wconf 89' lang='lat' dir='ltr'><strong>(l,</strong></span> <span class='ocrx_word' id='word_1_784' title='bbox 1853 2565 1906 2607; x_wconf 89' lang='lat'><strong>13)</strong></span> <span class='ocrx_word' id='word_1_785' title='bbox 1935 2569 2034 2606; x_wconf 88' lang='lat' dir='ltr'><strong>negat</strong></span> <span class='ocrx_word' id='word_1_786' title='bbox 2063 2575 2121 2597; x_wconf 88' lang='lat' dir='ltr'><strong>nos</strong></span> <span class='ocrx_word' id='word_1_787' title='bbox 2153 2575 2172 2596; x_wconf 89' lang='lat' dir='ltr'><strong>a</strong></span> <span class='ocrx_word' id='word_1_788' title='bbox 2197 2564 2268 2596; x_wconf 85' lang='lat' dir='ltr'><strong>Deo</strong></span> 
     </span>
     <span class='ocr_line' id='line_1_110' title="bbox 1305 2607 2268 2649; baseline -0.004 -8"><span class='ocrx_word' id='word_1_789' title='bbox 1305 2611 1434 2649; x_wconf 86' lang='lat' dir='ltr'><strong>tentari,</strong></span> <span class='ocrx_word' id='word_1_790' title='bbox 1467 2610 1565 2641; x_wconf 88' lang='lat' dir='ltr'><strong>alium</strong></span> <span class='ocrx_word' id='word_1_791' title='bbox 1589 2618 1716 2641; x_wconf 90' lang='lat' dir='ltr'><strong>sensum</strong></span> <span class='ocrx_word' id='word_1_792' title='bbox 1739 2608 1853 2640; x_wconf 85' lang='lat' dir='ltr'><strong>habet:</strong></span> <span class='ocrx_word' id='word_1_793' title='bbox 1884 2618 2000 2649; x_wconf 89' lang='lat' dir='ltr'><strong>nempe</strong></span> <span class='ocrx_word' id='word_1_794' title='bbox 2028 2608 2112 2649; x_wconf 88' lang='lat' dir='ltr'><strong>quod</strong></span> <span class='ocrx_word' id='word_1_795' title='bbox 2142 2618 2201 2640; x_wconf 89' lang='lat' dir='ltr'><strong>nos</strong></span> <span class='ocrx_word' id='word_1_796' title='bbox 2229 2607 2268 2638; x_wconf 89' lang='lat' dir='ltr'><strong>ad</strong></span> 
     </span>
     <span class='ocr_line' id='line_1_111' title="bbox 1305 2651 2270 2686; baseline -0.006 0"><span class='ocrx_word' id='word_1_797' title='bbox 1305 2654 1427 2686; x_wconf 88' lang='lat' dir='ltr'><strong>malum</strong></span> <span class='ocrx_word' id='word_1_798' title='bbox 1451 2663 1517 2685; x_wconf 90' lang='lat' dir='ltr'><strong>non</strong></span> <span class='ocrx_word' id='word_1_799' title='bbox 1540 2651 1697 2684; x_wconf 86' lang='lat' dir='ltr'><strong>sollicitet.</strong></span> <span class='ocrx_word' id='word_1_800' title='bbox 1735 2651 1807 2683; x_wconf 88' lang='lat' dir='ltr'><strong>Hoc</strong></span> <span class='ocrx_word' id='word_1_801' title='bbox 1830 2652 1915 2682; x_wconf 90' lang='lat' dir='ltr'><strong>enim</strong></span> <span class='ocrx_word' id='word_1_802' title='bbox 1940 2661 2015 2682; x_wconf 86' lang='lat' dir='ltr'><strong>vere</strong></span> <span class='ocrx_word' id='word_1_803' title='bbox 2038 2651 2108 2682; x_wconf 91' lang='lat' dir='ltr'><strong>fieri</strong></span> <span class='ocrx_word' id='word_1_804' title='bbox 2131 2655 2270 2683; x_wconf 87' lang='lat' dir='ltr'><strong>testatur</strong></span> 
     </span>
    </p>
   </div>
   <div class='ocr_carea' id='block_1_12' title="bbox 2462 297 2513 3126">
    <p class='ocr_par' dir='ltr' id='par_1_15' title="bbox 2462 297 2513 3126">
     <span class='ocr_line' id='line_1_112' title="bbox 2462 297 2513 3126; baseline 0 0"><span class='ocrx_word' id='word_1_805' title='bbox 2462 297 2513 3126; x_wconf 95' lang='lat' dir='ltr'><strong> </strong></span> 
     </span>
    </p>
   </div>
  </div>
 </body>
</html>
