2513 3126
263 213 324 243 219

264 311 351 346 tium,
377 309 475 340 nihilo
499 316 603 339 tanuen
620 306 783 346 segniores
801 306 832 336 in
854 306 922 336 eius
943 306 973 336 in
994 304 1230 345 praedicatione

264 353 409 387 fuorunt,
448 358 570 381 tantuin
610 349 716 387 abest,
754 356 789 379 nt
827 347 918 379 fracti
959 347 1061 378 taedio
1100 348 1228 379 suerint.

262 394 356 434 Quod
387 395 413 425 si
438 398 527 423 tantu
551 392 610 422 fuit
635 391 761 422 illorum
795 391 956 431 patientia,
990 401 1048 422 nos
1071 395 1158 421 corle
1183 390 1230 422 bis

262 442 294 470 ot
322 445 370 467 ter
393 436 525 474 ingrati,
554 434 616 465 nisi
647 435 779 474 gratiae,
809 444 890 473 quae
915 433 979 464 illis
1010 440 1127 473 negata
1158 433 1229 473 suit,

263 481 381 517 fruitio,
406 489 461 508 nos
486 479 516 508 in
541 478 690 508 omnibus
714 486 794 516 quae
819 476 988 516 patiendae
1011 482 1086 507 sunt
1105 486 1231 507 aerum-

263 523 313 553 nis
336 528 457 551 erectos
481 521 650 550 sustineat.

351 565 435 601 (guae
457 563 643 593 ‹iiitiuntiata
667 564 746 592 sanc.
792 561 913 592 Iterum
944 560 1115 592 discrimen
1142 563 1232 592 notat

263 608 344 637 inter
363 612 503 636 vctercin
522 606 698 635 ‹lectrinani
719 610 751 634 et
773 604 935 644 evangelii
961 604 1231 643 praedicationem

263 650 343 680 Num
368 648 637 688 quemadmodum
664 647 782 678 iustitia
808 646 868 677 Dei
892 647 925 677 iu
950 646 1119 687 evaugelio
1143 656 1232 677 revo-

260 692 356 729 latur,
388 692 607 722 testiinonium
640 690 762 720 habens
792 699 810 719 a
835 689 904 730 lege
927 695 959 720 et
983 689 1156 729 prophetis,
1186 689 1231 720 ita

260 741 293 766 et
323 733 468 765 coelestis
492 733 613 765 Christi
644 733 755 772 gloria,
791 731 829 762 de
859 742 923 772 qua
943 732 1019 763 olim
1044 733 1231 763 testificatus

260 783 305 808 est
331 778 472 816 spiritus,
498 787 583 806 nunc
608 776 712 814 pulani
737 776 962 805 annuntiatur.
996 774 1100 806 Simul
1124 782 1229 806 autem

260 819 486 851 cei-titudinem
518 818 677 857 evangelii
710 817 784 848 inde
812 818 1008 856 comprobat,
1040 817 1124 857 quod
1150 817 1229 848 nihil

261 863 404 893 continet
448 862 508 892 nisi
545 861 734 900 iampridem
769 871 788 891 a
821 860 936 900 spiritu
973 860 1032 891 Dei
1067 865 1230 891 testatum.

262 904 388 935 Deinde
405 904 566 940 admonet,
591 904 732 934 eiusdem
753 903 884 943 spiritus
907 903 1065 942 auspiciis,
1090 902 1231 941 adeoque

261 949 329 987 ipso
352 947 492 978 dictante
516 954 546 976 et
570 952 753 985 praeeunte,
783 945 1020 986 promulgatum
1045 955 1113 976 esse
1136 955 1233 975 evan-

261 990 391 1031 gelium,
417 1000 454 1019 nc
479 989 554 1028 quid
580 989 631 1020 hic
656 989 834 1019 humanum
858 990 1010 1028 cogitent.

347 1032 389 1063 In
411 1042 488 1071 (stiae
509 1032 689 1063 desiderant
713 1031 825 1071 anyeli.
863 1031 933 1062 Hoc
954 1040 1030 1061 vero
1054 1030 1231 1060 maximum

261 1075 422 1115 evangelii
447 1076 625 1105 encomium
650 1081 710 1114 est,
734 1073 818 1114 quod
844 1073 1032 1104 thesaurum
1053 1071 1232 1111 sapientiae

261 1119 411 1153 continet,
443 1117 566 1157 angelis
598 1117 703 1148 adhuc
726 1117 871 1148 clausum
895 1122 927 1147 et
950 1115 1120 1146 occultum.
1167 1113 1232 1146 Sed

261 1161 388 1191 obiiciet
410 1161 580 1200 quispiam,
604 1160 738 1191 minime
761 1170 830 1190 esse
854 1165 1116 1194 consentaneum,
1141 1157 1232 1188 nobis

261 1211 372 1243 aperta
388 1206 420 1234 et
438 1209 512 1233 nota
531 1213 600 1234 esse
619 1213 698 1242 quae
723 1202 852 1242 angelos
874 1201 1005 1240 lateant,
1029 1200 1083 1240 qui
1106 1210 1233 1239 semper

261 1246 374 1277 vident
398 1246 510 1277 faciem
536 1245 608 1283 Dei,
631 1252 663 1276 et
686 1246 717 1275 in
743 1244 883 1284 regenda
906 1243 1049 1280 ecclesia,
1073 1242 1232 1273 omnium-

262 1299 322 1328 que
357 1288 514 1319 bonorum
549 1288 836 1326 administratione,
869 1287 937 1317 eius
971 1285 1113 1316 ministri
1145 1290 1231 1316 sunt.

262 1331 455 1371 Respondeo
471 1337 582 1370 aperta
599 1330 688 1361 nobis
712 1341 780 1361 esse
804 1334 961 1369 quatenus
985 1338 1022 1358 ea
1045 1328 1079 1358 in
1103 1327 1232 1368 speculo

264 1375 352 1405 verbi
392 1374 564 1404 intuemur.
621 1373 688 1404 Nec
729 1383 805 1403 vero
846 1377 956 1402 nostra
990 1370 1084 1401 altior
1118 1371 1232 1401 notitia

262 1416 475 1457 praedicatur,
520 1426 615 1456 quam
656 1415 855 1455 angelorum.
897 1414 1038 1445 Tantum
1079 1413 1232 1454 intelligit

262 1460 380 1491 Petrus
414 1470 451 1489 ea
485 1459 574 1490 nobis
605 1459 761 1498 promitti,
795 1467 929 1497 quorum
961 1456 1231 1496 complementum

262 1502 370 1542 angeli
401 1501 505 1533 videri
536 1502 668 1541 cupiunt
690 1500 825 1541 (Ephes.
847 1500 876 1537 3,
908 1499 951 1541 8).
996 1499 1085 1530 Dicit
1109 1499 1231 1531 Paulus

263 1546 296 1576 in
313 1545 460 1585 gentium
479 1545 643 1575 vocatione
659 1544 838 1574 innotuisse
861 1543 984 1583 angelis
1008 1541 1231 1573 admirabilem

264 1588 325 1619 Dei
348 1587 551 1627 sapientiam.
597 1586 679 1617 Nam
705 1585 765 1617 hoc
787 1586 851 1617 illis
875 1596 997 1616 novum
1021 1590 1091 1616 erat
1109 1590 1231 1625 specta-

263 1631 382 1668 culum,
416 1630 498 1670 quod
533 1629 685 1661 Christus
719 1629 877 1660 mundum
913 1628 1085 1669 perditum,
1121 1632 1151 1659 et
1185 1629 1233 1658 tot

262 1673 397 1704 saeculis
427 1683 447 1703 a
468 1682 523 1712 spe
547 1672 632 1702 vitae
656 1672 832 1703 alienatum
857 1672 1053 1712 aggregabat
1076 1671 1113 1702 ad
1138 1680 1231 1702 suum

262 1726 386 1756 corpus.
432 1715 483 1746 Ita
506 1715 650 1755 quotidie
673 1725 746 1746 cum
770 1714 986 1745 admiratione
1008 1718 1146 1745 cernunt
1165 1723 1232 1744 ma-

262 1759 379 1799 gnifica
402 1757 464 1788 Dei
486 1768 584 1798 opera
607 1758 640 1788 in
664 1757 816 1789 ecclesiae
840 1757 1086 1798 gubernatione:
1111 1759 1233 1796 quanto

262 1802 361 1842 igitur
390 1800 493 1841 magis
523 1800 699 1840 stupebunt
729 1800 768 1831 ad
792 1810 977 1840 supremum
1001 1799 1081 1830 illud
1105 1798 1233 1831 divinae

262 1844 419 1880 iustitiae,
462 1843 614 1874 bonitatis
648 1843 688 1874 ad
722 1843 899 1883 sapientiae
933 1843 1114 1883 specimen,
1157 1842 1234 1873 dum

262 1886 387 1918 Christi
417 1897 554 1927 reguum
583 1885 818 1926 complebitur?
863 1885 949 1916 Illud
979 1890 1028 1917 est
1058 1885 1158 1926 igitur
1186 1895 1234 1916 ar-

262 1940 393 1967 canum,
429 1930 521 1960 cuius
555 1929 787 1960 revelationem
823 1928 929 1959 adhuc
962 1933 1168 1968 exspectant,
1203 1931 1234 1958 et

263 1972 378 2002 merito
401 1977 565 2011 exoptant.
611 1972 753 2002 Tametsi
777 1970 896 2011 duplex
924 1970 1020 2002 huius
1044 1971 1104 2001 loci
1129 1972 1234 2010 potest

263 2024 334 2045 esse
365 2024 492 2045 sensus:
525 2014 575 2045 vel
598 2014 682 2054 quod
707 2015 867 2045 referatur
891 2013 982 2045 nobis
1005 2013 1176 2044 thesaurus
1199 2013 1234 2044 in

264 2057 442 2097 evangelie,
465 2057 567 2096 quiin
587 2057 636 2088 sui
659 2057 853 2088 desiderium
878 2057 961 2097 rapit
981 2056 1069 2097 ipsos
1092 2056 1233 2096 angelos,

265 2100 339 2139 quia
363 2099 426 2130 illis
448 2098 508 2130 hoc
531 2100 672 2130 maxime
696 2099 818 2130 laetum
841 2105 891 2130 est
913 2099 1152 2139 spectaculum:
1182 2097 1234 2130 vel

266 2142 349 2181 quod
378 2152 516 2182 regnum
540 2142 673 2180 Christi,
703 2143 794 2173 cuius
822 2143 897 2173 viva
919 2143 952 2172 in
976 2142 1144 2182 evangelio
1168 2141 1233 2172 effi-

263 2185 333 2225 gies
363 2195 516 2224 expressa
546 2188 604 2224 est,
634 2185 750 2224 cupide
778 2185 890 2216 videre
913 2190 1082 2225 appetunt.
1127 2185 1235 2225 Atque

266 2227 317 2258 hic
336 2227 496 2258 secundus
521 2228 623 2268 magis
647 2227 776 2258 videtur
798 2237 984 2267 congruere.

352 2312 402 2344 13.
430 2312 532 2352 Quare
552 2312 696 2344 succincti
717 2311 830 2343 lumbis
852 2313 962 2343 mentis
981 2315 1108 2351 vestrae,
1130 2311 1235 2350 sobrii,

262 2355 394 2396 perfecte
408 2358 528 2394 sperate
542 2356 575 2386 in
591 2365 667 2392 eam,
683 2365 762 2394 quae
785 2355 826 2386 ad
847 2365 900 2386 vos
921 2355 1068 2394 defertur,
1089 2355 1235 2396 qratiam,

267 2400 301 2429 in
323 2398 502 2430 revelatione
518 2398 591 2430 Iesu
608 2396 741 2429 Christi:
778 2397 827 2429 14.
848 2400 996 2437 tanquam
1015 2398 1076 2437 filii
1098 2398 1235 2429 obedien-

267 2444 318 2481 tes,
341 2451 404 2472 nori
419 2441 600 2480 conformati
611 2440 770 2481 pristinis,
793 2450 871 2480 quae
886 2441 920 2471 in
937 2441 1114 2481 ignorantia
1135 2443 1236 2472 vestra

267 2486 447 2523 reynarant,
469 2483 706 2523 cupiditatibus.-
752 2482 801 2514 15.
832 2484 885 2514 sed
913 2483 1168 2522 quemadmodum
1197 2483 1235 2522 is,

268 2527 397 2565 quivos
425 2527 549 2562 vocavit,
580 2529 707 2558 sanetus
736 2528 788 2565 est,
822 2526 867 2557 ita
897 2526 960 2566 ipsi
989 2527 1089 2558 sancti
1119 2526 1154 2558 in
1175 2527 1237 2557 tota

269 2569 495 2600 conversatione
523 2569 711 2601 reddamini.
756 2569 807 2600 16.
833 2567 999 2608 Propterea
1029 2568 1112 2608 quod
1137 2568 1235 2609 serip-

269 2613 334 2642 tum
356 2613 414 2643 est:
435 2613 534 2643 sancti
554 2615 650 2652 estote,
672 2612 747 2651 quia
768 2621 819 2652 eye
841 2614 966 2643 sanetus
987 2621 1065 2643 sam.

1087 208 1228 239 El‘lsr.
1253 208 1388 239 l’E‘ritl
1419 209 1427 239 1

2194 212 2257 244 220

1369 306 1418 336 Ex
1450 305 1671 346 magnitudine
1705 313 1736 338 ot
1765 307 1957 339 excellentia
1988 307 2116 339 deducit
2138 308 2256 340 exhor-

1283 348 1453 379 tationem:
1480 353 1514 379 ut
1530 354 1618 380 certe
1637 359 1673 380 oo
1697 350 1800 390 magis
1824 350 1966 382 intentos
1991 360 2060 381 csse
2084 360 2142 382 nos
2165 349 2257 382 decet

1283 390 1322 422 ad
1353 390 1575 430 excipiendam
1602 391 1662 422 Dei
1693 393 1842 433 gratiam,
1872 403 1934 432 quo
1967 404 2000 423 se
2030 392 2193 424 liberalius
2222 394 2255 424 iu

1283 444 1341 465 nos
1371 433 1516 464 cil'unilit.
1562 433 1610 465 Ac
1634 435 1794 466 notandus
1817 440 1865 466 est
1887 439 2067 466 contextus.
2114 435 2252 466 Dixerat

1284 481 1406 506 tantam
1441 486 1509 506 esse
1544 477 1636 516 regui
1670 478 1792 509 Christi
1827 477 2051 516 altitudinem,
2089 477 2128 508 ad
2161 488 2255 517 quem

1285 529 1342 549 nos
1367 524 1457 549 vocat
1480 519 1697 560 evangelium,
1721 526 1755 550 ut
1774 520 1929 552 coelestes
1948 530 2076 560 quoque
2096 521 2202 561 angeli
2225 521 2256 551 in

1284 562 1353 592 eius
1386 566 1588 601 prospectum
1620 569 1808 603 assurgant:
1843 563 1918 603 quid
1943 572 2020 603 ergo
2045 563 2146 602 nobis,
2181 563 2257 603 qnia

1285 605 1318 635 in
1342 603 1463 634 mundo
1486 614 1665 641 versamur,
1689 605 1850 645 agendum
1874 606 1944 636 est?
1982 606 2079 638 Certe
2103 605 2255 644 quamdiu

1285 647 1317 677 in
1349 654 1433 677 terra
1464 646 1614 685 vivimus,
1648 653 1738 678 tanta
1768 653 1817 679 est
1843 648 1928 679 inter
1952 659 2010 680 nos
2034 653 2066 679 et
2089 648 2256 679 Christum

1286 690 1447 725 distantia,
1470 696 1503 719 ut
1524 690 1643 720 frustra
1667 700 1724 721 nos
1744 690 1783 721 ad
1799 691 1844 722 sei
1863 692 1977 721 nvitet.
2016 691 2103 730 Ergo
2128 701 2257 722 necesse

1285 743 1404 763 exuere
1434 732 1608 771 imaginem
1633 733 1734 773 Adae,
1765 738 1797 764 et
1825 738 1927 764 totum
1952 734 2112 765 saeculum
2137 734 2258 764 omnia-

1285 785 1346 814 que
1380 775 1610 814 impedimenta
1644 775 1795 812 abiicere,
1842 781 1878 807 ut
1910 776 2006 807 soluti
2053 785 2183 807 sursum
2219 775 2258 806 ad

1286 817 1451 849 Christum
1487 817 1636 848 feramur.
1693 818 1856 858 Praecipit
1889 824 1996 850 autem
2031 819 2070 849 iis
2105 818 2143 849 ad
2179 828 2258 858 quos

1285 860 1408 897 scribit,
1432 865 1466 891 ut
1482 860 1624 900 expediti
1641 866 1673 891 et
1692 860 1791 891 sobrii
1814 861 1847 891 in
1871 860 2010 892 oblatam
2035 861 2095 893 sibi
2120 861 2258 902 gratiam

1285 908 1429 942 sperent:
1467 902 1582 933 deinde
1617 908 1654 934 ut
1683 903 1908 934 renuntiantes
1946 904 2066 935 mundo
2098 907 2130 935 et
2160 903 2259 944 priori

1288 945 1380 982 vitae,
1411 956 1445 976 se
1471 945 1538 976 Deo
1569 946 1778 977 conforment.
1825 946 1897 977 Hoc
1920 957 1996 987 ergo
2020 947 2108 987 prius
2131 951 2180 978 est
2203 957 2259 977 ex·

1286 987 1477 1019 hortationis
1508 987 1698 1026 membrum,
1741 994 1777 1019 ut
1806 988 1924 1020 lumbis
1955 990 2071 1020 mentis
2104 989 2259 1020 succincti

1286 1031 1410 1061 animos
1441 1030 1592 1061 adiiciant
1623 1031 1662 1061 ad
1694 1041 1783 1072 spem
1815 1032 1938 1072 gratiae
1962 1031 2021 1062 sibi
2046 1031 2172 1063 allatae.
2219 1030 2259 1062 In

1285 1073 1426 1104 secundo
1457 1073 1585 1104 modum
1617 1074 1816 1113 praescribit,
1846 1078 1882 1105 ut
1912 1079 2036 1105 mutato
2068 1075 2197 1114 ingenio
2219 1073 2259 1104 ad

1285 1115 1460 1156 imaginem
1485 1115 1546 1146 Dei
1571 1116 1759 1148 formentur.

1372 1158 1421 1189 13.
1448 1158 1600 1190 Succincti
1630 1158 1752 1191 lumbis.
1799 1158 1985 1191 Similitudo
2017 1169 2057 1190 ex
2085 1169 2174 1190 more
2206 1169 2259 1189 ve·

1286 1205 1371 1231 tusto
1395 1206 1534 1241 sumpta,
1565 1211 1635 1232 nam
1661 1212 1758 1242 quum
1783 1202 1938 1242 oblongas
1962 1201 2119 1233 haberent
2143 1206 2259 1238 vestes,

1286 1253 1392 1282 neque
1414 1243 1475 1274 iter
1498 1242 1613 1280 facere,
1640 1255 1744 1284 neque
1764 1245 1940 1285 quidquam
1964 1245 2071 1284 operis
2093 1243 2261 1276 commode

1286 1285 1449 1326 suscipere
1480 1292 1639 1327 poterant,
1673 1287 1736 1318 nisi
1766 1287 1928 1319 succincti.
1974 1287 2070 1319 Unde
2101 1288 2183 1318 istae
2213 1287 2258 1317 lo-

1286 1329 1466 1368 quiniones,
1497 1329 1663 1370 accingere
1690 1340 1723 1361 se
1747 1330 1787 1361 ad
1811 1330 1883 1370 iter,
1913 1330 1963 1361 vel
1986 1329 2026 1360 ad
2050 1339 2132 1370 opus
2154 1336 2185 1360 et
2208 1339 2260 1361 res

1285 1370 1453 1411 gerendas.
1504 1371 1592 1411 Ergo
1622 1372 1853 1411 impedimenta
1884 1372 1952 1403 tolli
1976 1372 2072 1410 iubet,
2104 1377 2141 1403 ut
2163 1372 2260 1403 soluti

1285 1414 1325 1445 ad
1363 1413 1471 1444 Deum
1509 1415 1716 1446 contendant.
1777 1414 1842 1454 Qui
1883 1416 1916 1446 in
1953 1415 2071 1446 lumbis
2108 1414 2260 1446 subtilius

1286 1456 1566 1497 philosophantur,
1597 1457 1689 1496 quasi
1714 1458 1913 1497 praeciperet
1936 1457 2084 1488 libidines
2107 1458 2259 1497 restringi

1286 1500 1401 1531 debere
1418 1504 1450 1530 et
1466 1501 1576 1538 arceri,
1601 1499 1771 1531 discedunt
1787 1511 1806 1531 a
1821 1499 1964 1541 genuina
1983 1499 2118 1540 apostoli
2141 1504 2259 1530 mente.

1286 1542 1396 1582 Neque
1437 1542 1520 1572 enim
1558 1542 1646 1573 aliud
1676 1543 1737 1573 sibi
1767 1543 1882 1574 volunt
1912 1542 1992 1574 haec
2029 1542 2127 1574 verba
2162 1552 2260 1582 quam

1285 1585 1341 1615 illa
1364 1584 1487 1616 Christi
1517 1584 1611 1625 (Luc.
1638 1585 1686 1623 12,
1717 1585 1786 1627 35):
1823 1584 1899 1617 Sint
1922 1585 2023 1617 lumbi
2047 1584 2147 1617 vestri
2171 1594 2261 1624 prae-

1285 1628 1382 1659 cincti
1420 1632 1452 1658 et
1486 1627 1636 1659 lucernae
1671 1628 1822 1660 ardentes
1856 1629 1889 1658 in
1925 1628 2074 1659 manibus
2109 1628 2259 1659 verstris:

1286 1671 1347 1702 nisi
1371 1670 1455 1710 quod
1473 1670 1591 1701 Petrus
1610 1671 1834 1711 metaphoram
1858 1671 2011 1711 duplicat,
2034 1680 2135 1710 quum
2159 1671 2260 1701 menti

1285 1713 1412 1744 lumbos
1443 1713 1599 1745 attribuit.
1646 1713 1819 1754 Significat
1847 1717 1955 1745 autem
1986 1718 2111 1744 mentes
2133 1719 2261 1744 nostras

1286 1757 1386 1787 fluxis
1409 1756 1505 1787 huius
1529 1756 1643 1787 mundi
1666 1757 1763 1795 curis,
1791 1760 1824 1788 et
1846 1757 2054 1797 supervacuis
2076 1755 2259 1795 cupiditati-

1288 1799 1346 1830 bus
1369 1799 1541 1838 implicitas
1564 1800 1679 1838 teneri,
1703 1810 1743 1830 ne
1765 1809 1894 1831 sursum
1919 1799 1958 1830 ad
1983 1799 2089 1830 Deum
2114 1797 2259 1830 tendant.

1287 1842 1376 1882 Ergo
1406 1842 1550 1882 quisquis
1574 1852 1649 1873 vere
1672 1852 1803 1882 sperare
1825 1843 1924 1881 cupit,
1954 1842 1986 1873 in
2011 1841 2124 1882 primis
2148 1851 2181 1872 se
2206 1851 2258 1872 ex-

1287 1885 1402 1916 tricare
1432 1883 1542 1924 discat,
1576 1890 1782 1925 mentemque
1812 1895 1903 1916 suam
1932 1885 2122 1924 astringere,
2157 1894 2197 1915 ne
2226 1884 2260 1915 iu

1287 1927 1442 1959 evanidos
1465 1927 1599 1959 affectus
1623 1927 1759 1959 diffluat.
1805 1927 1927 1958 Eodem
1951 1932 1983 1958 et
2006 1927 2164 1958 sobrietas
2187 1937 2259 1967 per-

1288 1971 1380 2007 tinet,
1396 1980 1491 2009 quam
1509 1980 1584 2000 mox
1601 1970 1740 2002 subiicit.
1778 1970 1893 2010 Neque
1908 1970 1993 2001 enim
2010 1969 2260 2009 temperantiam

1287 2012 1391 2043 solum
1422 2013 1456 2043 in
1484 2013 1554 2044 cibo
1577 2017 1609 2044 et
1633 2018 1708 2053 potu
1733 2012 1947 2050 commendat,
1979 2011 2035 2044 sed
2058 2011 2259 2052 spiritualem

1288 2056 1392 2096 potius
1433 2055 1655 2095 sobrietatem,
1699 2066 1797 2096 quum
1839 2065 1954 2087 sensus
1986 2065 2099 2087 omnes
2132 2060 2260 2086 nostros

1287 2098 1499 2137 continemus,
1527 2108 1569 2129 ne
1592 2108 1626 2129 se
1650 2098 1747 2130 huius
1771 2098 1884 2129 mundi
1907 2097 2066 2130 illecebris
2088 2098 2258 2129 inebrient.

1288 2141 1371 2171 Nam
1403 2142 1429 2172 si
1460 2141 1510 2172 vel
1542 2141 1696 2172 minimus
1727 2151 1837 2172 earum
1870 2145 1983 2181 gustus
2013 2140 2126 2171 furtim
2156 2149 2214 2170 nos
2242 2149 2260 2169 a

1288 2183 1357 2214 Deo
1380 2183 1518 2222 abducit,
1541 2184 1688 2224 quisquis
1710 2194 1744 2215 se
1767 2184 1799 2214 in
1822 2183 1894 2215 illas
1917 2183 2108 2224 ingurgitat,
2130 2191 2260 2215 necesse

1288 2232 1336 2257 est
1367 2232 1402 2257 ut
1425 2227 1548 2267 sopitus
1571 2231 1604 2257 et
1630 2227 1780 2266 stupidus
1812 2227 1915 2258 Deum
1940 2232 1971 2256 et
1991 2235 2072 2266 quae
2091 2225 2154 2256 Dei
2183 2228 2260 2256 sunt

1287 2269 1505 2300 obliviscatur.

1372 2311 1508 2352 Perfeete
1539 2313 1671 2351 sperate.
1717 2311 1906 2343 Subindicat
1946 2321 2009 2349 eos,
2044 2311 2098 2350 qui
2133 2314 2259 2341 mentes

1288 2364 1362 2386 suas
1393 2355 1506 2386 laxant
1535 2355 1575 2385 ad
1604 2355 1792 2392 vanitatem,
1827 2364 1890 2385 non
1913 2353 2023 2391 solide,
2058 2357 2095 2383 ut
2117 2352 2258 2389 decebat,

1289 2402 1320 2428 et
1343 2398 1466 2429 sincere
1488 2398 1522 2428 in
1542 2397 1605 2428 Dei
1628 2397 1766 2438 gratiam
1790 2406 1930 2436 sperare.
1965 2396 2036 2427 Etsi
2060 2395 2145 2426 enim
2168 2405 2259 2435 spem

1289 2439 1428 2480 aliquam
1463 2441 1585 2481 gratiae
1618 2440 1820 2480 concipiunt:
1856 2438 1929 2478 quia
1963 2443 2071 2470 tamen
2104 2438 2259 2469 vacillant

1289 2488 1320 2513 et
1348 2483 1550 2514 fluctuantur
1579 2482 1612 2513 in
1644 2482 1774 2519 mundo,
1810 2481 1900 2513 nulla
1932 2485 1981 2512 est
2010 2481 2043 2512 in
2068 2490 2125 2521 spe
2147 2490 2259 2512 eorum

1289 2525 1443 2557 soliditas.
1488 2524 1577 2556 Dicit
1605 2530 1712 2556 autem
1744 2525 1785 2555 in
1808 2523 1982 2565 gratiam
2006 2533 2102 2563 quae
2127 2522 2259 2554 defer-

1290 2573 1373 2608 tur,
1407 2578 1470 2608 quo
1505 2568 1570 2599 sint
1604 2567 1644 2599 ad
1678 2577 1747 2599 eam
1782 2566 1999 2606 recipiendam
2033 2566 2259 2606 promptiores.

1290 2610 1406 2643 Procul
1436 2610 1640 2651 quaerendus
1663 2614 1747 2642 esset
1769 2609 1875 2641 Deus:
1906 2609 1976 2649 ipse
1999 2614 2107 2640 autem
2129 2609 2259 2640 obviam

1290 2653 1373 2684 ultro
1403 2654 1550 2686 accurrit.
1604 2652 1736 2692 Quanta
1771 2652 1872 2693 igitur
1903 2658 2015 2683 nostra
2045 2649 2258 2692 ingratitudo,
