2513 3126
174 194 234 226 113

174 298 210 319 eo
238 298 306 319 esse
337 287 473 319 foederis
501 288 782 328 complementum.
829 289 1004 321 Promissio
1036 292 1143 319 autem
1170 291 1173 316 ἶ

174 329 393 368 haereditatis,
425 341 481 371 pro
512 331 712 363 haereditate
736 332 892 371 promissa
916 331 1051 372 capitur.
1096 331 1145 362 Ac

174 374 200 404 si
220 373 372 404 dixisset:
396 373 573 405 Promissio
589 374 676 405 vitae
696 378 847 406 aeternae
862 384 927 406 non
944 373 1039 405 aliter
1055 372 1145 404 nobis

173 419 299 447 constat
328 420 365 447 ut
396 427 433 447 ea
464 417 610 448 fruamur
636 427 731 456 quam
760 427 817 456 per
840 416 963 449 Christi
997 418 1144 447 mortem.

174 458 252 489 Vita
276 458 406 498 quidem
431 458 576 499 patribus
600 459 674 491 olim
700 459 859 499 promissa
881 459 950 498 suit,
979 462 1011 490 et
1033 457 1145 490 eadem

174 501 214 532 ab
248 502 340 533 initio
371 502 432 533 fuit
459 502 599 533 filiorum
624 502 687 533 Dei
710 501 908 533 haereditas:
939 501 995 533 sed
1019 501 1052 532 in
1076 511 1144 541 pos·
1172 520 1173 536 1

174 545 348 576 sessionem
382 555 445 575 non
476 544 569 575 aliter
599 544 800 585 ingredimur
833 553 929 584 quam
969 546 1145 583 praeeunte
1171 550 1173 572 ε

174 586 298 618 Christi
327 589 493 627 sanguine.
540 587 703 627 Loquitur
733 591 841 617 autem
873 586 912 618 de
943 586 1077 623 vocatis,
1110 589 1146 616 ut

175 629 321 668 Iudaeos,
346 630 399 670 qui
414 630 510 660 huius
530 629 706 662 vocationis
725 633 818 660 erant
835 628 1016 668 participes,
1042 628 1145 668 magis

174 673 304 704 afficiat.
361 672 543 712 Singularis
577 672 662 703 enim
698 674 747 702 est
780 671 860 702 haec
893 670 1011 711 gratia,
1045 680 1145 710 quum

174 714 300 746 Christi
320 715 503 755 cognitione
523 714 690 745 donamur.
729 713 842 752 Itaque
857 723 894 745 eo
909 712 1014 753 magis
1030 722 1145 744 caven-

176 757 251 788 dum
286 759 335 789 est
368 767 408 787 ne
443 761 507 787 tam
542 755 769 788 inaestimabili
802 755 957 787 thesauro
999 755 1146 795 neglecto

176 800 250 831 alibi
271 802 429 839 vagentur
452 803 576 830 mentes
599 803 737 830 nostrae.
776 797 916 830 Vocatos
935 797 1065 838 quidam
1088 807 1146 838 pro

176 843 285 873 electis
313 841 489 881 accipiunt:
520 841 574 872 sed
600 851 768 881 perperam
793 850 865 872 meo
887 840 1014 872 iudicio.
1054 840 1145 872 Idem

177 885 261 915 enim
285 883 337 915 hic
361 884 452 915 docet
474 884 637 923 apostolus
662 884 746 923 quod
770 883 910 915 habetur
929 883 1023 915 Rom.
1042 884 1146 923 capite

175 927 205 965 3,
228 926 279 963 25,
303 927 459 957 iustitiam
484 931 515 957 et
538 927 677 958 salutem
695 926 819 958 Christi
841 926 1001 968 sanguine
1018 932 1146 967 partam

176 980 253 1009 esse,
278 969 341 1000 fide
363 979 439 1000 vero
463 979 481 1000 a
504 970 595 1001 nobis
618 970 748 1009 percipi.

263 1012 310 1043 16.
343 1011 428 1043 Nam
458 1012 510 1043 ubi
539 1015 582 1044 est
611 1014 832 1044 testamentum.
887 1011 949 1043 Vel
978 1012 1031 1044 hic
1062 1022 1146 1043 unus

174 1055 263 1085 locus
297 1060 489 1095 argumento
518 1061 580 1093 est,
615 1055 782 1095 epistolam
815 1055 963 1087 hebraice
993 1055 1145 1095 scriptam

173 1108 236 1128 non
261 1097 368 1129 fuisse.
414 1102 488 1130 ΝἾΞ
508 1098 595 1129 enim
619 1098 729 1129 foedus
754 1098 923 1137 Hebraeis,
952 1108 1018 1129 non
1049 1102 1145 1129 testa-

172 1145 319 1171 mentum
348 1141 526 1181 significat:
557 1141 612 1172 sed
636 1141 710 1181 quia
734 1141 818 1181 apud
843 1140 986 1173 Graecos
1010 1140 1146 1182 διαθὲκη
1173 1156 1174 1161 =

173 1188 346 1223 utrumque
386 1183 646 1224 comprehendit,
691 1184 854 1224 apostolus
890 1184 930 1215 ad
971 1183 1146 1215 secundam

172 1226 437 1266 significationem
477 1226 638 1264 alludens,
680 1227 912 1267 promissiones
950 1237 1014 1257 non
1053 1227 1147 1258 aliter

173 1268 316 1308 potuisse
350 1274 437 1301 ratas
472 1280 508 1301 ac
538 1269 662 1301 validas
696 1280 765 1301 esse
798 1270 955 1310 disputat,
990 1279 1086 1309 quam
1118 1269 1145 1300 si

173 1311 296 1343 Christi
328 1317 433 1344 morte
463 1313 651 1353 obsignatae
678 1316 794 1344 essent.
840 1312 944 1352 quue
968 1312 1080 1352 probat
1103 1323 1146 1343 ex

173 1355 336 1386 communi
359 1355 429 1387 iure
454 1360 738 1387 testamentorum:
762 1365 899 1395 quorum
919 1355 970 1387 vis
988 1365 1145 1395 suspensa
1172 1375 1173 1385 1

172 1403 223 1428 est
245 1407 346 1437 usque
370 1398 410 1429 ad
433 1408 545 1430 eorum
569 1402 705 1430 mortem
730 1399 783 1438 qui
808 1400 981 1431 testantur.
1023 1397 1146 1437 Quam-

172 1449 266 1480 quam
285 1440 414 1472 videtur
433 1441 598 1482 apostolus
618 1441 714 1473 nimis
734 1442 883 1473 infirmae
901 1441 1019 1472 rationi
1038 1441 1145 1478 inniti,

172 1487 208 1513 ut
237 1483 325 1514 nullo
353 1485 481 1525 negotio
512 1484 646 1516 refutari
671 1489 768 1524 queat
791 1484 875 1525 qued
899 1484 986 1516 dicit.
1032 1483 1146 1524 Neque

173 1526 258 1556 enim
300 1531 530 1558 testamentum
569 1527 712 1558 condidit
746 1527 838 1559 Deus
871 1527 930 1558 sub
964 1526 1048 1567 lege,
1089 1527 1144 1558 sed
1171 1559 1172 1564 ,

172 1568 283 1600 foedus
309 1570 432 1610 pepigit
455 1581 527 1601 cum
552 1571 653 1602 veteri
677 1571 813 1611 populo:
842 1570 889 1602 ita
912 1580 1014 1610 neque
1037 1580 1078 1601 ex
1101 1580 1145 1609 re,

171 1621 275 1651 neque
299 1622 339 1644 ex
362 1613 493 1644 nomine
517 1613 668 1654 colligere
686 1614 792 1654 potuit
811 1614 1026 1645 neeessariam
1046 1613 1144 1644 fuisse

170 1653 298 1686 Christi
329 1660 477 1687 mortem.
524 1656 607 1688 Nam
634 1657 660 1688 si
685 1667 725 1688 ex
750 1667 784 1688 re
806 1656 935 1697 inferat,
966 1656 1144 1696 oportuisse

170 1696 338 1729 Christum
373 1699 469 1736 mori,
505 1699 580 1739 quia
614 1704 846 1731 testamentum
878 1699 1011 1730 nonnisi
1042 1703 1144 1730 morte

1064 194 1213 226 CAPUT
1237 194 1286 226 IX

170 1742 334 1772 testatoris
353 1747 458 1773 ratum
478 1742 535 1774 sit:
560 1746 708 1782 prompta
726 1747 776 1774 est
794 1742 952 1783 exceptio,
972 1746 1050 1774 ΝὋ
1068 1742 1144 1783 (quo
1170 1768 1171 1779 2

169 1783 300 1815 nomine
323 1786 440 1825 passim
465 1785 566 1816 utitur
583 1786 707 1826 Moses)
731 1784 843 1817 foedus
867 1795 937 1817 esse
956 1785 1039 1826 quod
1059 1786 1144 1816 inter

170 1826 263 1858 vivos
292 1828 480 1868 percutitur,
511 1839 571 1860 nec
600 1829 638 1860 de
669 1839 703 1860 re
733 1829 803 1868 ipsa
826 1828 913 1859 aliud
935 1829 1141 1860 sentiendum
1169 1843 1170 1851 κ

170 1874 228 1900 est.
273 1869 368 1909 Quod
397 1871 436 1902 ad
468 1881 586 1903 nomen
616 1876 748 1912 spectat,
779 1871 972 1912 simpliciter
998 1871 1051 1912 (ut
1078 1871 1143 1902 iam

170 1911 251 1953 dixi)
288 1914 327 1944 ad
362 1913 547 1955 ambiguam
582 1924 717 1955 graecae
751 1914 838 1946 vocis
872 1914 1141 1956 significationem

170 1955 287 1987 allusit.
345 1956 454 1996 Quare
492 1958 525 1988 in
561 1968 628 1988 rem
665 1958 768 1997 ipsam
804 1958 977 1998 praecipue
1010 1957 1141 1989 insistit.

169 1998 237 2029 Nec
260 1999 366 2030 obstat
384 1999 468 2040 quod
489 2001 579 2032 Deus
598 2011 671 2032 cum
692 1999 810 2041 populo
829 2010 888 2032 suo
907 2000 1021 2032 foedus
1042 2001 1143 2041 pacis-

168 2041 308 2072 cebatur.
355 2041 440 2081 Quia
469 2043 580 2075 foedus
611 2043 671 2075 hoc
702 2043 808 2075 simile
835 2047 1034 2075 testamento
1062 2047 1140 2081 erat,

168 2085 288 2124 quippe
325 2085 409 2124 quod
443 2088 601 2126 sanguine
635 2086 852 2119 sanciebatur.
905 2086 979 2117 Hoc
1012 2086 1168 2117 axioma*

168 2127 344 2158 tenendum
372 2132 430 2165 est,
461 2128 560 2160 Nulla
589 2139 732 2169 unquam
763 2128 912 2170 symbola
944 2135 1065 2161 temere
1088 2130 1140 2160 vel
1166 2133 1168 2158 ε

168 2169 224 2201 abs
255 2181 289 2201 re
315 2180 334 2201 a
357 2171 427 2202 Deo
451 2171 548 2203 fuisse
572 2176 735 2212 usurpata.
780 2171 882 2212 Atqui
904 2171 996 2203 Deus
1018 2172 1051 2203 in
1076 2176 1139 2203 sta—

168 2211 308 2244 biliendo
331 2214 410 2254 legis
434 2213 560 2246 foedere
583 2215 776 2256 sanguinem
801 2215 1006 2254 interposuit.
1052 2214 1140 2255 Ergo

167 2265 233 2286 non
265 2256 322 2287 fuit
353 2262 538 2289 contractus
568 2258 654 2289 inter
676 2258 768 2289 vivos
792 2256 843 2299 (ut
862 2257 1061 2299 loquuntur),
1084 2258 1138 2289 sed

167 2298 220 2338 qui
259 2304 395 2331 mortem
434 2300 620 2340 postularet.
675 2301 777 2332 Porro
815 2300 895 2332 haec
928 2301 1059 2341 propria
1092 2305 1167 2338 est.

167 2341 306 2373 conditio
346 2344 541 2383 testamenti,
579 2348 617 2374 ut
655 2353 672 2375 a
713 2348 815 2375 morte
853 2343 1003 2375 effectum
1043 2353 1139 2375 suum

168 2383 286 2416 habere
323 2385 464 2426 incipiat.
520 2386 556 2418 Si
595 2396 634 2418 ex
673 2397 707 2418 re
745 2387 921 2427 cogitemus
958 2386 1138 2426 apostolum

167 2434 321 2466 pugnare,
349 2439 413 2460 non
435 2440 476 2460 ex
498 2430 615 2461 verbo:
647 2429 762 2461 deinde
785 2430 812 2461 si
836 2434 1023 2469 reputemus
1046 2429 1137 2460 illum

168 2477 225 2507 pro
254 2470 398 2502 confesso
427 2482 554 2504 sumere
584 2472 683 2514 (quod
714 2473 778 2504 iam
805 2472 888 2514 dixi)
912 2472 995 2503 nihil
1017 2472 1139 2503 frustra

168 2519 187 2540 a
210 2509 281 2558 Deo
312 2512 409 2545 fuisse
431 2515 633 2547 institutum:
665 2525 730 2547 non
753 2515 894 2547 multum
918 2515 980 2546 erit
1004 2514 1138 2546 difficul-

167 2556 252 2584 tatis.
311 2554 346 2586 Si
378 2556 448 2595 quis
482 2557 619 2597 obiiciat,
654 2562 768 2600 gentes
802 2558 834 2590 in
870 2558 970 2590 alium
1004 2567 1137 2589 sensum

168 2595 298 2627 foedera
327 2598 492 2631 sacrificiis
514 2605 688 2633 mactasse:
720 2601 751 2632 id
776 2600 906 2641 quidem
932 2610 1044 2633 verum
1068 2610 1138 2633 esse

166 2639 277 2677 fateor,
302 2639 357 2671 sed
374 2639 465 2672 Deus
487 2642 585 2674 ritum
610 2644 812 2676 sacrificandi
835 2654 876 2675 ex
895 2644 1041 2684 gentium
1061 2654 1137 2675 con·
1162 2641 1165 2667 '-

270 2699 380 2725 Calvini
397 2707 487 2732 opera.
514 2700 572 2727 Vol.
590 2702 659 2729 LV.

2115 198 2173 228 114

1199 289 1368 322 suetudine
1392 293 1559 322 mutuatus
1578 299 1641 321 non
1662 294 1726 321 est:
1751 289 1826 329 quin
1846 290 1951 330 potius
1968 290 2076 321 omnia
2095 301 2171 331 genv

1200 332 1281 363 tium
1313 332 1469 365 sacrificia
1492 332 1667 374 degeneres
1691 332 1822 363 suerunt
1845 332 2058 372 corruptelae,
2089 343 2171 373 quac

1200 378 1309 405 tamen
1339 373 1466 407 initium
1495 378 1666 407 traxerunt
1689 385 1708 406 a
1733 374 1792 406 Dei
1816 375 1984 407 institutis.
2031 376 2171 407 Proinde

1199 427 1326 457 semper
1356 417 1421 449 huc
1451 417 1650 450 redeundum
1681 420 1738 456 est,
1771 417 1881 449 foedus
1905 418 1967 449 Dei
1992 418 2074 458 quod
2098 429 2170 450 san-

1199 460 1296 498 guine
1319 469 1507 500 percussum
1527 460 1597 499 fuit,
1620 463 1694 501 apte
1713 460 1849 491 conferri
1868 464 2070 499 testamento,
2095 462 2171 502 quia

1199 502 1344 534 eiusdem
1367 503 1562 535 conditionis
1585 513 1622 535 ac
1644 507 1779 534 naturae
1803 502 1909 534 fuerit.

1288 587 1335 619 18.
1367 587 1452 620 Unde
1480 598 1576 628 neque
1592 589 1734 629 primum
1755 587 1836 619 illud
1858 588 1925 618 sine
1947 589 2097 628 sanyuine
2119 590 2170 620 ‹le-

1198 629 1332 660 diealum
1360 630 1431 670 fuit.
1480 631 1528 662 19.
1555 631 1639 663 Nam
1663 633 1830 670 postquam
1852 631 2044 669 exposuisset
2068 631 2171 663 Moses

1198 672 1364 703 seeundum
1386 673 1478 714 leyem
1501 676 1594 705 totum
1616 673 1800 706 mandatum
1818 673 1961 704 universo
1976 674 2099 712 populo,
2123 685 2171 705 ae-

1199 714 1316 752 cipieozs
1344 716 1527 756 sanquinem
1555 716 1723 749 vitulorum
1752 718 1779 747 et
1801 715 1964 754 hircorum,
1995 726 2064 747 cum
2087 727 2168 755 aqua

1199 759 1226 787 et
1248 756 1324 787 lana
1346 758 1493 798 coccinea,
1516 761 1543 789 et
1557 759 1698 799 hyssopo,
1723 758 1837 790 librum
1858 761 1886 790 et
1907 760 2002 790 totum
2019 759 2168 798 populmn

1199 799 1364 837 adspersit,
1395 799 1447 832 20.
1471 801 1590 832 dicens.-
1618 801 1668 833 hie
1688 802 1874 841 estsanyuis
1893 802 2069 837 testamenti,
2090 804 2169 840 quod

1200 841 1289 873 Dens
1318 842 1479 874 mandavit
1502 843 1585 874 vobis
1607 844 1756 875 omnibus.
1802 844 1852 875 21.
1880 844 1963 882 Quin
1986 847 2012 874 et
2031 844 2169 875 taberna-

1200 884 1311 923 culum,
1342 887 1370 916 et
1398 886 1504 916 omnia
1533 895 1611 917 vasa
1639 887 1814 925 ministerii,
1845 887 1997 926 sanquine
2025 887 2172 918 similiter

1199 927 1372 967 adspersit:
1401 927 1452 959 22.
1485 931 1510 959 et
1534 929 1756 968 propemodum
1785 930 1937 970 sanquine
1965 930 2069 961 omnia
2091 941 2171 969 pur-

1198 973 1312 1010 yantur
1340 971 1508 1002 secundum
1539 972 1641 1011 leyem,
1670 982 1724 1001 ozee
1750 972 1816 1002 sine
1838 972 2003 1011 sanquinis
2026 973 2170 1011 effusione

1199 1013 1234 1052 fit
1264 1013 1418 1045 remissio.
1463 1013 1513 1044 23.
1540 1014 1671 1045 Necesse
1698 1014 1795 1053 ‘iyitur
1825 1017 1877 1053 est,
1908 1015 2046 1053 eoeempla
2069 1026 2172 1047 eorum

1201 1066 1280 1095 quae
1303 1058 1375 1087 sunt
1397 1057 1432 1088 in
1454 1056 1554 1092 coelis,
1578 1055 1650 1088 istis
1666 1057 1817 1095 pzoryari:
1846 1057 1916 1096 ipsa
1941 1068 2010 1088 vero
2033 1058 2172 1090 coelestia

1201 1099 1381 1130 melioribus
1402 1109 1496 1139 quam
1519 1099 1592 1130 illae
1612 1098 1730 1136 fuerint
1752 1098 1871 1131 hostiis.

1290 1185 1337 1215 18.
1371 1184 1478 1225 Neque
1507 1184 1648 1223 primum
1680 1183 1770 1215 illud.
1822 1184 1908 1215 Hine
1940 1189 2073 1224 apparet
2103 1196 2170 1216 rem

1201 1228 1371 1267 praecipue
1389 1227 1507 1268 urgeri,
1531 1236 1596 1258 non
1615 1228 1722 1259 autem
1742 1226 1830 1258 verbi
1849 1229 2066 1267 quaestionem
2087 1239 2169 1260 esse:

1200 1270 1261 1301 etsi
1284 1271 1318 1301 in
1341 1280 1438 1302 suum
1462 1269 1667 1302 commodum
1691 1269 1857 1309 apostolus
1876 1280 1987 1301 vocem
2010 1271 2172 1302 inflexerit

1199 1313 1260 1344 sibi
1290 1313 1429 1345 oblatam
1458 1313 1491 1344 in
1515 1323 1553 1344 ea
1575 1312 1687 1353 lingua
1710 1322 1774 1352 qua
1797 1312 1965 1344 scribebat.
2011 1312 2171 1352 Quemad-

1200 1356 1329 1387 modum
1349 1356 1377 1387 si
1398 1356 1470 1396 quis
1487 1355 1527 1387 de
1542 1354 1656 1387 eodem
1672 1355 1734 1386 Dei
1750 1355 1879 1387 foedere
1897 1355 2066 1393 disserens,
2086 1356 2170 1395 quod

1199 1409 1294 1439 saepe
1318 1398 1474 1441 μαρτυρία
1496 1408 1612 1439 graece
1634 1402 1778 1435 vocatur,
1802 1398 1888 1429 inter
1912 1398 1974 1428 alia
1990 1399 2095 1438 ipsum
2112 1398 2170 1429 hoc

1199 1442 1302 1482 elogio
1339 1441 1551 1474 commendet.
1609 1440 1695 1472 Vere
1732 1450 1810 1472 sane
1847 1440 2002 1481 μαρτυρία
2039 1444 2087 1473 est
2120 1443 2170 1473 cui

1199 1485 1423 1517 testimonium
1447 1495 1464 1516 e
1487 1484 1574 1516 coelo
1597 1483 1705 1524 angeli
1728 1483 1885 1515 reddunt:
1910 1486 1999 1515 cuius
2021 1488 2068 1516 tot
2085 1484 2169 1516 locu-

1199 1527 1371 1567 pletissimi
1404 1527 1538 1559 fuerunt
1569 1527 1605 1559 in
1639 1526 1736 1558 terris
1767 1530 1879 1565 testes,
1915 1537 2030 1567 nempe
2060 1537 2169 1559 omnes

1199 1571 1303 1602 sancti
1320 1570 1509 1611 prophetae,
1526 1569 1665 1611 apostoli
1680 1573 1712 1601 et
1728 1569 1844 1610 ingens
1861 1575 2043 1610 martyrum
2061 1570 2169 1601 turba:

1199 1614 1291 1645 cuius
1324 1624 1359 1645 se
1393 1612 1523 1645 demum
1557 1621 1747 1654 sponsorem
1782 1613 1977 1652 interposuit
2010 1613 2078 1653 ipse
2108 1613 2170 1644 Dei

1198 1656 1293 1688 filius.
1331 1656 1436 1689 Nemo
1458 1655 1494 1687 in
1516 1655 1573 1688 tali
1595 1665 1745 1688 sermone
1768 1655 1942 1695 quidquam
1963 1656 2102 1695 reperiet
2121 1656 2171 1687 ab·

1197 1699 1298 1730 surdi.
1350 1699 1395 1731 Et
1423 1702 1533 1731 tamen
1563 1697 1707 1731 hebraici
1736 1698 1825 1730 verbi
1856 1703 1959 1737 ΠἾΨΠ
1989 1699 2169 1739 proprietas

1198 1742 1229 1773 id
1261 1752 1325 1774 non
1356 1741 1494 1774 evincit:
1525 1741 1583 1774 sed
1606 1741 1681 1783 quia
1705 1741 1789 1772 nihil
1813 1741 1930 1772 dicitur
1954 1741 2015 1772 nisi
2039 1741 2085 1772 rei
2108 1741 2169 1781 ipsi

1169 1786 1171 1796 ”
1197 1787 1464 1823 consentaneum,
1487 1795 1555 1816 non
1577 1786 1645 1817 tam
1665 1784 1853 1824 scrupulosa
1869 1784 2007 1815 habetur
2023 1784 2169 1815 vocabuli

1198 1829 1288 1859 ratio.
1344 1827 1458 1868 Itaque
1496 1827 1575 1860 dicit
1611 1827 1776 1868 apestolus
1810 1831 1904 1858 vetus
1939 1830 2168 1858 testamentum

1196 1870 1405 1911 sanguine
1443 1870 1682 1902 dedicatum
1718 1870 1863 1901 fuisse.
1914 1869 2008 1901 Unde
2037 1869 2168 1910 colligit,

1197 1915 1262 1945 iam
1287 1917 1364 1945 tunc
1387 1912 1573 1945 admonitos
1595 1913 1693 1946 fuisse
1716 1912 1874 1949 homines,
1899 1923 1963 1944 non
1986 1912 2080 1943 aliter
2103 1920 2167 1943 sta-

1197 1957 1259 1988 bile
1279 1960 1312 1988 et
1329 1956 1443 1988 efficax
1465 1966 1535 1988 esse
1552 1966 1656 1997 posse,
1680 1965 1776 1997 quam
1793 1956 1819 1987 si
1836 1965 1923 1986 mors
1940 1955 2167 1986 interveniret.

1197 2000 1280 2031 Nam
1310 1998 1395 2040 quod
1424 2003 1502 2031 tunc
1530 2000 1691 2040 pecudum
1721 1999 1853 2040 sanguis
1883 1998 1944 2029 fuit
1974 1998 2105 2035 effusus,
2137 1998 2167 2029 id

1196 2043 1335 2074 valuisse
1359 2045 1458 2083 negat
1482 2041 1524 2074 ad
1553 2042 1677 2074 aeterni
1708 2041 1845 2074 foederis
1875 2041 2165 2073 confirmationem.

1196 2086 1290 2124 Quod
1314 2089 1351 2117 ut
1372 2083 1492 2118 clarius
1506 2088 1624 2126 pateat,
1648 2084 1869 2117 observandus
1886 2088 1934 2115 est
1950 2084 2163 2123 adspersionis

1195 2129 1279 2161 ritus
1313 2136 1411 2169 quem
1447 2126 1501 2160 hie
1537 2128 1653 2160 recitat
1689 2139 1732 2160 ex
1765 2127 1865 2159 Mose.
1922 2127 2032 2157 Primo
2066 2126 2165 2157 tradit

1194 2170 1307 2204 foedus
1332 2170 1433 2203 fuisse
1454 2169 1653 2203 dedicatum:
1684 2181 1748 2202 non
1771 2170 1856 2210 quod
1882 2170 2050 2209 profanum
2074 2179 2107 2199 in
2131 2179 2164 2200 se

1195 2213 1372 2254 quidquam
1394 2212 1539 2252 haberet,
1569 2214 1626 2245 sed
1649 2214 1726 2254 quia
1749 2213 1829 2244 nihil
1855 2217 1919 2244 tam
1943 2216 2091 2244 sanctum
2116 2216 2164 2242 est

1194 2256 1278 2297 quod
1307 2266 1373 2287 non
1403 2256 1551 2289 homines
1581 2267 1638 2288 sua
1661 2255 1867 2287 immunditia
1891 2255 2070 2295 profanent,
2101 2254 2164 2285 nisi

1194 2300 1286 2331 Deus
1301 2299 1370 2340 ipse
1386 2298 1471 2330 facta
1486 2299 1632 2331 omnium
1648 2299 1858 2330 innovatione
1873 2302 2030 2329 occurrat.
2055 2297 2164 2336 Quare

1165 2342 1167 2382 ξ
1194 2342 1352 2374 dedicatio
1380 2342 1417 2373 fit
1444 2342 1478 2373 in
1508 2342 1677 2374 hominum
1706 2342 1854 2382 gratiam,
1887 2341 1942 2380 qui
1972 2350 2009 2371 ea
2031 2339 2093 2371 soli
2115 2340 2164 2371 in-

1195 2386 1314 2426 digent.
1370 2384 1472 2416 Addit
1509 2390 1632 2425 postea,
1672 2383 2031 2416 tabernaculum
2069 2392 2164 2414 cum

1193 2427 1408 2459 omnibus
1441 2428 1587 2466 vasis,
1626 2428 1768 2467 adeoque
1805 2425 1978 2456 librum
2015 2426 2163 2466 ipsum

1193 2471 1314 2512 legis
1346 2471 1497 2502 fuisse
1528 2471 1816 2511 adspersum.
1862 2467 1937 2507 Qua
1960 2469 2164 2500 caeremonia

1193 2515 1255 2545 iam
1294 2516 1372 2544 tunc
1405 2513 1542 2553 populus
1576 2512 1783 2551 edocebatur,
1822 2521 1888 2542 non
1925 2510 2019 2543 aliter
2053 2511 2162 2543 Deum

1192 2566 1284 2598 posse
1314 2557 1348 2587 in
1374 2556 1511 2588 salutem
1536 2556 1646 2596 quaeri
1670 2555 1721 2586 vel
1746 2554 1875 2594 adspici‚
1904 2564 1962 2586 nec
1985 2554 2079 2585 aliter
2101 2555 2163 2586 rite

1191 2599 1251 2632 coli
1275 2608 1376 2639 posse,
1401 2609 1497 2639 quam
1521 2600 1548 2629 si
1570 2599 1686 2638 ubique
1704 2597 1784 2628 fides
1803 2598 1837 2628 in
1852 2597 2046 2638 sanguinem
2062 2597 2162 2628 inter-

1192 2642 1333 2674 medium
1364 2642 1555 2673 intueretur.
1601 2641 1685 2671 Nam
1717 2645 1749 2672 et
1772 2639 1835 2671 Dei
1865 2642 2018 2672 maiestas
2047 2640 2162 2672 merite

1925 2700 1941 2725 8
