2513 3126
296 230 354 260 251

298 336 360 366 que
384 325 503 356 dictum
528 321 606 352 illud
630 320 802 351 confirmat
826 318 927 350 Mosis
951 317 1133 349 testimonio
1155 316 1266 357 (Dent.

299 370 348 404 32,
373 368 440 407 35);
466 365 547 396 Mihi
573 362 757 394 vindictam.
796 361 946 401 Denique
969 359 1028 391 hoo
1053 360 1122 390 vult
1140 360 1266 398 Petrus,

298 422 354 443 uos
378 407 500 442 Chi-isti
530 405 679 445 exemplo
712 404 894 435 moderatos
922 403 989 434 fore
1018 402 1058 434 ad
1082 402 1267 435 tolerandas

299 453 441 487 iniurias,
470 451 497 481 si
529 449 710 480 tribuamus
733 446 804 478 Deo
833 457 928 478 suum
953 446 1122 477 honorem:
1153 456 1267 486 nempe

298 499 323 526 si
346 496 436 525 illum
460 498 640 524 statuentes
655 501 725 522 esso
744 491 863 521 iustum
882 489 1029 527 iudicem,
1054 489 1104 519 ius
1121 494 1266 520 nostrum

298 550 332 569 ac
356 546 486 568 causam
510 534 557 566 illi
582 534 819 574 permittamus.
853 532 1033 571 Quaeritur
1056 536 1165 562 tamen
1188 541 1266 571 quo-

298 580 389 611 modo
412 588 542 610 causam
567 588 658 608 suani
691 576 775 616 patri
800 574 952 607 Christus
982 573 1265 606 commendaverit.

298 623 379 653 Nam
404 622 430 653 si
455 620 632 652 vindictam
658 619 697 649 ab
720 628 758 649 eo
783 617 975 658 postulabat,
1004 617 1063 648 hoc
1085 618 1154 658 ipse
1176 618 1267 648 nobis

297 666 392 697 licere
428 671 536 704 negat.
585 663 676 693 Iubet
710 661 795 692 enim
831 660 1018 692 benefacere
1049 661 1088 691 iis
1122 661 1174 701 qui
1211 671 1267 692 nos

299 708 438 745 laedunt,
462 706 582 747 precari
605 716 660 744 pro
684 705 723 735 iis
747 704 802 743 qui
822 704 1028 736 maledicunt.
1065 704 1266 743 Respondet),

297 751 376 783 satis
399 761 437 781 ex
462 748 652 788 evangelica
675 747 810 778 historia
833 752 990 782 constare.
1022 745 1192 778 Christum
1223 747 1268 777 ita

296 805 330 825 sc
354 793 500 825 retulisse
524 792 562 822 ad
587 791 740 821 iudicium
767 789 837 827 Dei,
868 795 903 820 ut
927 795 1034 820 tamen
1059 789 1098 820 de
1122 789 1268 821 hostibus

296 837 362 868 suis
386 835 564 866 vindictam
597 844 660 865 non
686 839 848 873 posceret:
878 832 954 872 quin
980 832 1085 872 potius
1116 832 1267 872 depreca-

297 887 398 911 torem
424 888 457 908 so
481 888 537 917 pro
561 876 626 907 illis
649 875 834 907 constituit:
859 875 963 911 Pater,
990 875 1103 915 inquit,
1128 876 1266 914 ignosce.

297 923 339 953 Et
364 927 451 953 certe
474 919 614 951 multum
639 918 729 950 abest
753 919 831 958 quin
855 918 961 950 carnis
985 922 1115 949 nostrae
1134 918 1268 949 affectus

295 976 367 997 cum
392 963 507 995 iudicio
532 962 594 993 Dei
617 962 832 993 consentiant.
871 961 960 1002 Ergo
985 965 1021 991 ut
1042 971 1172 992 eausam
1196 960 1267 1000 quis

295 1017 386 1039 suam
410 1007 493 1038 iuste
516 1005 671 1037 iudicanti
696 1005 871 1044 permittat,
894 1014 1024 1035 necesse
1047 1008 1096 1034 est
1119 1006 1154 1033 ut
1177 1003 1267 1042 prius

296 1052 442 1082 fraenum
470 1048 529 1080 sibi
553 1047 751 1088 imposuerit.
785 1057 825 1078 ne
855 1045 934 1087 quid
961 1046 1103 1077 alienum
1134 1055 1153 1076 a
1182 1047 1268 1077 iusto

295 1093 356 1125 Dei
380 1092 498 1124 iudicio
521 1096 682 1130 exposcat.
723 1089 807 1121 Nam
830 1090 884 1129 qui
907 1089 966 1120 sibi
990 1089 1029 1120 ad
1052 1088 1266 1127 expetendam

294 1135 471 1167 vindictam
494 1133 674 1174 indulgent,
705 1142 769 1164 non
798 1132 911 1164 iudicis
936 1132 1077 1162 officium
1102 1131 1172 1162 Deo
1195 1141 1267 1162 con-

294 1179 423 1216 cedunt,
447 1177 503 1209 sed
527 1174 763 1217 quodammodo
788 1176 891 1207 facere
908 1174 1024 1206 volunt
1046 1184 1142 1205 suum
1161 1174 1266 1205 carni-

294 1223 396 1254 ficem.
452 1220 518 1260 Qui
556 1229 632 1260 ergo
670 1219 716 1250 sic
754 1219 862 1249 animo
900 1216 1097 1257 compositus
1133 1222 1195 1255 est,
1233 1223 1267 1248 ut

296 1265 403 1305 cupiat
433 1263 553 1294 amicos
586 1261 646 1293 sibi
677 1261 747 1292 fieri
780 1261 834 1300 qui
863 1270 950 1291 nunc
980 1259 1158 1290 adversarii
1181 1265 1266 1298 sunt,

297 1308 450 1339 reducere
473 1316 527 1337 eos
550 1305 584 1336 in
601 1306 687 1336 viam
710 1309 862 1335 conetur:
885 1303 913 1334 is
935 1313 1065 1334 eausam
1089 1312 1181 1334 suam
1205 1303 1266 1334 rite

297 1350 367 1382 Deo
392 1348 508 1385 tradet,
532 1348 577 1379 sic
594 1346 761 1387 precando,
787 1353 821 1377 tu
838 1345 978 1376 Domine
996 1345 1138 1376 animum
1159 1356 1264 1377 meum

297 1393 398 1429 nosti,
434 1396 469 1423 ut
502 1391 610 1422 salvos
644 1395 751 1430 optem
786 1389 839 1428 qui
870 1399 921 1419 me
952 1387 1113 1428 perditum
1144 1388 1266 1420 volunt.

297 1436 335 1467 §i
350 1435 499 1467 conversi
515 1434 643 1471 fuerint,
666 1432 729 1463 illis
745 1431 947 1472 gratulabor:
971 1430 1054 1471 quod
1071 1431 1098 1461 si
1113 1431 1266 1463 obstinati

297 1479 330 1510 iu
360 1477 485 1509 malitia
514 1476 725 1517 perstiterint,
761 1475 835 1515 quia
862 1474 927 1506 scio
956 1478 988 1505 te
1017 1473 1180 1506 excubare
1209 1485 1267 1515 pro

297 1521 402 1553 salute
435 1530 520 1557 mea,
558 1528 689 1550 causam
724 1517 781 1548 tibi
820 1527 924 1548 meam
958 1517 1114 1557 relinquo.
1171 1517 1267 1550 Hanc

297 1563 488 1595 modestiam
513 1561 617 1593 tenuit
633 1560 799 1593 Christus:
823 1570 900 1601 ergo
924 1559 1004 1591 haec
1027 1559 1120 1591 nobis
1139 1570 1267 1601 quoque

296 1606 409 1647 regula
431 1605 593 1638 servanda
614 1610 671 1636 est.

382 1692 432 1723 24„
466 1691 526 1731 Qui
550 1693 675 1731 peccata
705 1693 812 1722 nostra
841 1689 908 1730 ipse
932 1690 1067 1730 pertulit
1088 1690 1123 1721 in
1144 1700 1269 1730 corpore

296 1745 352 1766 suo
374 1745 467 1775 super
496 1733 627 1774 liquam,
661 1736 695 1764 ut
710 1733 846 1774 peccatis
867 1734 982 1765 mortui
1011 1733 1153 1765 iustitiae
1183 1734 1269 1765 viva-

295 1788 379 1810 mus:
406 1779 495 1810 cuius
518 1777 613 1809 livore
634 1777 738 1808 sanati
760 1777 843 1808 estis.
887 1776 937 1808 25.
963 1776 1075 1808 Eratis
1096 1776 1178 1808 enim
1199 1778 1266 1808 tan-

295 1831 389 1861 quam
425 1830 494 1852 oves
531 1822 686 1852 errantes:
727 1820 781 1851 sed
817 1820 954 1851 conversi
994 1820 1069 1851 estis
1108 1829 1190 1852 nunc
1226 1819 1268 1851 ad

291 1866 449 1903 pastorem
469 1866 497 1895 et
519 1864 695 1902 episcopum
719 1863 899 1894 animarum
920 1865 1103 1894 vestrarum.

382 1949 419 1981 Si
443 1949 476 1980 in
500 1954 604 1980 morte
620 1948 747 1980 Christi
769 1947 851 1979 nihil
868 1948 1124 1980 commendasset
1139 1952 1267 1988 praeter

299 1991 494 2032 exemplum,
518 1992 579 2022 hoc
601 1991 697 2022 nimis
715 1990 870 2031 frigidum
890 1991 1013 2022 fuisset:
1038 1991 1108 2022 ideo
1124 1991 1267 2023 fructum

299 2035 369 2065 eius
402 2034 498 2074 longe
531 2033 793 2065 excellentiorem
827 2034 1000 2073 praedicat.
1055 2034 1134 2066 Tria
1166 2034 1267 2075 igitur

299 2076 532 2108 consideranda
559 2081 636 2107 sunt
665 2077 698 2107 in
730 2076 790 2108 hoe
817 2082 980 2108 contextu.
1030 2077 1180 2108 Primum
1210 2082 1268 2115 est,

299 2119 384 2159 quod
421 2119 512 2150 nobis
550 2120 724 2158 patientiae
761 2119 945 2159 exemplum
979 2119 1131 2151 Christus
1164 2125 1267 2151 morte

298 2172 356 2193 sua
391 2161 541 2202 prodidit.
592 2161 754 2198 Alterum,
789 2162 875 2201 quod
905 2173 923 2193 a
952 2167 1056 2194 morte
1087 2162 1268 2202 redemptos

299 2204 443 2236 restituit
472 2204 506 2235 in
536 2205 651 2235 vitam:
687 2204 772 2236 unde
799 2205 956 2244 sequitur,
991 2216 1048 2237 nos
1078 2207 1124 2237 ita
1146 2205 1193 2236 illi
1216 2204 1269 2236 ob-

299 2247 429 2279 strictos
459 2257 538 2285 esse,
568 2252 603 2278 ut
628 2247 698 2278 eius
725 2247 911 2288 exemplum
941 2248 1077 2280 libenter
1100 2249 1191 2289 sequi
1214 2247 1267 2279 de-

300 2291 441 2321 beamus.
501 2289 611 2321 Tertio
650 2290 747 2321 finem
787 2291 900 2322 mortis
939 2292 1043 2332 magis
1082 2290 1268 2332 generalem

300 2338 539 2371 commemorat,
569 2337 606 2363 ut
627 2333 767 2372 peccatis
789 2333 919 2373 mortui,
941 2334 1085 2366 iustitiae
1108 2334 1268 2366 vivamus.

300 2375 391 2407 Haec
421 2379 528 2407 autem
556 2376 664 2407 omnia
691 2376 873 2416 proximam
902 2376 1164 2409 exhortationem
1194 2386 1267 2407 con-

300 2419 441 2450 firmant.

385 2461 437 2493 24.
470 2460 600 2493 Peccata
629 2464 737 2494 nostra
757 2461 898 2501 pertulit.
942 2462 1032 2495 Haec
1062 2462 1206 2503 loquutio
1229 2461 1269 2494 ad

302 2504 369 2534 vim
396 2504 512 2535 mortis
534 2503 658 2537 Christi
687 2506 929 2546 exprimendam
957 2510 1033 2546 apta
1062 2510 1121 2537 est.
1167 2504 1270 2537 Sicuti

302 2547 390 2577 enim
420 2546 479 2578 sub
502 2546 583 2588 lege,
616 2552 765 2588 peccator
787 2552 823 2579 ut
844 2552 937 2579 reatu
959 2549 1148 2587 solveretur,
1182 2546 1271 2580 victi-

302 2599 389 2620 mam
422 2589 637 2623 substituebat
666 2601 725 2622 suo
751 2590 834 2623 loco:
867 2591 912 2621 ita
942 2590 1092 2623 Christus
1120 2590 1271 2623 maledic-

303 2633 423 2663 tionem
450 2633 589 2673 peccatis
621 2633 741 2665 nostris
764 2633 905 2665 debitam
932 2633 966 2664 in
993 2644 1026 2665 se
1054 2634 1202 2675 suscepit,
1233 2637 1271 2664 ut

1122 219 1260 251 Ei’ls'r.
1284 220 1421 252 PETRI
1446 221 1460 252 1

2230 221 2292 252 252

1320 316 1487 357 lignum:
1525 317 1599 355 quia
1634 326 1695 347 non
1730 317 1834 356 potuit
1870 317 1932 348 tale
1965 317 2126 358 piaculum
2162 317 2288 358 impleri

1320 360 1382 390 nisi
1407 361 1438 390 in
1463 369 1564 390 cruce.
1609 358 1698 399 Ergo
1722 360 1841 400 optime
1864 360 2024 400 expressit
2047 360 2172 400 Petrus,
2205 370 2289 391 mor-

1320 407 1385 433 tem
1420 401 1542 433 Christi
1579 400 1676 432 fuisse
1712 403 1905 434 sacrificium
1943 403 2115 443 expiandis
2152 403 2290 442 peccatis

1320 445 1458 476 nostris:
1493 443 1644 484 quoniam
1675 446 1761 476 cruci
1792 445 1919 485 affixus,
1952 450 1983 476 et
2012 455 2046 476 se
2070 445 2208 476 hostiam
2233 455 2290 485 pro

1321 487 1412 518 nobis
1442 486 1595 524 offerens,
1630 490 1756 519 reatum
1792 495 1938 519 nostrum
1969 492 1999 519 et
2030 498 2164 528 poenam
2195 488 2226 518 in
2256 498 2291 520 se

1320 530 1505 568 susceperit.
1552 529 1672 561 [esaias
1702 530 1765 570 (53,
1789 530 1834 572 5),
1864 541 1904 562 ex
1939 541 2000 572 quo
2031 540 2191 562 summam
2222 531 2291 562 eius

1321 572 1482 603 doctrinae
1513 573 1650 611 sumpsit
1674 573 1801 611 Petrus,
1832 573 1979 613 pluribus
2007 574 2111 604 utitur
2140 573 2288 613 loquendi

1321 615 1445 646 formis:
1482 613 1565 653 quod
1600 625 1771 655 percussus
1806 617 1903 648 suerit
1936 626 2035 648 manu
2064 616 2126 647 Dei
2161 622 2292 656 propter

1320 657 1442 689 scelera
1466 663 1584 697 nostra,
1615 658 1806 690 vulneratus
1830 659 1925 690 fuerit
1948 664 2079 699 propter
2102 658 2290 698 iniquitates

1320 704 1463 731 nostras:
1503 700 1585 739 quod
1620 700 1759 733 afflictus
1792 706 1824 734 et
1857 703 2016 733 contritus
2051 707 2163 733 nostra
2195 711 2291 733 causa

1321 743 1432 773 fuerit:
1465 742 1549 782 quod
1580 744 1749 784 castigatio
1780 746 1866 784 pacis
1894 750 2022 776 nostrae
2045 743 2090 775 illi
2115 744 2210 775 fuerit
2232 744 2289 775 im-

1321 786 1434 825 posita.
1491 784 1556 816 Sed
1591 785 1710 818 Petrus
1747 788 1831 819 idem
1870 788 2053 828 exprimere
2091 786 2194 818 voluit
2231 787 2291 818 hoc

1322 828 1435 859 verbo:
1474 837 1604 868 nempe,
1643 828 1702 860 hac
1741 829 1811 871 lege
1849 840 1906 861 nos
1941 831 2039 862 fuisse
2072 829 2291 861 reconciliatos

1322 870 1407 910 Deo,
1437 872 1511 910 quia
1540 871 1625 912 apud
1656 872 1723 904 eius
1754 873 1895 904 tribunal
1926 873 2079 905 Christus
2110 882 2143 903 se
2174 872 2290 904 vadem

1321 923 1357 945 ac
1388 923 1476 944 reum
1512 923 1569 953 pro
1599 916 1692 946 nobis
1716 916 1894 953 constituit,
1926 921 1962 947 ut
1985 925 2120 956 poenam
2152 914 2292 946 solveret

1320 956 1371 988 cui
1400 955 1544 987 obstricti
1568 967 1704 990 eramus.
1752 959 1823 991 Hoc
1854 959 2045 991 beneficium
2068 958 2234 998 sophistae
2257 958 2292 988 in

1320 999 1387 1030 suis
1423 998 1559 1040 scholis,
1597 1006 1754 1040 quantum
1794 1006 1948 1042 possunt,
1985 1001 2174 1033 obscurant:
2217 1010 2290 1031 nam

1321 1042 1433 1072 mortis
1460 1041 1583 1074 Christi
1614 1044 1771 1076 sacrificio
1802 1055 1859 1076 nos
1889 1048 2017 1075 tantum
2049 1054 2067 1075 a
2096 1044 2191 1084 culpa
2221 1048 2293 1083 post

1321 1084 1517 1124 baptismum
1551 1084 1680 1118 liberari
1714 1088 1879 1127 garriunt,
1914 1096 2051 1128 poenam
2082 1097 2160 1118 vero
2194 1087 2290 1118 satis-

1320 1128 1512 1159 factionibus
1542 1128 1666 1161 redimi.
1712 1130 1778 1162 Sed
1802 1131 1929 1168 Petrus,
1956 1140 2055 1170 quum
2078 1129 2156 1161 dicit
2183 1129 2291 1169 ipsum

1321 1171 1433 1201 tulisse
1456 1176 1586 1210 peccata
1609 1177 1729 1213 nostra,
1759 1184 1822 1204 non
1850 1173 1944 1204 modo
1967 1172 2096 1212 eulpam
2120 1171 2166 1203 illi
2189 1172 2292 1211 impu-

1321 1218 1419 1243 tatam
1443 1213 1541 1245 fuisse
1564 1214 1728 1256 intelligit,
1752 1216 1807 1248 sed
1827 1226 1929 1256 poena
1948 1225 2076 1256 quoque
2095 1214 2291 1252 defunctum,

1320 1262 1356 1285 ut
1372 1265 1447 1286 vere
1471 1256 1531 1287 hoc
1553 1257 1648 1288 modo
1663 1264 1749 1291 esset
1764 1260 1926 1299 expiatrix
1942 1259 2089 1290 victima:
2113 1257 2292 1289 seeundum

1320 1298 1399 1329 illud
1423 1298 1613 1339 prophetae:
1638 1300 1817 1343 Castigatio
1839 1302 1925 1342 pacis
1944 1305 2075 1333 nostrae
2093 1310 2191 1341 super
2206 1309 2292 1331 eum.

1319 1342 1357 1372 Si
1380 1342 1553 1382 excipiant,
1585 1343 1645 1375 hoc
1669 1344 1827 1376 duntaxat
1850 1350 1924 1376 ante
1946 1344 2141 1384 baptismum
2165 1342 2292 1374 valere:

1319 1385 1566 1416 circumstantia
1588 1386 1650 1419 loci
1673 1397 1727 1420 eos
1750 1388 1878 1426 refellit,
1901 1387 1978 1428 quia
1995 1396 2102 1418 sermo
2121 1385 2161 1417 ad
2180 1385 2292 1417 fideles

1320 1426 1481 1467 dirigitur.
1516 1427 1692 1461 Caeterum
1709 1430 1768 1463 hoc
1783 1431 1977 1470 membrum,
1993 1435 2025 1461 et
2043 1428 2126 1470 quod
2143 1428 2292 1469 proxime

1320 1470 1480 1510 sequitur,
1513 1471 1649 1504 livore
1683 1474 1772 1505 eius
1805 1473 1940 1506 sanati
1972 1472 2093 1508 estis,
2129 1470 2292 1511 praesenti

1321 1523 1444 1553 quoque
1476 1514 1624 1546 instituto
1649 1516 1883 1549 accommodari
1907 1520 2027 1557 potest:
2059 1514 2146 1555 quod
2169 1513 2293 1544 scilicet

1321 1555 1472 1588 humeros
1495 1563 1621 1590 nostros
1644 1560 1785 1591 ferendis
1800 1559 1938 1591 aliorum
1956 1558 2094 1599 peccatis
2110 1565 2292 1596 supponere

1321 1608 1380 1629 nos
1403 1598 1524 1640 deceat,
1549 1611 1613 1633 non
1636 1601 1677 1634 ad
1695 1602 1913 1644 peragendam
1930 1611 2041 1633 eorum
2061 1600 2291 1640 expiationem,

1321 1640 1376 1672 sed
1400 1646 1529 1673 tantum
1552 1649 1588 1675 ut
1610 1655 1693 1677 onus
1716 1646 1810 1677 nobis
1832 1645 2020 1685 impositum
2043 1644 2194 1675 feramus.

1405 1684 1543 1718 Peccatis
1558 1689 1681 1720 mortui.
1715 1688 1864 1720 Alterum
1887 1689 1986 1719 finem
2004 1687 2096 1727 prius
2112 1689 2291 1724 notaverat,

1321 1737 1437 1767 nempe
1468 1728 1657 1763 tolerantiae
1686 1731 1887 1772 exemplum:
1922 1729 1978 1762 sed
2010 1730 2062 1761 hic
2091 1728 2140 1770 (ut
2169 1727 2291 1759 dictum

1319 1769 1381 1811 est)
1403 1770 1499 1802 latius
1523 1778 1619 1814 patet,
1644 1780 1678 1805 ut
1696 1780 1807 1806 sancte
1823 1779 1855 1806 et
1873 1774 1957 1805 iuste
1973 1773 2130 1804 vivamus.
2164 1771 2290 1802 Utrius-

1320 1822 1383 1852 que
1416 1815 1613 1848 mentionem
1646 1817 1818 1858 aliquoties
1851 1816 1928 1848 facit
1960 1815 2138 1855 scriptura:
2176 1823 2292 1854 nempe

1319 1856 1402 1896 quod
1424 1859 1588 1891 aerumnis
1611 1865 1643 1891 et
1665 1860 1760 1892 rebus
1779 1860 1923 1892 adversis
1944 1869 2002 1891 nos
2021 1858 2182 1889 Dominus
2200 1865 2291 1888 exer-

1318 1904 1397 1937 neat,
1428 1901 1465 1930 ut
1495 1902 1738 1944 configuremur
1766 1904 1863 1934 morti
1891 1901 2031 1935 Christi:
2063 1900 2178 1932 deinde
2207 1899 2291 1940 quod

1319 1944 1352 1974 in
1382 1947 1486 1974 morte
1509 1943 1633 1978 Christi
1662 1947 1836 1978 crucifixus
1865 1946 1907 1977 sit
1930 1950 2021 1977 vetus
2049 1943 2146 1975 homo
2170 1946 2291 1979 noster,

1319 1991 1355 2017 ut
1386 1985 1420 2016 in
1450 1987 1593 2020 novitate
1623 1990 1710 2021 vitae
1739 1989 1951 2020 ambulemus.
2002 1987 2208 2027 Quamquam
2237 1983 2291 2016 hic

1319 2030 1403 2072 finis,
1434 2029 1473 2061 de
1497 2040 1558 2071 quo
1581 2032 1733 2073 loquitur,
1765 2042 1829 2063 non
1853 2037 1980 2063 tantum
2004 2041 2023 2062 a
2042 2029 2149 2070 priore
2171 2028 2290 2066 differt,

1320 2079 1356 2104 ut
1385 2083 1487 2116 genus
1510 2083 1528 2104 a
1551 2076 1666 2116 speeie.
1712 2075 1795 2106 Nam
1818 2075 1854 2106 in
1880 2073 2036 2115 patientia
2058 2071 2199 2112 simplex
2220 2073 2291 2100 erat

1320 2118 1514 2158 exemplum.
1569 2118 1679 2158 Quum
1715 2123 1823 2149 autem
1857 2127 1989 2157 passum
2022 2125 2092 2147 esse
2121 2113 2289 2146 Christum

1321 2161 1406 2200 dicit,
1437 2168 1472 2192 ut
1495 2162 1634 2200 peccatis
1662 2161 1793 2201 mortui,
1825 2160 1967 2192 iustitiae
1990 2160 2148 2189 vivamus.
2168 2184 2171 2186 .
2194 2155 2291 2186 Hanc

1321 2205 1386 2235 vim
1422 2204 1553 2236 subesse
1587 2205 1684 2235 morti
1719 2204 1841 2236 Christi
1876 2203 2054 2244 significat,
2092 2205 2128 2230 11¹³
2158 2208 2289 2229 carnem

1320 2253 1465 2278 nostram
1503 2248 1690 2285 mortificet,
1728 2245 1997 2287 quemadmodum
2035 2242 2291 2290 fusiusttraotat

1321 2290 1458 2328 Paulus,
1492 2290 1533 2321 ad
1562 2290 1725 2322 Romanos
1754 2290 1857 2329 capite
1880 2289 1910 2320 6.
1970 2287 2082 2326 Neque
2111 2293 2199 2332 emm
2230 2282 2291 2314 hoc

1321 2339 1447 2364 tantum
1480 2333 1552 2364 boni
1582 2333 1674 2364 nobis
1701 2332 1850 2372 contulit,
1884 2329 1970 2371 quod
1993 2329 2083 2360 Deus
2106 2333 2208 2368 gratis
2230 2334 2291 2356 nos

1320 2376 1484 2414 iustificat,
1507 2386 1571 2407 non
1591 2375 1781 2416 imputando
1804 2379 1952 2414 peccata:
1983 2371 2039 2403 sed
2061 2369 2146 2410 quod
2169 2367 2291 2418 mundo

1321 2423 1354 2449 et
1375 2419 1466 2451 carni
1489 2419 1656 2457 morimur,
1686 2423 1722 2449 ut
1748 2426 1957 2457 resurgamus
1979 2415 2014 2446 in
2036 2423 2154 2446 novam
2179 2417 2290 2444 vitam.

1321 2462 1395 2492 Non
1425 2462 1510 2502 quod
1540 2465 1678 2492 mortem
1708 2461 1804 2492 istam
1834 2459 1902 2490 dies
1924 2468 2011 2490 unus
2040 2457 2200 2497 perficiat:
2233 2453 2291 2486 sed

1321 2506 1398 2544 quia
1428 2504 1611 2545 ubicunque
1641 2504 1733 2544 viget
1770 2512 1855 2533 mors
1888 2501 2014 2533 Christi
2052 2499 2092 2531 ad
2129 2496 2291 2540 expianda

1321 2552 1463 2588 peccata,
1492 2546 1589 2579 simul
1619 2547 1652 2577 in
1681 2546 1788 2578 carnis
1816 2545 2066 2576 mortificatione
2096 2548 2145 2575 est
2165 2543 2289 2574 efficax.

1407 2591 1459 2622 25.
1482 2589 1594 2622 Eratis
1615 2589 1696 2621 enim
1718 2596 1868 2628 tanquam
1889 2597 1967 2619 ove-3.
2004 2587 2078 2618 Hoc
2101 2587 2199 2618 etiam
2222 2593 2291 2615 mu·

1323 2639 1432 2666 tuatus
1467 2641 1516 2664 est
1545 2633 1662 2664 Petrus
1692 2642 1732 2664 ex
1764 2631 1886 2662 Iesaia:
1920 2630 1984 2661 nisi
2015 2629 2098 2670 quod
2131 2628 2291 2670 propheta·

303 2685 340 2705 ea
369 2685 477 2707 coram
500 2675 570 2707 Deo
598 2677 754 2717 expiaret.
799 2676 843 2708 Et
872 2676 989 2708 diserte
1019 2677 1120 2715 addit,
1151 2687 1269 2717 super
1294 2668 1297 2705 l
1323 2676 1535 2708 universalem
1570 2676 1763 2707 sententiam
1802 2675 1907 2715 ponit:
1945 2683 2058 2705 omnes
2092 2673 2183 2714 quasi
2213 2680 2290 2703 oves
