2513 3126
265 217 307 248 59
1012 215 1153 246 Ei’ls'r.
1179 217 1240 247 ΑΙ)
1268 218 1512 249 [llilssllAEOb'
2219 223 2260 253 (ΞΟ

266 314 399 345 Christo
432 318 461 344 ot
495 313 613 344 Aaroni
648 321 817 343 commune
851 317 914 351 est,
949 311 1030 352 quod
1063 318 1235 353 utrumque
1261 317 1263 345 l
1288 314 1322 345 in
1347 315 1415 355 ipso
1439 325 1557 355 genero
1580 315 1691 347 officii:
1716 326 1814 356 quum
1833 316 1954 348 scilieet
1970 317 2258 350 comminiscuntur

267 357 357 388 Deus
380 356 514 388 vocavit.
562 356 598 385 In
624 354 683 385 hoc
707 353 870 393 differunt,
894 355 976 394 quod
1001 365 1099 395 quum
1124 365 1235 386 secun·
1260 367 1263 394 5
1288 367 1306 387 a
1338 368 1371 388 se
1401 358 1478 397 ipsis
1511 357 1655 389 hominos
1685 359 1768 399 quod
1793 369 1950 399 nusquam
1976 358 2064 390 Deus
2088 361 2257 401 praecepit.

266 400 342 430 dum
368 408 484 430 novam
508 404 538 428 ct
560 396 720 428 diversam
746 397 903 428 rationem
920 398 1109 429 successerit
1125 397 1235 429 Chris·
1260 400 1262 423 l

1289 399 1362 438 Quo
1395 401 1501 430 minus
1531 398 1653 431 ferendi
1685 406 1759 432 sunt
1791 402 1925 433 sacrifici
1955 412 2172 443 romanenses,
2204 404 2258 443 qui

267 448 327 480 tus,
358 446 389 472 et
419 440 612 472 constitutus
641 439 737 470 fuerit
761 444 935 479 perpetuus
959 439 1131 472 Sacerdos:
1162 440 1236 472 inde
1260 426 1263 470 l
1288 442 1368 473 nihil
1394 452 1490 482 quam
1514 452 1587 473 suos
1611 443 1723 475 titulos
1747 450 1879 485 crepant
1899 448 1933 475 ut
1949 446 2145 477 sacrosancti
2164 445 2257 477 habe-

267 492 364 525 patet,
396 482 569 522 temporalo
601 482 698 514 fuisse
729 483 866 513 Ani-onis
897 483 1122 520 sacerdotium,
1152 483 1235 523 quod

266 570 320 600 Ius
351 567 519 600 sacerdotii
544 567 780 599 vendicandum
812 572 882 598 crat
905 567 1046 600 Christo.
1095 568 1131 598 Id
1162 568 1235 600 facit

264 610 437 642 ostendeus
461 610 568 641 Deum
592 621 660 642 esse
683 616 840 641 autorem.
884 611 949 642 Sed
975 611 1033 642 hoc
1057 620 1121 641 non
1146 612 1234 642 suffi-

264 655 317 692 cit,
342 654 404 685 nisi
427 658 561 692 constet,
585 660 620 684 ut
644 653 690 684 illi
714 653 755 683 sit
779 653 874 692 locus,
898 654 997 685 finem
1017 654 1118 685 veteri
1139 653 1235 685 fuisse

263 697 459 737 impositum.
499 695 536 727 Id
561 696 682 736 probat,
706 696 780 736 quia
804 696 1002 736 respicienda
1025 702 1072 727 est
1095 696 1235 728 conditio

263 750 326 780 qua
355 739 524 771 institutus
548 739 607 769 fuit
632 739 740 770 Aaron
764 737 882 779 (neque
905 739 991 770 enim
1016 743 1162 770 nostrum
1187 744 1236 770 cst

263 783 390 823 longius
419 781 593 813 extendere
623 791 718 821 quam
743 781 824 812 ferat
847 781 908 813 Dei
933 781 1123 823 decretum):
1157 782 1233 814 Mox

263 831 371 857 autem
403 825 508 865 palam
537 824 629 855 faciet
652 834 817 864 quousque
841 823 957 856 durare
980 826 1120 865 priorem
1143 824 1234 856 illum

262 868 407 900 ordinem
426 867 514 898 Deus
539 867 684 897 volucrit.
722 866 874 899 Christus
899 877 975 908 ergo
999 868 1164 908 legitimus
1187 872 1235 899 est

262 910 427 943 sacerdos:
451 910 525 949 quia
541 908 602 940 Dei
627 910 800 941 autoritate
823 911 1020 942 constitutus
1039 910 1108 942 fuit.
1148 910 1234 950 Quid

264 954 302 985 de
326 953 455 984 Aaroue
478 957 510 982 ot
533 951 664 992 reliquis
686 952 754 984 eius
778 953 1017 985 successoribus
1042 952 1235 984 dicendum?

265 1006 379 1036 nempe
403 1000 527 1026 tantum
553 995 673 1026 habent
696 995 774 1026 iuris
798 1001 955 1036 quantum
975 996 1039 1027 illis
1059 1007 1077 1027 a
1094 995 1234 1028 Domino

263 1047 447 1070 concessum
487 1042 554 1069 est:
597 1048 658 1069 non
701 1043 856 1078 quantum
894 1038 958 1069 illis
992 1049 1049 1070 sua
1083 1039 1234 1079 opinione

264 1082 410 1112 homines
434 1079 591 1112 deferunt.
629 1080 798 1112 Caeterum
824 1081 952 1112 tametsi
968 1081 1028 1113 hoc
1046 1092 1103 1122 pro
1119 1091 1234 1114 causae

263 1123 442 1164 praesentis
481 1123 725 1155 circumstantia
764 1123 881 1155 dictum
918 1130 978 1163 est,
1019 1125 1093 1156 licet
1128 1130 1233 1156 tamen

262 1166 445 1208 generalem
477 1165 655 1197 doctrinam
684 1166 758 1197 inde
781 1167 946 1208 colligere:
979 1168 1102 1199 nullum
1127 1167 1160 1199 in
1184 1178 1234 1200 ec-

262 1210 360 1242 clesia
392 1209 539 1250 regimen
573 1209 760 1250 erigendum
796 1219 865 1241 esse
897 1210 1064 1242 hominum
1093 1211 1233 1248 arbitrio,

262 1253 317 1283 sed
341 1251 592 1292 exspectandum
616 1262 685 1283 esse
708 1251 771 1283 Dei
795 1252 926 1285 iussum.
963 1253 1090 1285 Deinde
1113 1257 1233 1286 certam

262 1294 401 1336 eligendi
430 1295 575 1335 regulam
599 1295 798 1335 sequendam
821 1306 899 1333 esse,
929 1301 964 1327 ut
988 1307 1021 1328 se
1045 1306 1138 1328 nemo
1162 1307 1234 1337 pro-

263 1339 332 1378 pria
355 1337 487 1368 libidine
511 1338 647 1378 ingerat.
684 1337 867 1378 Utrumque
887 1339 1039 1371 distincte
1057 1340 1234 1371 notandum

263 1387 322 1412 est.
368 1380 479 1421 Neque
511 1381 597 1411 enim
627 1380 679 1411 hic
707 1380 746 1412 de
777 1381 922 1421 personis
953 1387 1080 1414 tantum
1108 1382 1236 1414 disserit

263 1423 436 1463 apostolus,
467 1423 522 1454 sed
547 1423 585 1454 de
608 1423 676 1463 ipso
700 1423 815 1456 officio.
861 1424 968 1466 Negat
991 1426 1132 1466 inquam,
1163 1435 1234 1466 pro-

263 1465 340 1497 bum
374 1471 406 1497 et
437 1470 584 1497 sanctum
618 1476 688 1498 esse
723 1477 842 1499 munus
878 1467 962 1508 quod
996 1468 1055 1500 sibi
1091 1468 1235 1500 homines

262 1508 420 1540 finxerint
452 1509 569 1548 absque
595 1509 655 1540 Dei
683 1509 843 1542 mandato.
890 1510 936 1542 Ut
966 1512 1050 1543 enim
1075 1511 1139 1542 Dei
1162 1522 1234 1552 pro-

262 1552 368 1592 prium
393 1556 441 1583 est
463 1551 630 1583 ecclesiam
654 1562 784 1593 regere:
809 1554 853 1584 ita
876 1553 937 1585 sibi
960 1554 1017 1585 uni
1036 1554 1096 1585 hoc
1112 1554 1235 1592 asserit,

264 1598 300 1625 ut
321 1593 453 1625 modum
477 1594 700 1635 rationemque
718 1595 1009 1628 administrationis
1029 1596 1234 1637 praescribat.

264 1636 360 1669 Unde
379 1637 541 1668 constituo
557 1638 672 1678 papale
689 1638 904 1670 sacerdotium
922 1639 1140 1671 adulterinum
1156 1650 1234 1678 esse,

264 1680 339 1720 quia
362 1679 397 1710 in
419 1679 588 1711 hominum
612 1680 742 1712 officina
765 1681 952 1713 fabricatum
970 1687 1027 1714 est.
1067 1683 1235 1723 Nusquam

264 1722 354 1754 iubet
381 1722 470 1753 Deus
499 1728 535 1753 ut
565 1723 626 1754 sibi
657 1734 743 1755 nunc
772 1725 963 1756 sacrificium
995 1726 1151 1758 offeratur
1180 1736 1234 1757 ex-

264 1764 392 1804 piandis
415 1766 570 1805 peccatis:
595 1776 753 1806 nusquam
778 1767 909 1798 mandat
932 1772 968 1800 ut
990 1768 1022 1800 in
1039 1769 1125 1801 hunc
1141 1778 1235 1800 usum

264 1808 479 1839 instituantur
502 1808 693 1841 sacerdotes.
733 1809 843 1848 Quum
867 1821 943 1852 ergo
965 1821 1039 1843 suos
1055 1811 1236 1843 sacerdotes

263 1860 348 1891 papa
371 1850 411 1881 ad
435 1851 682 1883 sacrificandum
701 1853 882 1893 inauguret,
906 1865 963 1894 pro
993 1854 1148 1895 legitimis
1167 1864 1235 1886 esse

264 1892 429 1925 habendos
452 1899 550 1934 negat
573 1895 746 1934 apostolus.
793 1895 862 1926 Nisi
887 1897 968 1928 forte
993 1907 1076 1929 novo
1099 1896 1234 1938 quodam

264 1935 435 1977 privilegio
458 1946 555 1976 supra
571 1937 741 1969 Christum
765 1948 799 1969 se
821 1939 966 1978 efferant,
991 1941 1044 1980 qui
1064 1940 1148 1971 ultro
1166 1950 1234 1971 sus—

265 1979 371 2019 cipere
403 1979 557 2010 honorem
588 1990 686 2012 ausus
717 1991 781 2012 non
813 1987 874 2019 est,
909 1983 963 2013 sed
995 1983 1096 2024 patris
1123 1992 1234 2014 vocem

265 2022 477 2062 exspectavit.
521 2022 594 2054 Hoc
623 2033 748 2064 quoque
770 2024 803 2055 in
826 2026 972 2065 personis
995 2026 1104 2057 valere
1125 2025 1235 2057 debet:

268 2074 309 2095 ne
339 2064 400 2095 sibi
428 2065 562 2105 quisque
591 2067 740 2106 privatus
762 2065 927 2099 hominem
951 2069 1092 2109 arripiat,
1123 2068 1177 2100 sed
1201 2072 1236 2098 ut

266 2107 438 2147 praecedat
460 2108 587 2148 publica
610 2109 775 2140 autoritas.
813 2110 947 2151 Loquor
969 2111 1007 2142 de
1031 2111 1144 2143 officiis
1160 2110 1234 2142 alio·

267 2150 321 2190 qui
350 2149 505 2182 divinitus
536 2151 703 2183 ordinatis.
748 2151 955 2194 Quamquam
979 2154 1050 2185 fieri
1074 2153 1235 2185 interdum

265 2193 384 2232 poterit
414 2198 450 2223 ut
477 2193 529 2233 qui
560 2204 578 2224 a
600 2193 671 2226 Deo
702 2204 769 2226 non
799 2196 860 2226 erit
884 2202 1024 2236 vocatus,
1054 2197 1096 2228 sit
1126 2203 1235 2227 tamen

266 2235 464 2276 tolerandus,
484 2241 647 2278 utcunque
665 2238 773 2269 minus
789 2238 956 2279 probetur:
980 2240 1074 2272 modo
1089 2245 1235 2271 sanctum

265 2283 296 2307 et
317 2278 386 2309 Deo
409 2279 578 2319 probatum
602 2281 643 2311 sit
665 2291 792 2313 munus.
832 2282 928 2313 Multi
953 2283 1040 2314 enim
1063 2292 1158 2323 saepe
1181 2286 1236 2313 aut

265 2320 449 2360 ambitione,
482 2326 537 2352 aut
560 2322 654 2354 malis
677 2323 802 2355 artibus
825 2324 994 2365 obrepunt,
1019 2325 1135 2366 quibus
1157 2335 1236 2356 suae

265 2364 442 2395 vocationis
469 2364 551 2395 ratio
575 2365 707 2398 minime
729 2371 874 2398 constat:
904 2378 1009 2408 neque
1031 2373 1139 2399 tamen
1163 2377 1234 2408 pro-

266 2405 354 2438 tinus
388 2407 554 2439 reiiciendi
586 2413 698 2439 erunt:
732 2411 923 2450 praesertim
958 2410 1011 2442 ubi
1043 2411 1075 2442 id
1108 2410 1236 2451 publico

266 2448 417 2480 ecclesiae
440 2450 557 2482 iudicio
580 2451 652 2482 fieri
675 2453 798 2492 nequit.
835 2452 906 2484 Iam
927 2453 1071 2485 ducentis
1090 2456 1164 2485 ante
1183 2453 1235 2483 ad-

266 2492 399 2521 ventum
430 2492 553 2524 Christi
588 2494 682 2526 annis
716 2494 917 2527 foedissimae
951 2496 1154 2537 corruptelae
1187 2505 1235 2526 re-

266 2540 446 2581 gnaverant
469 2535 502 2566 in
526 2537 711 2577 occupando
735 2538 924 2570 sacerdotio.
969 2539 1010 2570 In
1033 2539 1103 2580 ipso
1128 2545 1236 2570 tamen

265 2574 370 2623 officio
394 2586 444 2623 ius
466 2577 595 2610 honoris
619 2580 770 2612 manebat
793 2591 833 2612 ex
858 2581 921 2612 Dei
944 2583 1120 2614 vocatione.
1168 2580 1236 2612 Ho-

266 2627 368 2649 mines
407 2619 479 2659 1psi,
508 2621 582 2660 quia
616 2632 768 2663 oppressa
803 2628 872 2655 erat
906 2624 1060 2656 ecclesiae
1094 2624 1235 2661 libertas,

266 2660 495 2694 tolerabantur.
536 2663 627 2695 Unde
651 2669 783 2706 apparet
806 2676 970 2698 summum
989 2667 1150 2699 defectum
1166 2676 1236 2698 esse

1260 483 1263 540 J
1289 491 1400 516 antur:
1424 495 1520 524 quum
1546 490 1653 516 tamen
1678 496 1711 517 se
1735 487 1795 527 ipsi
1820 488 1955 528 legerint
1975 488 2042 518 Deo
2066 488 2256 521 inconsulto.

265 536 389 559 cessare
406 525 558 556 debuerit.
592 525 749 556 Videmus
765 535 917 565 quorsum
936 525 1047 557 tendat
1064 525 1234 565 apostolus.
1260 552 1261 556 ,

1374 548 1480 579 Filius
1501 558 1587 580 νιεαε
1609 559 1640 581 es
1658 552 1699 581 tu.
1740 550 1853 583 Videri
1878 558 1983 591 posset
2006 551 2101 591 longe
2121 552 2255 591 petitum

1260 563 1347 627 lhoc
1386 592 1615 623 testimonium.
1672 593 1783 633 Neque
1821 596 1906 625 enim
1942 596 1968 625 si
2004 605 2021 624 a
2060 594 2130 626 Deo
2168 603 2257 635 patre

1287 635 1417 674 genitus
1448 635 1507 664 fuit
1539 634 1707 673 Christus,
1741 636 1812 668 ideo
1841 641 1874 668 et
1902 637 2050 669 sacerdos
2082 637 2256 669 ordinatus.

1290 677 1411 708 Verum
1425 677 1450 708 si
1466 684 1654 716 reputamus
1671 677 1710 708 ad
1726 679 1802 718 quid
1820 680 1981 711 revelatus
1998 680 2094 711 fuerit
2107 679 2258 712 Christus

1289 720 1425 758 mundo,
1460 719 1551 750 facile
1582 720 1757 757 constabit,
1789 721 1835 753 illi
1865 723 2050 762 qualitatem
2087 722 2170 754 hanc
2204 734 2256 754 ne-

1288 763 1426 794 cessario
1449 763 1633 793 convenire.
1673 763 1784 794 Primo
1808 771 1916 796 tamen
1936 765 2091 796 memoria
2111 772 2258 805 repeten-

1289 805 1365 836 dum
1397 812 1446 836 est
1477 806 1562 844 quod
1595 806 1699 844 primo
1721 807 1825 845 capite
1848 806 1998 847 diximus,
2028 808 2110 840 hanc
2134 808 2258 840 Christi

1288 849 1482 888 geniturum,
1515 848 1554 878 do
1584 858 1647 887 qua
1681 848 1823 887 psalmus
1847 850 2004 889 loquitur,
2040 852 2137 882 fuisse
2168 854 2256 882 testi-

1288 891 1431 921 monium
1467 889 1552 930 quod
1586 890 1632 921 illi
1674 899 1767 930 pater
1800 891 1941 923 reddidit
1977 893 2063 933 apud
2101 894 2256 925 homines.

1289 933 1402 973 Itaque
1433 944 1495 964 non
1526 938 1575 963 est
1606 933 1658 964 hic
1689 939 1802 965 mutua
1831 935 1918 966 inter
1945 942 2068 974 patrem
2101 943 2132 967 et
2155 937 2257 967 filium

1289 976 1417 1008 relatio:
1459 975 1515 1006 sed
1558 976 1663 1015 potius
1705 977 1872 1008 hominum
1911 984 2073 1017 respectus
2112 980 2256 1018 habetur,

1288 1019 1373 1058 apud
1412 1028 1491 1058 quos
1529 1018 1711 1050 illustratus
1750 1026 1807 1051 est.
1867 1019 1963 1051 Nunc
2000 1021 2128 1060 qualem
2166 1023 2257 1054 nobis

1288 1062 1388 1092 filium
1408 1061 1630 1092 manifestavit
1649 1061 1752 1093 Deus:
1777 1062 1822 1093 At
1841 1062 1932 1094 nullo
1953 1063 2081 1101 honore,
2105 1063 2259 1104 nullaque

1288 1105 1441 1136 facultate
1465 1104 1672 1143 praeditum?
1704 1104 1776 1136 Imo
1806 1112 1840 1136 ut
1870 1105 1956 1136 inter
1986 1116 2020 1137 se
2049 1112 2082 1137 et
2113 1107 2259 1139 homines

1288 1147 1443 1178 mediator
1461 1152 1554 1178 esset.
1597 1147 1685 1187 Ergo
1703 1147 1918 1180 sacerdotium
1938 1149 2082 1180 continet
2100 1150 2259 1189 genitura.

1373 1212 1401 1242 6.
1429 1210 1692 1250 Quemadmodum
1714 1214 1740 1242 ct
1762 1212 1848 1243 alibi.
1885 1212 1949 1244 Hic
1967 1212 2084 1244 clarius
2103 1214 2257 1253 exprimi-

1288 1260 1340 1286 tur
1372 1254 1454 1294 quod
1477 1253 1639 1294 apostolus
1662 1254 1812 1285 intendit.
1858 1255 1966 1286 Locus
1989 1261 2037 1286 est
2059 1255 2203 1296 celebris,
2226 1259 2258 1287 et

1289 1301 1375 1328 totus
1406 1297 1504 1328 etiam
1534 1296 1679 1337 psalmus
1710 1297 1796 1328 unde
1826 1302 1976 1338 sumptus
2000 1303 2063 1329 est:
2097 1299 2172 1338 quia
2201 1299 2257 1330 vix

1288 1340 1373 1371 aliud
1390 1342 1496 1371 exstat
1512 1339 1707 1371 luculentius
1723 1340 1913 1372 vaticinium
1930 1340 1969 1371 de
1985 1347 2116 1372 aeterno
2133 1341 2256 1372 Christi

1289 1391 1353 1413 tam
1388 1382 1582 1420 sacerdotio,
1621 1393 1715 1422 quam
1751 1394 1859 1424 regno.
1916 1383 1960 1414 Et
1997 1389 2104 1415 tamen
2142 1383 2257 1415 Iudaei

1289 1426 1392 1457 modis
1411 1425 1558 1456 omnibus
1577 1425 1723 1456 cavillari
1743 1425 1874 1457 student
1895 1431 1929 1457 ut
1945 1426 2117 1458 obscurent
2133 1426 2257 1458 Christi

1289 1469 1438 1510 gloriam:
1464 1467 1519 1500 sed
1543 1468 1626 1499 nihil
1649 1469 1832 1508 proficiunt.
1878 1468 1961 1500 Nam
1985 1469 2068 1510 quod
2092 1469 2132 1500 ad
2155 1469 2256 1500 Davi-

1290 1512 1362 1543 dem
1391 1511 1536 1550 trahunt,
1568 1512 1660 1551 quasi
1683 1511 1709 1543 is
1733 1511 1776 1543 sit
1799 1522 1893 1552 quem
1916 1512 2006 1543 Deus
2028 1511 2068 1542 ad
2091 1512 2258 1543 dexteram

1289 1565 1379 1586 suam
1403 1554 1514 1585 sedere
1537 1554 1663 1585 iubeat:
1689 1554 1784 1586 nimis
1808 1564 1934 1586 crassae
1958 1554 2176 1596 impudentiae
2199 1559 2257 1586 est.

1290 1597 1419 1629 Scimus
1450 1597 1539 1628 nefas
1570 1597 1666 1628 fuisse
1694 1597 1824 1638 regibus
1848 1597 2062 1629 sacerdotium
2087 1597 2256 1638 attingere.

1290 1641 1398 1680 Quare
1426 1639 1522 1671 Usias
1552 1639 1613 1671 hoc
1642 1639 1709 1671 solo
1739 1640 1876 1671 crimine
1906 1640 1990 1680 quod
2024 1650 2058 1671 se
2082 1640 2258 1672 immiscuit

1289 1684 1320 1714 in
1353 1683 1494 1714 alienum
1525 1693 1653 1722 munus,
1684 1683 1765 1714 iram
1797 1683 1858 1714 Dei
1889 1683 2079 1724 provocavit
2109 1686 2145 1714 ut
2167 1682 2258 1724 lepra

1290 1731 1519 1767 percuteretur.
1566 1725 1708 1756 Proinde
1730 1730 1852 1757 certum
1877 1731 1934 1763 est,
1960 1736 2062 1767 neque
2085 1725 2257 1764 Davidem,

1290 1779 1391 1809 neque
1423 1768 1521 1799 alium
1552 1769 1735 1808 quempiam
1767 1779 1806 1799 ex
1839 1769 1967 1810 regibus
1997 1769 2049 1800 hic
2083 1768 2256 1809 designari.

1289 1812 1324 1843 Si
1349 1812 1520 1852 excipiant,
1539 1815 1632 1844 ῠὉΓ-ῐῐ
1652 1811 1813 1843 interdum
1833 1811 1941 1843 vocari
1959 1811 2138 1852 principes:
2158 1812 2259 1842 fateor

1289 1855 1320 1885 id
1337 1855 1474 1895 quidem,
1491 1854 1547 1885 sed
1563 1864 1646 1895 nego
1661 1854 1822 1894 praesenti
1838 1854 1907 1886 loco
1924 1854 2093 1895 quadrare.
2123 1854 2260 1894 Compa-

1289 1899 1368 1929 ratio
1392 1898 1478 1928 enim
1499 1897 1582 1928 nihil
1601 1897 1823 1937 ambiguitatis
1838 1897 2002 1938 relinquit.
2042 1897 2259 1928 Melchisedec

1290 1940 1438 1972 sacerdos
1468 1940 1530 1970 fuit
1558 1939 1630 1971 Dei.
1684 1940 1834 1972 Psalmus
1863 1944 2002 1971 testatur
2033 1940 2120 1971 hunc
2151 1949 2258 1981 regem

1289 1994 1382 2023 quem
1414 1984 1448 2013 in
1480 1984 1612 2014 dextera
1644 1983 1704 2014 Dei
1732 1983 1910 2022 collocavit,
1941 1983 2006 2014 fore
2031 1988 2086 2015 ἳΠΞ
2112 1992 2258 2014 secun-

1290 2027 1382 2057 dum
1412 2025 1601 2057 ordinem
1634 2025 1926 2057 Melchisedec.
1972 2025 2056 2064 Quis
2080 2035 2146 2056 non
2170 2025 2258 2056 videt

1290 2069 1328 2099 de
1351 2068 1528 2100 sacerdotio
1548 2069 1609 2099 hoc
1627 2068 1742 2100 debere
1761 2068 1922 2109 intelligi?
1954 2068 2038 2099 Nam
2057 2069 2131 2109 quia
2150 2077 2258 2099 rarum

1289 2117 1321 2142 et
1337 2122 1433 2152 prope
1449 2111 1613 2152 singulare
1636 2111 1821 2152 exemplum
1839 2114 1917 2149 erat,
1942 2116 1977 2142 ut
1995 2111 2080 2142 idem
2099 2121 2155 2142 rex
2173 2114 2258 2141 esset

1290 2164 1325 2185 ac
1347 2153 1506 2193 sacerdos,
1530 2154 1645 2185 saltem
1668 2155 1701 2185 in
1725 2154 1842 2194 populo
1865 2154 1928 2185 Dei
1959 2157 2028 2185 erat
2049 2154 2257 2185 inusitatum:

1289 2197 1359 2228 ideo
1392 2196 1606 2229 Melchisedec
1637 2197 1789 2237 proponit
1820 2197 1959 2228 Messias
1990 2196 2164 2236 exemplar.
2209 2195 2257 2226 Ac

1289 2240 1316 2271 si
1339 2240 1473 2272 diceret:
1498 2240 1570 2271 Non
1596 2241 1661 2271 fore
1681 2239 1911 2280 impedimento
1928 2240 2049 2280 regiam
2065 2238 2255 2279 dignitatem

1290 2283 1461 2323 quominus
1491 2282 1668 2314 sacerdotio
1699 2293 1826 2323 quoque
1855 2283 2027 2323 fungatur,
2055 2282 2129 2321 quia
2159 2280 2256 2311 huius

1290 2326 1335 2356 rei
1369 2330 1464 2366 typus
1497 2326 1531 2356 in
1566 2325 1782 2357 Melchisedec
1817 2324 2037 2366 praecesserit.
2094 2323 2136 2354 Et
2170 2330 2256 2355 certe

1290 2368 1473 2408 quicunque
1496 2369 1581 2399 inter
1600 2367 1737 2399 Iudaeos
1760 2374 1836 2399 sunt
1854 2368 2056 2407 aliquantum
2074 2366 2256 2404 verecundi,

1289 2414 1358 2442 tum
1392 2411 1431 2442 de
1466 2411 1586 2442 Messia
1619 2420 1800 2442 sermonem
1835 2410 1886 2442 hic
1922 2409 2031 2440 haberi
2066 2409 2256 2448 concedunt,

1290 2459 1357 2484 tum
1389 2454 1485 2485 etiam
1507 2453 1721 2485 sacerdotium
1745 2454 1814 2484 eius
1837 2452 2056 2484 commendari
2078 2461 2142 2482 non
2166 2451 2257 2483 dubi-

1290 2500 1370 2527 tant.
1415 2496 1479 2528 Ubi
1503 2496 1621 2528 Graeci
1642 2499 1811 2527 verterunt
1833 2495 1927 2535 κατᾰ,
1955 2494 2104 2526 hebraice
2127 2494 2258 2535 legitur,

1289 2544 1387 2571 ’.ἾἾΞἾ
1406 2527 1462 2579 ²79,
1491 2538 1574 2580 quod
1605 2539 1766 2579 significat
1795 2539 1915 2576 instar,
1946 2537 1996 2569 vel
2029 2547 2086 2578 pro
2117 2538 2256 2568 ratione:

1289 2592 1352 2622 quo
1379 2583 1590 2614 confirmatur
1612 2580 1693 2612 illud
1715 2580 1798 2622 quod
1821 2581 1887 2611 iam
1910 2580 1987 2621 dixi,
2018 2580 2092 2620 quia
2114 2590 2165 2611 res
2188 2584 2258 2611 erat

1290 2624 1423 2656 minime
1453 2625 1573 2656 usitata
1603 2624 1636 2654 in
1665 2623 1785 2665 populo
1815 2629 1850 2654 ut
1880 2623 1965 2654 idem
1990 2623 2075 2664 regis
2098 2628 2130 2654 et
2154 2632 2256 2654 sacer-

1290 2666 1372 2698 dotis
1410 2677 1578 2709 personam
1619 2667 1810 2705 sustineret,
1856 2669 1950 2698 vetus
1994 2665 2073 2697 illud
2119 2665 2256 2706 proponi
