2513 3126
282 197 343 228 267

282 291 407 332 piorum
432 290 638 322 multitudine
663 298 744 328 poue
767 287 872 319 obruti
898 287 1026 319 fuerint.
1062 287 1144 319 Nam
1164 287 1249 328 (meo

283 334 413 372 iudicio)
437 332 627 364 dubitationi
659 331 810 369 occurrit,
841 340 921 370 quae
945 331 1055 362 fideles
1077 331 1145 361 eius
1169 337 1249 362 tem-

283 377 369 417 poris
393 386 509 415 angero
534 380 666 412 poterat.
703 372 867 404 Videbunt
887 380 990 405 totum
1008 375 1072 404 fere
1092 373 1249 404 mundum

281 419 429 458 occupari
464 417 503 447 ub
538 416 725 451 incredulis.
761 416 831 447 illos
866 417 961 456 potiri
997 426 1119 454 rerum,
1153 426 1250 456 penes

282 462 352 492 illos
376 470 444 491 esso
469 459 576 489 vitani.
613 459 702 489 Haec
726 459 863 490 tentatio
885 468 1013 489 omnem
1038 458 1186 490 fiduciam
1211 459 1249 490 iis

281 511 428 535 excutere
453 507 578 542 poterat
601 502 654 542 qui
673 502 773 532 veluti
793 502 851 532 sub
869 508 971 532 morte
987 501 1129 533 conclusi
1146 507 1247 533 erant.

283 547 347 577 Eos
371 545 477 584 itaque
496 545 646 575 admouet
663 544 788 578 Petrus.
815 555 878 575 non
895 544 991 575 aliam
1009 545 1105 576 fuisse
1121 550 1248 585 patrum

280 587 510 619 conditionem:
536 594 568 618 et
592 594 698 618 tamen
723 597 823 627 quum
849 593 927 618 tunc
951 587 1123 627 impiorum
1142 587 1249 618 multi-

281 630 357 661 tudo
381 636 480 661 totam
505 636 623 660 terrain
648 630 798 669 operiret,
823 629 949 661 illorum
975 631 1076 661 vitam
1102 630 1162 661 Dei
1187 630 1249 661 vir-

280 678 349 704 tute
381 673 506 704 salvam
541 673 646 704 fuisse.
702 672 771 704 Hoc
805 673 898 703 modo
933 673 1055 704 solatur
1090 673 1173 712 pios,
1209 683 1249 703 ne

279 722 409 756 propter
442 726 533 747 suam
569 716 763 754 paucitatem
800 715 900 747 fracto
939 716 1003 747 sint
1036 715 1087 746 vel
1126 716 1247 746 abiecto

280 759 397 789 animo.
456 758 650 796 Exemplum
685 768 760 788 vero
796 768 834 789 ex
874 764 941 790 tota
976 761 1137 789 vetustate
1173 768 1248 798 prae

279 801 352 833 aliis
377 801 499 832 illustre
519 800 649 839 deligit:
674 811 790 841 nempe
806 811 904 841 quum
922 801 1045 832 diluvio
1061 802 1248 832 submersus

280 844 340 875 fuit
373 844 521 875 mundus.
567 843 649 874 Nam
680 850 757 875 tunc
789 844 822 875 in
851 844 1013 876 communi
1036 844 1163 884 generis
1189 843 1247 874 hu-

279 886 365 918 mani
398 887 527 917 interitu
560 886 627 917 sola
651 886 719 917 Noe
744 886 865 918 familia
887 887 998 918 evasit.
1046 888 1092 917 Ac
1116 885 1246 916 modum

279 930 436 970 designat,
466 929 604 969 speciem
638 929 790 969 baptismi
813 929 912 961 fuisse
935 929 1056 961 dicens:
1091 938 1189 967 quare
1213 928 1246 958 in

278 973 338 1004 hac
371 972 468 1003 etiam
505 976 594 1011 parte
628 971 709 1003 nihil
745 978 792 1004 est
826 971 966 1003 absurdi.
1019 971 1155 1002 Summa
1189 972 1247 1008 est,

278 1014 434 1046 mundum
458 1025 586 1054 semper
611 1014 709 1046 fuisse
733 1014 865 1054 plenum
889 1013 1079 1046 incredulis:
1104 1012 1175 1044 ideo
1198 1013 1246 1043 in·

276 1057 364 1098 genti
385 1067 495 1089 eorum
513 1067 647 1088 numero
663 1068 728 1088 non
748 1057 863 1088 debere
882 1058 994 1088 terreri
1015 1057 1091 1096 pios.
1126 1055 1246 1094 Quem-

277 1100 446 1131 admodum
471 1099 549 1139 Noe,
582 1100 708 1132 tametsi
733 1100 874 1140 undique
897 1099 1104 1131 obsidebatur
1127 1099 1166 1129 ab
1190 1098 1247 1129 im-

277 1143 356 1183 piis,
391 1148 423 1174 et
457 1148 522 1174 tam
556 1153 673 1183 paucos
706 1153 812 1174 secum
848 1142 1001 1174 habebat:
1039 1151 1103 1172 non
1139 1146 1246 1172 tamen

277 1186 432 1226 abreptus
457 1185 516 1216 fuit
539 1195 558 1215 a
580 1191 666 1216 recto
692 1185 765 1217 fidei
789 1195 864 1217 suae
887 1195 993 1216 cursu.

363 1229 412 1260 20.
439 1228 540 1268 Quum
569 1228 661 1260 semel
689 1228 927 1268 exspectabatur.
971 1227 1044 1258 Hoc
1067 1226 1106 1257 ad
1131 1226 1248 1266 impios

277 1271 389 1303 referri
406 1271 508 1307 debet.
533 1281 613 1310 quos
630 1271 692 1302 Dei
717 1271 872 1311 patientia
894 1270 1060 1310 segniores
1083 1268 1247 1300 reddebat.

278 1314 361 1345 Nam
395 1313 423 1345 si
456 1313 612 1344 ultionem
647 1324 737 1345 suam
772 1313 878 1344 differt
913 1312 1011 1349 Deus,
1046 1322 1103 1343 nec
1138 1312 1246 1343 statim

278 1356 473 1396 exsequitur,
496 1356 602 1387 minas
625 1366 737 1387 omnes
759 1365 869 1387 secure
889 1355 1026 1386 eludunt
1041 1355 1148 1395 impii:
1172 1364 1247 1385 con·

278 1406 328 1431 tra
350 1409 428 1430 vero
451 1399 520 1430 Noe
543 1399 671 1431 oraculo
694 1399 843 1435 monitus,
867 1398 1023 1429 diluvium
1047 1398 1149 1429 multo
1172 1402 1249 1428 ante

278 1441 418 1473 habebat
442 1451 518 1482 prae
540 1442 649 1473 oculis.
687 1441 774 1472 Hinc
797 1440 951 1472 sedulitas
975 1440 1008 1472 in
1032 1440 1249 1472 construenda

277 1495 362 1525 arca,
386 1484 471 1524 quod
489 1484 550 1516 Dei
566 1484 683 1516 iudicio
710 1484 917 1515 tremefactus
940 1488 1102 1524 torporem
1118 1493 1249 1515 omnem

276 1532 472 1560 excusserat.

363 1570 415 1601 21.
439 1569 538 1602 Cuius
557 1568 686 1610 fiqurae.
721 1568 866 1601 Omnino
889 1569 1062 1601 relativum
1085 1569 1119 1600 in
1139 1569 1249 1600 dativo

276 1623 354 1645 casu
383 1613 555 1653 legendum
586 1613 743 1644 arbitror:
777 1622 814 1644 ac
843 1623 951 1644 errore
977 1612 1097 1643 factum
1122 1622 1191 1643 esse
1214 1615 1250 1643 ut

277 1667 294 1687 0
317 1655 351 1686 in
375 1655 478 1687 locum
503 1665 528 1686 ω
550 1655 692 1686 subierit.
739 1654 864 1687 Sensus
891 1660 1001 1687 tamen
1026 1655 1158 1686 minime
1181 1664 1249 1686 am-

277 1698 393 1739 biguus
417 1704 474 1738 est,
497 1697 581 1738 quod
598 1697 667 1729 Noe
689 1709 745 1738 per
768 1708 883 1738 aquam
914 1703 1064 1730 servatus
1088 1698 1249 1738 quandam

277 1741 428 1781 baptismi
461 1741 600 1781 speciem
634 1740 794 1772 habuerit.
847 1741 891 1772 Et
925 1741 986 1773 hoc
1020 1745 1250 1772 commemorat

277 1784 456 1823 apostolus,
500 1788 534 1814 ut
568 1782 684 1814 melius
718 1789 843 1815 constet
876 1784 963 1815 inter
997 1783 1088 1815 illum
1123 1787 1155 1815 et
1190 1794 1249 1815 nos

276 1826 462 1858 similitudo.
504 1826 573 1856 Iam
597 1825 717 1857 dictum
741 1832 790 1858 est
813 1827 876 1858 huc
898 1831 1044 1867 spectare
1067 1826 1249 1858 membrum

276 1869 374 1908 istud,
404 1879 446 1900 ne
469 1869 578 1910 pravis
601 1869 760 1909 exemplis
783 1870 911 1902 abducti
931 1880 949 1901 a
973 1870 1090 1901 timore
1108 1869 1249 1908 Domini,

277 1916 310 1944 et
338 1914 426 1943 recta
458 1911 571 1943 salutis
603 1911 666 1951 via,
700 1921 759 1942 nos
790 1923 862 1944 cum
893 1912 1015 1944 mundo
1046 1913 1249 1944 misceamus.

277 1955 348 1986 Hoc
378 1955 412 1985 in
445 1953 602 1994 baptismo
632 1954 753 1995 liquido
777 1960 874 1994 patet,
909 1956 962 1987 ubi
987 1955 1118 1987 Christo
1141 1966 1249 1987 conee-

277 1997 426 2038 pelimur,
456 2004 491 2028 ut
521 1997 641 2028 mundo
673 2003 705 2028 et
727 1998 815 2028 carni
845 1999 963 2029 mortui
994 1997 1065 2029 Deo
1089 1999 1248 2030 vivamus.

277 2040 350 2071 Hac
366 2041 488 2071 ratione
504 2039 701 2080 baptismum
721 2046 864 2071 nostrum
885 2040 1054 2072 ἀντίτυπον
1078 2051 1148 2073 esse
1171 2040 1250 2073 dicit

277 2083 439 2123 baptismo
462 2082 546 2114 Noe:
572 2093 634 2114 non
659 2083 742 2123 quod
767 2083 944 2123 baptismus
964 2084 1034 2115 Noe
1057 2084 1248 2124 primarium

276 2125 374 2156 fuerit
411 2125 588 2165 exemplar,
626 2131 736 2157 noster
773 2135 849 2157 vero
883 2127 1016 2158 inferior
1049 2127 1091 2159 sit
1123 2127 1247 2167 figura:

277 2168 418 2208 qualiter
448 2168 508 2200 hoc
539 2179 657 2199 nomen
687 2173 822 2209 usurpat
852 2170 1014 2209 apostolus
1045 2170 1078 2201 in
1110 2169 1249 2210 epistola

278 2210 317 2241 ad
341 2210 508 2242 Hebraeos
530 2210 573 2253 (9,
596 2211 660 2253 24),
696 2221 794 2251 quum
819 2211 899 2252 legis
922 2213 1142 2244 caeremonias
1166 2211 1249 2244 ἀντί-

278 2263 362 2284 τυπα
403 2259 496 2285 vocat
536 2264 645 2286 rerum
687 2254 882 2286 coelestium.
943 2254 1102 2287 Similiter
1141 2255 1249 2296 graeci

278 2297 453 2336 scriptores
466 2296 498 2327 id
514 2297 725 2329 sacramentis
741 2297 940 2329 attribuunt:
965 2305 998 2329 ut
1014 2308 1113 2338 quum
1136 2298 1249 2329 dicunt

277 2339 450 2380 mysticum
467 2350 577 2371 sacrae
593 2350 711 2372 coenae
730 2350 856 2381 panem,
878 2350 947 2372 esse
966 2341 1108 2381 corporis
1124 2340 1249 2373 Christi

277 2380 458 2413 ἀντίτυπον.
490 2381 556 2414 Sed
569 2382 622 2414 hic
635 2393 699 2414 non
711 2383 749 2414 fit
762 2383 892 2414 maioris
905 2390 960 2414 aut
973 2384 1106 2415 minoris
1121 2394 1248 2424 compa-

278 2425 370 2456 ratio.
401 2425 544 2456 Tantum
559 2425 719 2466 significat
735 2425 898 2466 apostolus
910 2431 1054 2457 mutuam
1067 2426 1250 2457 similitudi-

279 2477 354 2498 nem
370 2477 448 2505 esse,
473 2477 510 2499 ac
524 2467 573 2509 (ut
590 2468 688 2509 vulgo
710 2468 900 2510 loquuntur)
921 2469 1249 2509 correspondentiam.

279 2509 406 2541 Forsan
447 2511 550 2551 magis
583 2512 712 2552 proprie
745 2511 895 2552 loquutus
928 2511 1009 2542 soret
1041 2511 1249 2553 ἀντίστροφον

281 2553 440 2584 vocando:
464 2553 603 2593 qualiter
618 2554 808 2586 Aristoteles
829 2554 1027 2586 dialecticam
1050 2556 1123 2587 facit
1146 2554 1248 2586 ἀντίσ-

281 2604 397 2635 τροφον
428 2595 616 2628 rhetoricae.
662 2596 728 2628 Sed
752 2597 791 2628 de
815 2596 921 2628 verbis
944 2607 1008 2628 non
1032 2603 1080 2628 est
1103 2597 1248 2629 laboran-

282 2637 359 2669 dum
387 2638 440 2670 ubi
469 2638 507 2670 de
538 2649 573 2671 re
600 2639 763 2671 convenit.
809 2640 898 2681 Ergo
927 2639 1020 2671 sicuti
1049 2640 1118 2671 Noe
1147 2641 1249 2672 vitam

1123 193 1263 226 ffl’ls'r.
1289 192 1423 225 PETRI
1449 193 1463 225 Ι

2213 195 2276 227 268

1305 287 1441 328 adeptus
1473 292 1520 318 cst
1550 296 1606 326 pcr
1638 291 1785 325 mortem,
1817 297 1916 327 quum
1940 287 1972 319 in
1997 297 2071 318 area
2095 297 2160 319 non
2182 299 2274 321 secus

1305 336 1401 369 atque
1435 331 1467 360 in
1509 329 1656 368 sepulcro
1695 329 1838 361 inclusus
1878 330 1954 369 suit,
1988 336 2020 361 et
2055 335 2120 362 toto
2155 331 2275 363 mundo

1304 378 1457 413 percunte
1498 377 1646 403 servatus
1695 372 1756 402 fuit
1792 382 1864 404 cum
1901 372 2019 413 exigua
2055 373 2192 404 familia:
2230 373 2275 406 sic

1305 416 1397 447 hodie
1419 414 1634 453 mortificatio,
1658 425 1738 454 quae
1758 415 1790 445 in
1809 415 1968 455 baptismo
1991 415 2160 456 figuratur,
2186 415 2276 447 nobis

1304 459 1467 499 ingressus
1491 463 1537 488 cst
1561 457 1595 487 in
1620 457 1735 488 vitam:
1760 468 1819 490 nec
1842 457 1929 489 salus
1952 458 2112 498 speranda
2133 462 2190 497 est,
2215 458 2274 490 uisi

1303 512 1322 532 a
1342 499 1460 531 mundo
1483 499 1583 531 simus
1607 500 1780 541 segregati.

1390 542 1461 573 Non
1490 541 1617 574 abiectio
1648 543 1798 575 sordium.
1844 542 1917 574 Hoc
1947 542 2017 574 ideo
2048 542 2192 575 additum
2216 548 2275 584 est,

1303 587 1451 626 quoniam
1475 585 1543 616 fieri
1571 585 1734 617 interdum
1759 589 1864 626 potest
1887 591 1924 617 ut
1948 586 2049 617 maior
2073 596 2147 626 pare
2171 585 2275 617 homi-

1304 639 1379 660 num
1397 627 1518 659 Christi
1542 638 1659 659 nomen
1684 629 1887 668 profiteatur:
1912 638 1948 659 ac
1970 628 2081 659 eodem
2107 628 2274 660 nobiscum

1303 672 1461 710 baptismo
1485 670 1604 701 initiati
1628 677 1704 702 sunt
1728 672 1792 702 fere
1816 681 1927 702 omnes
1950 671 1983 702 in
2003 671 2157 703 ecclesiae
2176 672 2274 703 socie-

1303 720 1410 744 tatem.
1448 712 1519 744 Hoc
1543 713 1637 744 modo
1662 724 1726 745 non
1750 715 1938 746 conveniret
1961 713 2044 754 quod
2069 714 2158 754 prius
2182 713 2274 752 dixit,

1303 766 1417 796 paucos
1452 755 1546 786 hodie
1580 757 1703 787 servari
1739 767 1795 797 per
1827 757 2039 797 baptismum:
2074 756 2169 788 sicuti
2204 762 2275 788 octo

1302 799 1404 830 solum
1440 798 1566 830 animas
1601 798 1690 830 Deus
1725 810 1782 839 per
1816 809 1924 831 arcam
1961 799 2122 831 liberavit.
2179 799 2274 831 Hanc

1301 841 1513 872 obiectiouem
1539 840 1656 872 Petrus
1683 848 1827 882 occupat,
1858 853 1957 883 quum
1991 845 2130 873 testatur
2153 852 2187 873 se
2211 852 2275 873 nou

1302 884 1386 924 loqui
1404 884 1442 915 de
1460 883 1545 914 nudo
1566 884 1670 924 signo,
1693 885 1748 916 sed
1772 885 1870 916 simul
1894 885 2090 926 coniungere
2112 885 2274 916 effectum.

1303 928 1350 958 Ac
1380 927 1405 957 si
1437 926 1567 965 diceret,
1602 937 1729 968 semper
1760 927 1903 959 futurum
1935 927 2017 968 quod
2047 927 2175 960 saeculo
2206 927 2275 959 Noe

1301 970 1446 1010 contigit.
1471 975 1506 1000 ut
1524 969 1701 1001 humanum
1726 980 1828 1011 genus
1851 970 1885 1001 in
1908 981 2001 1001 suum
2025 971 2162 1002 exitium
2186 975 2274 1001 ruat:

1301 1012 1455 1052 pusillum
1487 1022 1562 1044 vero
1592 1023 1723 1053 gregem
1753 1012 1944 1044 mirabiliter
1966 1013 2082 1053 eripiat
2107 1013 2273 1044 Dominus.

1303 1055 1460 1086 Videmus
1492 1065 1578 1087 nunc
1609 1055 1686 1096 quid
1715 1056 1775 1087 sibi
1799 1055 1878 1087 velit
1900 1055 1980 1087 haec
2002 1056 2165 1087 correctio.
2211 1055 2274 1087 Po-

1302 1103 1383 1128 terat
1401 1098 1489 1129 enim
1509 1098 1668 1138 quispiam
1692 1099 1839 1139 obiicere,
1862 1098 2020 1138 baptismo
2038 1098 2106 1129 Noe
2129 1103 2275 1130 nostrum

1300 1151 1370 1172 esse
1397 1140 1491 1182 longe
1524 1141 1722 1182 dissimilem,
1752 1142 1827 1181 quia
1858 1141 2026 1181 plerosque
2052 1140 2147 1172 hodie
2171 1141 2273 1181 bapti-

1300 1183 1365 1214 zari
1387 1184 1564 1224 contingat.
1600 1184 1790 1224 Respondet
1813 1189 1931 1222 autem,
1956 1194 2021 1215 non
2044 1184 2193 1215 sufficere
2217 1193 2274 1214 ex-

1301 1231 1432 1257 ternum
1463 1226 1656 1268 symbolum,
1691 1227 1754 1258 nisi
1786 1237 1862 1258 vere
1892 1232 1925 1258 et
1956 1227 2129 1259 efficaciter
2152 1226 2275 1267 baptis-

1302 1278 1390 1299 mum
1431 1269 1617 1309 suscipiant.
1680 1270 1781 1310 Atqui
1821 1270 1892 1301 eius
1933 1269 2052 1301 veritas
2089 1269 2124 1300 in
2163 1269 2276 1309 paucis

1301 1311 1492 1350 reperietur.
1539 1311 1633 1343 Unde
1659 1313 1805 1352 sequitur
1828 1323 1890 1343 non
1915 1312 2031 1343 debere
2055 1322 2114 1344 nos
2136 1312 2276 1344 circum-

1302 1353 1425 1394 spicere
1448 1353 1524 1394 quid
1548 1359 1623 1395 agat
1647 1354 1764 1395 vulgus
1788 1355 1964 1394 hominum,
1996 1359 2032 1386 ut
2055 1354 2094 1386 ab
2117 1354 2276 1395 exemplis

1303 1395 1501 1437 pendeamus
1525 1407 1584 1428 uec
1607 1397 1723 1428 debere
1747 1408 1805 1429 nos
1828 1402 1982 1435 metuere,
2005 1398 2032 1429 si
2056 1398 2150 1438 pauci
2173 1398 2275 1428 simus

1302 1449 1448 1471 numero.
1493 1439 1665 1471 Caeterum
1699 1440 1759 1472 hoc
1785 1441 2004 1472 testimonium
2029 1450 2198 1481 perperam
2221 1439 2276 1471 de-

1303 1485 1456 1522 torquent
1486 1483 1615 1514 fanatici
1648 1482 1795 1515 homines
1825 1482 1874 1525 (ut
1896 1482 2170 1524 Schvincfeldius)
2197 1482 2275 1513 dum

1302 1525 1515 1557 sacramentis
1558 1536 1687 1557 omnem
1734 1527 1799 1558 vim
1839 1531 1872 1557 et
1911 1526 2061 1557 effectum
2104 1524 2276 1556 detrahere

1303 1568 1426 1599 volunt.
1487 1568 1602 1608 Neque
1642 1569 1728 1600 enim
1769 1568 1822 1601 hic
1862 1568 1975 1601 docere
2016 1569 2117 1600 voluit
2157 1568 2276 1600 Petrus

1303 1611 1400 1642 inane
1429 1616 1463 1642 et
1485 1611 1637 1642 inefficax
1661 1622 1730 1643 esse
1753 1611 1877 1644 Christi
1899 1612 2094 1651 institutum,
2124 1611 2181 1642 sed
2204 1615 2276 1642 tan-

1303 1659 1372 1684 tum
1396 1654 1568 1686 excludere
1590 1654 1777 1695 hypocritas
1800 1665 1819 1686 a
1841 1665 1898 1695 spe
1921 1654 2044 1695 salutis,
2075 1654 2130 1694 qui
2156 1653 2277 1694 baptis-

1303 1707 1404 1737 mum,
1428 1698 1633 1738 quantumin
1652 1708 1687 1729 se
1710 1703 1769 1737 est,
1792 1697 1973 1737 depravant
1995 1707 2032 1729 ac
2054 1701 2277 1737 corrumpunt.

1303 1740 1406 1771 Porro
1436 1750 1537 1780 quum
1567 1740 1606 1771 de
1639 1741 1850 1772 sacramentis
1873 1740 1990 1781 agitur,
2014 1740 2077 1771 duo
2100 1745 2177 1771 sunt
2199 1748 2277 1770 con-

1302 1782 1484 1821 sideranda,
1507 1783 1637 1824 signum
1654 1789 1687 1815 et
1702 1793 1762 1815 res.
1800 1783 1846 1815 Ut
1868 1784 1902 1814 in
1926 1783 2124 1823 baptismum
2147 1782 2277 1823 signum

1302 1831 1351 1856 est
1375 1836 1472 1866 aqua:
1497 1836 1548 1857 res
1572 1831 1691 1867 autem,
1715 1826 1836 1857 ablutio
1859 1826 1986 1857 animae
2008 1836 2066 1866 per
2084 1825 2277 1866 sanguinem

1303 1868 1438 1907 Christi,
1471 1873 1504 1900 et
1537 1869 1644 1900 carnis
1678 1869 1894 1901 mortificatio.
1950 1868 2078 1900 Horum
2113 1872 2277 1908 utrunque

1303 1911 1362 1943 sub
1379 1922 1413 1943 se
1434 1911 1658 1952 complectitur
1674 1911 1798 1943 Christi
1821 1912 2019 1943 institutum.
2049 1911 2144 1951 Quod
2167 1916 2276 1942 autem

1302 1965 1397 1994 saepe
1419 1954 1571 1986 inefficax
1593 1960 1625 1985 et
1648 1955 1769 1995 absque
1792 1955 1900 1986 fructu
1923 1955 2053 1995 signum
2077 1958 2219 1994 apparet,
2241 1952 2275 1983 id

1303 1998 1338 2029 fit
1371 1997 1538 2028 hominum
1572 1997 1686 2034 abusu,
1720 1998 1775 2038 qui
1805 1997 2000 2029 sacramenti
2029 2001 2180 2028 naturam
2210 2005 2275 2027 non

1302 2040 1397 2072 tollit.
1443 2040 1615 2072 Discamus
1643 2050 1721 2081 ergo
1752 2050 1820 2071 rem
1850 2041 2011 2081 signatam
2040 2050 2059 2071 a
2087 2039 2179 2080 signo
2208 2047 2274 2070 non

1302 2083 1466 2115 divellere.
1511 2082 1718 2123 Quamquam
1743 2083 1839 2114 simul
1864 2093 1882 2113 a
1905 2082 2033 2114 diverso
2056 2082 2134 2114 vitio
2156 2091 2272 2114 caven-

1302 2126 1378 2157 dum
1410 2132 1468 2164 est,
1503 2125 1598 2166 quale
1626 2127 1711 2156 inter
1739 2126 1882 2165 papistas
1905 2130 2031 2166 regnat.
2077 2125 2165 2163 Quia
2186 2123 2273 2155 enim

1301 2169 1387 2200 inter
1420 2179 1488 2200 rem
1522 2175 1554 2199 et
1580 2168 1710 2209 signum
1740 2179 1805 2199 non
1837 2168 2043 2208 distinguunt
2072 2174 2110 2198 ut
2137 2171 2271 2207 oportet,

1301 2212 1484 2243 consistunt
1512 2211 1546 2242 in
1576 2215 1712 2242 externo
1739 2211 1908 2248 elemento,
1942 2214 1974 2242 et
2005 2210 2070 2242 illic
2093 2210 2198 2241 locant
2221 2218 2270 2240 sa-

1301 2255 1378 2286 lutis
1418 2254 1580 2286 fiduciam.
1634 2253 1746 2293 Itaque
1780 2263 1882 2293 aquae
1915 2258 2120 2294 conspectus,
2161 2261 2272 2283 eorum

1301 2301 1428 2329 mentes
1451 2308 1470 2328 a
1486 2296 1609 2329 Christi
1631 2296 1791 2337 sanguine
1814 2301 1846 2326 et
1868 2296 1974 2337 gratia
1995 2295 2128 2336 spiritus
2150 2294 2273 2326 abstra-

1302 2340 1361 2371 hit.
1391 2340 1560 2372 Christum
1576 2348 1642 2370 non
1665 2339 1808 2379 cogitant
1831 2338 1989 2370 bonorum
2011 2337 2164 2378 omnium,
2189 2344 2273 2378 quae

1300 2383 1368 2415 illic
1391 2383 1582 2421 offeruntur,
1604 2382 1732 2413 unicum
1756 2392 1826 2413 esse
1849 2386 2007 2421 autorem,
2030 2380 2166 2421 gloriam
2188 2389 2272 2411 mor-

1301 2426 1341 2457 tis
1375 2426 1443 2457 eius
1478 2425 1518 2457 ad
1550 2434 1665 2465 aquam
1699 2424 1914 2461 transferunt,
1955 2434 2106 2456 arcanam
2140 2423 2272 2464 spiritus

1301 2469 1458 2500 virtutem
1491 2467 1628 2508 alligant
1657 2467 1777 2499 visibili
1807 2468 1908 2508 signo.
1954 2465 2041 2505 Quid
2071 2476 2148 2507 ergo
2172 2475 2270 2507 agen-

1301 2511 1378 2543 dum
1401 2512 1470 2543 est?
1510 2510 1560 2542 Ne
1582 2519 1767 2550 separemus
1790 2519 1872 2550 quae
1895 2520 1913 2540 a
1937 2509 2077 2540 Domino
2101 2509 2272 2542 coniuncta

1301 2558 1387 2585 sunt.
1440 2554 1604 2585 Debemus
1636 2553 1669 2583 in
1703 2553 1863 2593 baptismo
1896 2562 2071 2593 agnoscere
2103 2550 2271 2592 spirituale

1302 2597 1466 2629 lavacrum
1509 2596 1661 2627 debemus
1700 2595 1767 2627 illic
1811 2594 2030 2626 testimonium
2071 2593 2270 2626 remissionis

1302 2645 1516 2680 peccatorum,
1540 2644 1570 2669 et
1587 2638 1804 2670 renovationis
1820 2644 1950 2669 nostrae
1967 2638 2085 2679 pignus
2105 2637 2268 2678 amplecti:
