2513 3126
265 199 328 232 455

358 297 405 328 19.
430 295 472 327 Et
495 294 650 332 habemus,
674 293 724 323 etc.
764 291 832 323 Iam
858 291 891 322 in
916 291 1146 332 prophetarum
1163 301 1240 331 quo-

270 350 331 381 quo
354 338 490 371 oraculis
522 336 687 367 fundatam
716 344 785 366 esse
809 334 903 366 docet
925 334 1086 375 evangelii
1110 335 1238 366 certitu-

270 383 389 422 dinem,
422 391 460 411 no
492 378 641 410 dubitent
672 378 727 417 qui
760 377 838 408 illud
869 377 1011 417 amplexi
1042 381 1125 412 sunt.
1157 382 1240 409 totos

269 436 302 457 se
327 425 457 456 Christo
480 421 639 453 addicere.
684 420 766 452 Nam
791 420 844 460 qui
868 420 1047 459 ambigunt,
1076 419 1145 451 fieri
1176 430 1239 452 non

270 473 375 509 potest
398 466 475 505 quin
500 464 682 496 remissiore
705 463 771 495 sint
794 463 908 494 animo.
947 462 1120 494 Caeterum
1144 473 1239 503 quum

270 511 361 546 dicit,
396 507 606 544 habemus,
642 506 703 537 hoc
733 511 798 537 tam
831 505 870 537 ad
900 505 1005 546 ipsum
1037 508 1069 536 et
1100 505 1240 546 reliquos

270 554 426 590 doctores,
456 560 549 590 quam
575 548 614 580 ad
639 548 810 589 discipulos
835 552 939 588 potest
963 548 1085 579 referri.
1131 547 1239 580 Habe-

269 596 347 626 bant
371 593 507 634 apostoli
531 591 706 633 prophetas
730 597 885 631 tanquam
907 596 1059 631 patronos
1076 591 1240 623 doctrinae

270 648 362 669 suae:
394 636 504 668 fideles
533 645 658 675 quoque
690 634 765 665 inde
795 634 949 675 petebant
979 633 1139 674 evangelii
1165 643 1240 665 con-

270 680 495 712 firmationem.
535 679 604 718 Ego
627 678 658 708 in
683 677 768 709 hanc
792 680 916 718 partem
942 676 1095 708 libentius
1114 676 1240 716 inclino,

270 724 352 763 quod
384 722 422 754 de
455 728 520 752 tota
551 720 683 752 ecclesia
714 720 873 760 loquatur,
905 730 1003 759 seque
1031 730 1132 750 unum
1156 719 1241 751 inter

270 766 348 797 alios
380 767 563 797 constituat.
617 763 824 803 Quamquam
854 762 993 794 Iudaeos
1027 763 1156 802 proprie
1191 762 1240 793 de-

270 810 387 849 signat.
412 807 525 848 quibus
549 806 717 837 familiaris
741 812 809 837 erat
833 805 1064 846 prophetarum
1085 805 1240 837 doctrina.

269 851 411 891 Ideoque
429 854 522 882 vocat
538 859 608 880 eam
629 849 874 886 firmiorem,
894 859 965 880 meo
981 848 1097 879 saltem
1114 848 1240 880 iudicio.

271 894 354 926 Nam
379 894 432 934 qui
457 892 587 933 positivi
611 892 679 924 loco
698 892 957 932 comparativum
981 891 1153 932 accipiunt,
1177 901 1240 923 non

271 938 350 969 satis
387 935 577 976 expendunt
615 937 717 966 totum
758 939 955 966 contextum.
1015 933 1156 966 Coactus
1193 939 1242 965 est

272 981 366 1011 etiam
397 989 510 1010 sensus
541 978 608 1016 ille,
639 977 814 1009 firmiorem
846 987 915 1008 esse
947 977 1240 1017 propheticum

272 1031 512 1059 sermonem,
545 1031 584 1052 ex
617 1031 679 1060 quo
703 1031 738 1051 re
760 1020 830 1060 ipsa
853 1020 1028 1060 complevit
1051 1020 1140 1051 Deus
1163 1030 1243 1060 quae

272 1066 337 1097 illic
369 1065 406 1096 de
436 1065 502 1096 filio
533 1074 591 1096 suo
623 1064 826 1104 promiserat.
870 1062 955 1094 Nam
984 1062 1036 1094 hic
1059 1062 1243 1103 simpliciter

273 1108 391 1148 duplici
416 1107 602 1138 testimonio
627 1106 782 1147 probatur
805 1106 967 1146 evangelii
992 1106 1128 1137 veritas:
1160 1105 1242 1146 quod

274 1151 425 1183 Christus
465 1150 636 1190 magnifice
677 1149 803 1180 solenni
841 1148 904 1180 Dei
945 1149 1049 1189 elogio
1089 1148 1243 1189 probatus

274 1194 384 1225 fuerit:
421 1192 537 1225 deinde
571 1191 654 1232 quod
686 1192 795 1223 omnia
829 1192 1059 1232 prophetarum
1091 1191 1244 1223 vaticinia

273 1237 306 1268 in
344 1236 481 1268 eundem
520 1236 618 1266 finem
656 1239 810 1275 spectent.
867 1234 932 1266 Sed
971 1235 1030 1266 hoc
1067 1234 1242 1266 absurdum

273 1280 379 1320 prima
409 1279 515 1319 specie
546 1278 688 1315 videtur,
722 1277 806 1318 quod
837 1278 959 1309 firmior
990 1278 1109 1309 dicitur
1139 1287 1244 1309 sermo

274 1323 522 1363 prophetarum,
557 1331 652 1361 quam
684 1331 749 1352 vox
781 1330 871 1352 sacro
903 1321 971 1361 ipso
994 1320 1057 1352 Dei
1086 1331 1140 1352 ore
1171 1330 1244 1360 pro-

274 1366 432 1397 nuntiata.
479 1365 627 1395 Primum
655 1363 767 1395 eadem
786 1368 844 1399 est,
875 1374 956 1403 quae
986 1364 1026 1395 ab
1055 1364 1147 1395 initio
1176 1363 1245 1401 fuit,

275 1408 366 1440 verbi
387 1408 449 1440 Dei
481 1407 652 1438 autoritas:
684 1406 800 1437 deinde
824 1405 947 1438 Christi
978 1407 1121 1438 adventu
1142 1407 1245 1446 magis

275 1462 372 1491 quam
397 1452 485 1491 prius
509 1450 632 1481 sancita
655 1450 731 1480 tuit:
759 1449 1030 1489 quemadmodum
1054 1450 1087 1480 in
1111 1448 1245 1490 epistola

275 1495 315 1526 ad
339 1494 506 1525 Hebraeos
536 1493 639 1524 fusius
663 1492 783 1523 dictum
807 1492 878 1523 fuit.
924 1493 1047 1524 Verum
1073 1503 1136 1524 non
1161 1492 1244 1524 diffi-

275 1537 344 1569 cilis
377 1541 426 1568 est
459 1536 555 1567 huius
590 1535 665 1566 nodi
701 1534 836 1566 solutio:
872 1536 945 1576 quia
978 1535 1031 1568 hic
1064 1541 1244 1576 respectum

275 1579 373 1611 habet
395 1580 501 1620 gentis
524 1589 601 1610 suae
624 1578 787 1618 apostolus
810 1589 891 1618 quae
914 1579 1081 1619 prophetis
1097 1589 1246 1611 assueve-

275 1627 336 1662 rat,
359 1625 395 1654 ut
418 1632 529 1654 eorum
553 1621 700 1653 doctrina
722 1631 855 1661 prorsus
879 1627 972 1653 extra
991 1622 1244 1653 controversiam

276 1670 370 1698 esset.
423 1665 532 1704 Quum
563 1674 640 1705 ergo
670 1664 755 1705 apud
785 1664 923 1696 Iudaeos
953 1664 1122 1697 indubium
1152 1668 1245 1703 esset,

276 1719 294 1740 a
315 1708 455 1740 Domino
479 1709 657 1748 profectum
681 1707 835 1748 quidquid
860 1708 1037 1748 prophetae
1061 1708 1246 1748 docuerant,

276 1762 339 1783 non
364 1752 481 1782 mirum
506 1757 554 1782 est
578 1751 604 1782 si
621 1751 706 1782 dicat
722 1750 838 1782 Petrus
855 1752 1031 1782 firmiorem
1048 1761 1118 1782 esse
1136 1761 1245 1782 eorum

277 1804 468 1826 sermonem.
514 1794 583 1825 Iam
615 1799 758 1826 vetustas
789 1803 914 1834 quoque
945 1795 1016 1834 ipsa.
1038 1804 1164 1833 semper
1188 1793 1246 1825 ali-

276 1837 352 1877 quid
376 1838 577 1869 reverentiae
600 1847 711 1868 seeum
735 1837 845 1869 trahit.
891 1837 1067 1868 Praeterea
1087 1836 1246 1868 notandae

277 1888 352 1911 sunt
374 1880 454 1911 aliae
477 1880 747 1920 circumstantiae,
772 1879 856 1920 quod
880 1880 913 1910 in
934 1880 1105 1917 vaticiniis5
1129 1879 1245 1920 quibus

277 1926 367 1953 tanto
391 1927 465 1954 ante
489 1922 689 1963 praedictum
714 1922 821 1954 fuerat
837 1922 962 1955 Christi
985 1933 1131 1963 regnum,
1156 1921 1245 1953 nulla

276 1965 407 1997 subesse
429 1968 555 2005 poterat
578 1966 727 2006 suspicio.
766 1965 838 1997 Non
862 1975 940 2006 ergo
963 1965 1016 1997 hic
1038 1966 1181 2005 quaestio
1197 1969 1245 1996 est

278 2017 319 2038 an
349 2008 420 2047 plus
449 2008 523 2039 fidei
554 2014 740 2040 mereantur
770 2009 948 2048 prophetae
978 2019 1074 2049 quam
1105 2018 1244 2048 evange-

277 2049 372 2081 lium:
396 2051 450 2081 sed
475 2056 602 2082 tantum
626 2051 758 2091 respicit
781 2051 901 2083 Petrus
923 2056 1081 2091 quantum
1104 2051 1168 2082 illis
1191 2050 1244 2081 de-

278 2093 400 2124 ferrent
423 2093 534 2124 Iudaei
564 2095 618 2133 qui
648 2094 821 2134 prophetas
848 2105 907 2135 pro
929 2095 1082 2135 legitimis
1105 2094 1167 2125 Dei
1190 2094 1246 2124 mi-

278 2136 388 2167 nistris
411 2135 541 2167 indubie
565 2136 742 2168 habebant:
766 2142 797 2168 et
813 2138 846 2168 in
863 2147 973 2169 eorum
990 2137 1101 2169 schola
1117 2137 1246 2168 fuerant

278 2188 296 2209 a
318 2179 456 2218 pueritia
478 2179 614 2209 educati.

365 2220 424 2252 Cui
454 2221 642 2260 benefacitis,
672 2224 724 2253 etc.
768 2222 832 2254 Hic
859 2233 934 2254 vero
964 2222 1051 2254 locus
1080 2223 1245 2262 aliquanto

278 2264 350 2303 plus
375 2263 472 2295 habet
495 2263 711 2295 difficultatis:
734 2265 900 2304 quaeritur
923 2265 1007 2296 enim
1032 2266 1182 2306 quisnam
1205 2265 1247 2296 sit

278 2307 338 2338 iste
369 2305 472 2344 dies,
504 2307 595 2338 cuius
627 2308 775 2338 meminit
797 2307 922 2339 Petrus.
968 2307 1170 2347 Quibusdam
1197 2308 1245 2339 vi-

278 2349 372 2380 detur
402 2360 471 2381 esse
501 2348 641 2380 dilucida
663 2349 786 2381 Christi
816 2351 964 2391 cognitiO,
994 2351 1071 2383 dum
1094 2351 1190 2391 plane
1212 2350 1245 2381 in

276 2392 445 2432 evangelio
467 2392 674 2432 acquiescunt
696 2392 853 2425 homines.
906 2393 1142 2434 Caliginem
1171 2403 1248 2425 vero

278 2439 456 2475 exponunt,
485 2436 561 2466 dum
591 2436 742 2476 suspensi
771 2435 876 2467 adhuc
905 2436 1078 2476 haesitant,
1110 2436 1246 2468 necdum

278 2477 440 2518 evangelii
464 2477 610 2509 doctrina
634 2483 789 2519 tanquam
1002 2480 1165 2520 recipitur.
1199 2478 1249 2510 Ao

278 2521 305 2552 si
322 2520 441 2552 Petrus
464 2520 601 2552 Iudaeos
624 2521 781 2559 laudaret,
806 2523 858 2562 qui
882 2521 916 2552 in
940 2522 1010 2562 lege
1026 2528 1058 2553 et
1081 2522 1249 2563 prophetis

279 2562 447 2595 Christum
480 2564 696 2604 investigant:
730 2568 763 2596 et
796 2564 857 2596 hae
885 2565 977 2604 quasi
1004 2570 1179 2605 praeeunte
1202 2564 1248 2595 lu-

279 2616 392 2644 cerna,
438 2606 476 2637 ad
514 2606 613 2638 solem
652 2607 795 2638 iustitiae
833 2606 999 2639 Christum
1037 2607 1248 2639 contendunt.

280 2648 561 2688 Quemadmodum
579 2649 754 2681 laudantur
770 2651 854 2691 apud
871 2650 995 2682 Lucam
1012 2649 1097 2691 (Act.
1116 2650 1166 2689 17,
1187 2648 1249 2690 11),

1082 194 1224 226 Ells'r.
1248 194 1386 228 PETRI
1411 194 1444 226 11

2198 196 2261 227 456

1292 292 1348 333 qui
1365 291 1482 323 auditis
1500 290 1591 322 Pauli
1608 289 1823 328 concionibus,
1847 290 2017 331 inquirunt
2032 302 2072 323 ex
2088 293 2260 332 scriptura,

1292 346 1332 366 an
1356 336 1402 366 ita
1424 335 1474 366 sit.
1522 333 1645 364 Verum
1670 333 1703 364 in
1734 333 1794 365 hoo
1816 343 1913 365 sensu
1937 335 2077 375 primum
2101 335 2185 367 inest
2207 336 2261 367 ab

1292 377 1441 415 surditas,
1473 376 1556 417 quod
1582 375 1683 407 videri
1707 376 1808 416 possit
1830 387 1924 408 usum
1955 377 2197 417 prophetiarum
2221 378 2260 410 ad

1292 420 1446 461 exiguum
1477 426 1605 459 tempus
1634 419 1838 460 restringere,
1866 429 1903 451 ac
1926 420 1952 451 si
1976 425 2143 460 perspecta
2165 431 2261 452 evan-

1292 464 1367 504 gelii
1391 463 1461 494 luce
1484 462 1548 493 iam
1572 472 1793 501 supervacuae
1816 462 1930 494 forent.
1966 462 2001 494 Si
2021 463 2093 502 quis
2112 463 2261 504 excipiat,

1294 517 1358 537 non
1389 504 1479 545 sequi
1510 504 1569 536 hoc
1599 505 1797 542 necessario,
1827 504 1910 544 quod
1941 505 2100 545 particula
2131 505 2262 538 donec

1294 560 1356 580 non
1380 558 1507 587 semper
1531 547 1630 578 finem
1655 547 1798 578 denotet:
1823 547 1901 586 dico,
1924 548 1957 578 in
1981 548 2263 588 praeceptionibus

1293 602 1356 623 non
1387 591 1480 622 aliter
1510 600 1601 629 posse
1631 590 1741 630 accipi.
1787 589 1937 629 Ambula,
1967 591 2067 622 donec
2093 592 2177 622 viam
2207 591 2262 623 ab

1293 634 1439 666 solveris.
1485 632 1610 673 Pugna,
1642 632 1743 664 donec
1773 633 1897 665 viceris.
1949 633 1988 664 In
2020 633 2071 665 his
2100 639 2185 665 certe
2216 634 2262 666 lo-

1293 676 1502 717 quutionibus
1541 675 1687 707 videmus
1725 676 1855 716 aliquod
1896 677 2068 717 praescribi
2110 677 2263 717 temporis

1293 721 1444 760 spatium.
1478 719 1585 758 Atque
1609 723 1644 749 ut
1663 719 1833 750 concedam
1859 730 1921 750 non
1946 729 2076 759 prorsus
2093 719 2152 751 hoc
2168 718 2262 751 modo

1294 762 1382 794 reiici
1407 761 1626 801 propheticam
1644 761 1828 793 lectionem:
1853 772 1948 793 nemo
1969 768 2077 793 tamen
2094 773 2157 794 non
2176 761 2264 794 videt

1293 816 1389 846 quam
1414 803 1533 844 frigida
1556 803 1597 836 sit
1621 804 1682 835 ista
1704 805 1949 842 commendatio,
1978 805 2073 836 utiles
2097 815 2167 836 esse
2191 815 2263 845 pro-

1294 848 1418 889 phetas,
1447 847 1548 878 donec
1578 848 1756 887 patefactus
1786 848 1828 878 sit
1851 847 1942 879 nobis
1966 847 2133 880 Christus:
2163 857 2264 888 quum

1295 901 1405 922 eorum
1440 889 1587 921 doctrina
1616 889 1656 920 ad
1690 890 1788 920 finem
1818 900 1919 930 usque
1943 892 2028 922 vitae
2058 891 2191 931 perinde
2222 891 2264 922 sit

1296 933 1486 965 necessaria.
1521 932 1648 963 Deinde
1672 932 1828 963 memoria
1847 933 2024 964 tenendum
2041 941 2090 965 est
2105 944 2263 974 quosnam

1296 977 1477 1016 alloquatur
1501 975 1628 1006 Petrus.
1673 974 1786 1016 Neque
1817 976 1902 1006 enim
1933 975 2028 1007 rudes
2058 986 2095 1008 ac
2127 976 2265 1008 novitios

1296 1019 1446 1056 instituit,
1479 1018 1533 1058 qui
1559 1018 1591 1048 in
1615 1017 1729 1058 primis
1752 1018 1921 1050 elementis
1945 1018 2050 1050 adhuc
2073 1019 2265 1050 subsistant:

1296 1062 1351 1094 sed
1387 1072 1463 1102 quos
1498 1061 1586 1101 prius
1621 1065 1757 1092 testatus
1791 1066 1840 1093 est
1869 1061 2014 1092 eiusdem
2043 1062 2138 1102 pretii
2167 1061 2266 1093 fidem

1297 1105 1428 1145 adeptos
1459 1114 1537 1141 esse,
1566 1108 1598 1134 et
1627 1104 1660 1134 in
1690 1104 1852 1144 praesenti
1882 1104 2020 1135 veritate
2050 1105 2266 1136 confirmatos.

1296 1148 1395 1187 Atqui
1429 1157 1537 1178 crassa
1568 1147 1646 1178 haec
1677 1146 1879 1187 ignorantiae
1908 1147 2011 1187 caligo
2039 1147 2073 1178 in
2097 1147 2178 1179 tales
2202 1157 2267 1179 non

1297 1192 1500 1230 competeret.
1556 1189 1631 1221 Scio
1669 1189 1744 1230 quid
1783 1189 1931 1221 nonnulli
1969 1189 2162 1228 obtendant,
2201 1200 2267 1221 nou

1297 1233 1393 1265 fuisse
1423 1243 1517 1273 pares
1547 1233 1691 1264 omnium
1722 1242 1928 1273 progressus:
1962 1232 2015 1264 hic
2046 1242 2123 1273 ergo
2146 1233 2267 1273 specia-

1297 1277 1371 1307 liter
1401 1280 1536 1316 tyrones
1565 1276 1690 1306 moneri
1721 1275 1774 1315 qui
1804 1274 1910 1307 adhuc
1933 1274 2102 1307 Christum
2132 1286 2267 1316 quaere-

1298 1319 1386 1351 bant.
1419 1319 1520 1358 Atqui
1544 1328 1642 1358 quum
1659 1329 1700 1349 ex
1716 1322 1871 1350 contextu
1895 1318 2000 1359 palam
2022 1319 2064 1349 sit
2080 1318 2119 1349 ad
2136 1318 2266 1350 eosdem

1298 1362 1396 1394 verba
1418 1362 1499 1401 fieri,
1524 1370 1654 1393 necesse
1671 1365 1720 1392 est
1744 1368 1778 1392 ut
1801 1361 1853 1393 hic
1869 1361 1959 1393 loeus
1976 1361 2122 1393 fidelibus
2138 1363 2268 1402 aptetur

1297 1406 1352 1446 qui
1376 1405 1439 1436 iam
1462 1404 1595 1435 Christo
1618 1414 1734 1436 nomen
1759 1404 1927 1444 dederunt,
1959 1408 1991 1435 et
2014 1405 2068 1444 qui
2092 1404 2167 1436 facti
2191 1408 2267 1435 sunt

1300 1459 1392 1480 verae
1416 1447 1496 1479 lucis
1520 1447 1704 1488 participes.
1747 1447 1819 1487 Ego
1841 1447 1950 1487 itaque
1979 1447 2061 1478 hanc
2084 1446 2267 1487 caliginem,

1298 1492 1389 1523 cuius
1414 1491 1532 1522 Petrus
1561 1490 1719 1529 meminit,
1750 1490 1790 1521 ad
1815 1495 1915 1521 totum
1940 1490 2024 1522 vitae
2046 1490 2188 1521 stadium
2212 1499 2267 1520 ex-

1300 1534 1403 1571 tendo,
1427 1544 1463 1565 ac
1487 1532 1589 1564 diem
1613 1538 1690 1565 tune
1705 1533 1835 1564 demum
1852 1533 1943 1564 nobis
1966 1533 2147 1564 illucere
2169 1532 2268 1564 inter-

1297 1582 1416 1617 pretor,
1439 1587 1538 1616 quum
1563 1576 1643 1608 facie
1667 1575 1706 1607 ad
1731 1576 1843 1607 faciem
1866 1575 2048 1608 videbimus
2072 1575 2158 1616 quod
2181 1585 2268 1608 nunc

1298 1620 1459 1652 cernimus
1489 1629 1547 1660 per
1575 1619 1741 1659 speculum
1765 1625 1796 1650 et
1819 1620 1852 1650 in
1876 1619 2068 1659 aenigmate.
2113 1618 2269 1659 Refulget

1298 1663 1426 1703 quidem
1455 1662 1488 1693 in
1516 1662 1684 1703 evangelio
1707 1662 1755 1693 sol
1777 1662 1921 1693 iustitiae
1945 1662 2114 1693 Christus:
2144 1660 2201 1693 sed
2222 1662 2269 1693 ita

1299 1711 1334 1737 ut
1357 1710 1482 1737 mentes
1505 1710 1631 1737 nostras
1655 1715 1783 1745 semper
1806 1716 1845 1736 ex
1869 1710 1960 1745 parte
1979 1709 2135 1744 occupent
2153 1703 2269 1735 mortis

1298 1749 1459 1789 tenebrae,
1482 1748 1584 1780 donec
1607 1759 1624 1779 e
1647 1750 1754 1780 carnis
1772 1748 1937 1789 ergastulo
1956 1747 2072 1786 educti,
2093 1747 2128 1778 in
2143 1747 2269 1779 coelum

1299 1792 1542 1823 transferamur.
1600 1791 1659 1822 Ille
1697 1801 1773 1832 ergo
1811 1791 1874 1822 erit
1910 1790 1973 1822 diei
2007 1790 2129 1831 fulgor,
2167 1799 2267 1830 quum

1298 1835 1403 1866 nullae
1427 1835 1629 1874 ignorantiae
1654 1834 1754 1865 nubes
1778 1840 1833 1865 aut
1854 1834 1992 1865 nebulae
2008 1833 2166 1873 liquidum
2191 1831 2269 1864 solis

1297 1882 1505 1917 conspectum
1524 1877 1712 1917 impedient.
1745 1877 1789 1908 Et
1805 1882 1890 1909 certe
1907 1876 2098 1907 tantundem
2116 1876 2270 1907 absumus

1298 1931 1315 1951 a
1346 1921 1441 1961 pleno
1472 1921 1538 1961 die,
1572 1924 1732 1960 quantum
1765 1930 1784 1951 a
1817 1920 2012 1960 perfectione
2046 1918 2127 1950 fides
2157 1922 2269 1950 nostra

1298 1963 1396 1995 abest.
1441 1963 1552 2002 Quare
1585 1972 1651 1994 non
1681 1963 1799 1994 mirum
1831 1963 1857 1994 si
1889 1962 2065 2002 praesentis
2089 1962 2174 1993 vitae
2197 1971 2269 1992 con-

1299 2007 1376 2037 ditio
1406 2007 1510 2047 caligo
1541 2010 1690 2038 vocetur:
1721 2005 1979 2046 quandoquidem
2011 2005 2051 2036 ab
2081 2015 2119 2036 ea
2153 2003 2269 2035 notitia

1298 2049 1468 2088 distamus,
1506 2049 1546 2080 ad
1584 2058 1680 2088 quam
1714 2059 1774 2080 nos
1807 2048 2012 2088 evangelium
2045 2048 2173 2079 invitat.
2227 2046 2268 2077 In

1298 2103 1434 2133 summa,
1457 2092 1611 2123 admonet
1633 2091 1761 2131 Petrus,
1790 2091 1943 2131 quamdiu
1966 2090 2212 2131 peregrinamur
2233 2089 2268 2120 in

1299 2135 1431 2174 mundo,
1462 2145 1556 2175 egere
1587 2145 1645 2166 nos
1672 2134 1903 2175 prophetarum
1927 2133 2083 2172 doctrina,
2113 2138 2267 2172 tanquam

1298 2178 1430 2210 lucerna
1464 2178 1647 2210 directrice:
1681 2188 1744 2218 qua
1777 2178 1953 2217 exstincta,
1987 2176 2069 2208 nihil
2102 2185 2198 2215 quam
2232 2174 2268 2204 in

1300 2221 1441 2253 tenebris
1469 2231 1578 2252 errare
1609 2230 1788 2261 possumus.
1833 2219 1947 2260 Neque
1973 2220 2059 2251 enim
2083 2217 2268 2258 prophetias

1299 2264 1338 2295 ab
1361 2264 1529 2304 evangelio
1551 2263 1716 2304 disiungit,
1739 2273 1837 2303 quum
1860 2262 1933 2294 illas
1957 2262 2048 2293 nobis
2071 2261 2179 2292 lucere
2202 2266 2267 2291 tra-

1301 2307 1354 2345 dit,
1378 2312 1413 2338 ut
1430 2308 1516 2338 viam
1540 2310 1732 2338 monstrent.
1766 2306 1907 2337 Tantum
1932 2305 2044 2336 docere
2061 2303 2140 2341 vult,
2164 2309 2267 2334 totum

1301 2350 1387 2381 vitae
1417 2354 1546 2380 nostrae
1577 2359 1707 2381 cursum
1738 2347 1853 2379 debere
1876 2348 1945 2387 regi
1968 2347 2031 2378 Dei
2054 2346 2164 2385 verbo,
2193 2345 2268 2386 quia

1300 2392 1418 2433 alioqui
1441 2403 1499 2424 nos
1522 2392 1662 2432 undique
1681 2390 1827 2423 obvoluti
1844 2390 1945 2421 simus
1963 2389 2165 2430 ignorantiae
2182 2394 2268 2420 tene-

1301 2435 1375 2473 bris,
1400 2440 1432 2467 et
1449 2434 1609 2466 Dominus
1632 2444 1696 2465 non
1720 2434 1813 2464 aliter
1829 2433 1922 2464 nobis
1938 2432 2053 2470 luceat,
2077 2442 2174 2472 quam
2190 2431 2268 2462 dum

1301 2479 1333 2509 in
1367 2479 1435 2509 eius
1471 2478 1606 2510 verbum
1643 2477 1808 2508 intuemur
1842 2475 1934 2515 quasi
1969 2475 2144 2507 lucernam.
2199 2473 2267 2505 Nec

1302 2531 1378 2553 vero
1400 2521 1551 2552 lucernae
1581 2519 1792 2551 similitudine
1816 2519 1926 2557 utitur,
1958 2523 1992 2549 ut
2014 2523 2145 2549 tenuem
2167 2522 2200 2548 et
2221 2526 2269 2548 re-

1302 2564 1445 2595 strictam
1468 2564 1574 2595 lucem
1597 2562 1774 2603 significet:
1798 2561 1853 2593 sed
1877 2566 1914 2592 ut
1937 2561 2017 2592 haec
2040 2560 2103 2591 duo
2124 2559 2269 2591 membra

1303 2606 1387 2638 inter
1410 2617 1444 2638 se
1467 2605 1693 2647 respondeant,
1718 2614 1776 2635 nos
1799 2604 1930 2644 propria
1953 2604 2023 2636 luce
2042 2603 2185 2641 destitui,
2208 2611 2267 2633 nec

1304 2649 1387 2681 viam
1423 2654 1531 2682 tenere
1565 2648 1665 2689 magis
1700 2658 1803 2688 posse,
1837 2657 1932 2687 quam
1961 2647 2016 2687 qui
2046 2646 2145 2678 densa
2174 2648 2268 2676 nocte
