2513 3126
129 213 189 244 461

131 311 300 351 exagitent
336 310 398 351 ipsi
430 309 584 342 conviciis
619 307 831 340 christianam
864 307 1103 348 professionem,

132 353 212 385 alios
236 358 345 384 tamen
371 352 411 383 ad
433 350 678 384 conviciandum
702 352 840 381 armant.

217 395 246 427 3.
282 394 384 427 Fictis
416 394 617 426 sermonibus.
673 392 781 424 Medis
814 392 962 424 omnibus
996 391 1104 424 studet

132 438 250 470 Petrus
273 438 417 470 infensos
440 437 573 469 reddere
593 434 704 466 fideles
724 435 833 475 pravis
850 435 1042 471 doctoribus,
1068 439 1103 466 ut

131 491 185 514 eos
223 481 327 512 acrius
365 490 383 512 a
420 491 454 512 se
491 489 527 511 ac
563 478 765 510 constantius
804 477 972 518 repellant.
1031 477 1103 509 Hoc

131 523 274 556 maxime
304 522 449 555 odiosum
479 524 527 553 est
556 531 615 552 1108
646 522 801 560 tanquam
832 520 909 552 vilia
939 520 1101 560 mancipia

132 576 252 599 venum
282 565 410 606 exponi.
455 563 526 596 Hoc
556 568 663 595 autem
694 563 765 594 fieri
796 568 940 600 testatur,
974 563 1001 594 si
1032 563 1102 603 quis

131 619 191 641 nos
214 619 233 641 a
249 608 374 641 Christi
396 606 587 638 liberatione
608 605 768 638 subducit.
807 605 918 638 Fictos
936 615 1101 637 sermones

132 655 236 690 vocat,
270 655 338 683 arte
369 649 562 690 compositos
596 648 636 680 ad
671 647 860 680 fallendum.
918 648 1006 689 Ergo
1040 648 1103 680 nisi

132 694 204 736 quis
227 694 273 726 ita
294 693 435 724 insaniat
457 696 493 723 ut
515 696 631 732 sponte
654 701 672 723 a
695 691 784 723 falsis
801 691 984 723 doctoribus
1000 692 1103 732 pretio

132 736 236 769 addici
259 735 335 769 velit
364 735 492 766 animae
521 745 599 766 suae
627 733 774 773 salutem,
803 734 965 774 perversis
988 743 1101 766 eorum

131 778 294 822 figmentis
325 778 446 809 aditum
475 787 604 809 omnem
635 776 831 817 praecludat.
884 777 1008 808 Eodem
1039 786 1102 817 quo

133 822 225 864 prius
261 820 396 853 consilio
433 820 550 851 iterum
586 820 703 860 repetit
737 830 799 851 non
834 829 958 851 cessare
991 829 1101 851 eorum

132 864 285 901 exitium,
328 868 364 894 ut
398 863 499 895 bonos
533 872 551 893 a
583 863 734 894 societate
767 872 878 894 eorum
913 861 1101 894 absterreat.

132 905 271 948 Quando
300 905 385 937 enim
417 905 598 946 propinquo
629 905 728 937 exitio
759 905 866 937 devoti
897 908 983 943 sunt,
1017 905 1102 945 quis-

131 950 202 991 quis
231 959 265 980 se
295 948 359 980 illis
389 948 582 987 commiscet,
614 947 694 979 nihil
725 950 828 988 potest
860 957 955 988 quam
985 948 1102 979 misere

129 1001 244 1034 perire.

215 1077 245 1109 4.
277 1076 314 1108 Si
344 1077 426 1108 enim
449 1076 580 1117 anqelis,
609 1076 665 1115 qui
690 1078 899 1116 peccaverant,
927 1075 1017 1108 Deus
1043 1085 1103 1107 non

128 1119 276 1162 pepercit,
292 1119 346 1151 sed
360 1119 475 1151 catenis
490 1118 636 1159 caziyini‘s
650 1118 684 1149 in
699 1119 869 1151 Tartarum
879 1119 1105 1159 praecipitatos

132 1162 264 1195 tradidit
293 1163 461 1194 servandos
489 1162 524 1193 in
553 1161 722 1193 iudicium:
752 1161 783 1193 5.
812 1164 839 1193 et
859 1162 968 1201 prisco
989 1161 1104 1193 mundo

131 1215 191 1238 non
221 1205 365 1246 pepercit,
399 1204 453 1237 sed
485 1207 623 1236 octavum
656 1204 797 1235 iustitiae
821 1214 1006 1244 praeconem
1038 1204 1104 1236 Noe

130 1248 272 1289 servavit,
296 1248 415 1279 diluvio
436 1247 471 1279 in
492 1247 643 1279 mundum
665 1247 835 1287 impiorum
857 1247 996 1279 inducto:
1025 1247 1055 1279 6.
1078 1249 1105 1278 et

132 1291 268 1324 civitates
283 1289 485 1322 Sodomorum
504 1292 532 1321 et
550 1289 741 1321 Gomorrbae
763 1290 797 1321 in
814 1290 945 1322 cinerem
962 1290 1104 1322 redactas

133 1333 327 1366 subversione
356 1333 535 1372 damnavit,
568 1342 678 1372 easque
710 1333 820 1364 statuit
852 1333 1029 1372 exemplum
1061 1333 1104 1364 iis

131 1376 186 1417 qui
211 1375 307 1415 impie
330 1376 432 1408 acturi
457 1375 573 1416 forent:
603 1375 632 1407 7.
662 1377 689 1406 et
716 1375 833 1407 iustum
856 1375 944 1414 Loth,
974 1376 1030 1415 qui
1052 1385 1104 1415 op-

124 1418 320 1460 primebatur
342 1429 363 1451 a
384 1418 518 1458 nefariis
533 1428 601 1458 per,
616 1417 817 1450 libidinosam
838 1419 1104 1457 conversationem,

131 1462 255 1502 eripuit.
301 1462 331 1493 8.
362 1461 448 1493 Nam
474 1461 571 1493 oculis
593 1463 620 1493 et
641 1460 774 1493 auribus
795 1461 898 1493 iustus
919 1461 980 1500 ille,
1009 1471 1105 1501 quum

132 1504 283 1537 habitaret
305 1505 386 1536 inter
407 1504 501 1544 ipsos,
527 1504 662 1544 quotidie
684 1504 823 1536 animam
845 1505 962 1537 iustam
983 1504 1105 1544 initluis

130 1547 256 1579 illorum
277 1546 419 1587 operibus
440 1546 643 1579 excruciabat.

217 1633 247 1664 4.
279 1632 316 1664 Si
346 1632 435 1670 enim,
466 1634 517 1664 etc.
563 1631 716 1663 Diximus
747 1636 947 1673 quantopere
976 1632 1106 1664 intersit

132 1675 193 1707 hoe
215 1676 376 1716 cognosci,
401 1686 465 1707 non
483 1685 575 1714 posse
592 1675 717 1714 impios,
740 1676 792 1715 qui
810 1675 977 1707 ecclesiam
996 1676 1105 1715 pravis

132 1718 337 1759 dogmatibus
378 1723 605 1758 corruperunt,
645 1717 706 1749 Dei
741 1718 914 1750 vindictam
950 1718 1106 1758 effugere.

132 1760 204 1792 Hoc
231 1761 343 1801 itaque
375 1761 476 1792 tribus
501 1761 643 1792 maxime
664 1760 846 1801 insignibus
869 1760 971 1792 divini
994 1760 1104 1793 iudicii

133 1803 289 1843 exemplis
312 1804 435 1844 probat,
459 1803 552 1843 Quod
569 1814 610 1835 110
626 1803 749 1844 angelis
766 1804 896 1843 quidem
913 1804 980 1835 suis
996 1814 1107 1844 peper-

134 1845 232 1878 cerit:
261 1846 346 1887 quod
378 1849 482 1877 totum
513 1846 670 1877 mundum
694 1846 794 1877 semel
818 1846 1035 1887 absumpserit
1058 1846 1104 1877 di·

134 1888 239 1920 luviot
274 1889 359 1929 quod
391 1889 568 1921 Sodomam
600 1891 633 1920 et
664 1889 743 1921 alias
774 1889 898 1921 vicinas
928 1889 1024 1920 urbes
1055 1899 1104 1920 re-

135 1931 259 1972 degerit
274 1931 309 1963 in
324 1932 474 1964 cinerem.
501 1931 609 1964 Sumit
624 1937 732 1963 autem
749 1942 807 1972 pro
823 1932 969 1964 confesso
986 1931 1106 1963 Petrus

133 1974 217 2014 quod
241 1975 327 2006 inter
349 1984 410 2006 nos
433 1975 604 2006 indubium
628 1984 698 2006 esse
721 1975 824 2013 debet,
856 1974 961 2006 Deum
985 1974 1106 2006 scilicet

134 2027 204 2049 esse
226 2017 324 2049 totius
346 2018 460 2049 mundi
483 2017 633 2049 iudicem.
669 2017 766 2049 Unde
789 2017 946 2058 sequitur,
970 2028 1048 2058 quas
1064 2017 1103 2049 de

134 2059 242 2100 impiis
265 2064 297 2092 et
320 2060 484 2092 sceleratis
507 2070 627 2101 poenas
649 2060 727 2092 olim
751 2060 898 2100 sumpsit,
923 2071 1010 2092 nunc
1031 2070 1106 2101 quo-

136 2112 198 2143 que
236 2102 275 2134 de
312 2102 471 2135 similibus
504 2107 723 2143 sumpturum.
779 2103 892 2143 Neque
925 2103 1011 2135 enim
1045 2103 1105 2135 sibi

134 2144 298 2177 dissimilis
322 2155 392 2177 esse
415 2149 530 2186 potest,
554 2155 613 2178 nec
636 2156 789 2186 personas
812 2146 938 2186 accipit,
962 2150 997 2177 ut
1020 2145 1104 2177 idem

134 2187 238 2220 scelus
267 2188 361 2220 alteri
391 2188 536 2228 ignoscat
566 2189 652 2229 quod
676 2188 853 2221 vindicavit
879 2190 913 2220 in
937 2197 1019 2220 uno:
1049 2188 1105 2220 sed

136 2240 296 2271 peraeque
319 2231 511 2263 iniustitiam
535 2231 612 2271 odit,
635 2231 819 2273 ubicunque
841 2232 976 2264 inventa
998 2232 1105 2263 tuerit.

135 2272 273 2314 Semper
307 2274 393 2305 enim
428 2273 600 2305 tenendum
631 2280 680 2306 est
709 2274 791 2306 illud
820 2274 907 2306 iuter
936 2273 1043 2306 Deum
1074 2278 1106 2306 et

136 2315 285 2348 homines
312 2316 496 2354 discrimen,
525 2315 608 2357 quod
630 2316 776 2349 homines
800 2317 928 2358 quidem
952 2317 1105 2358 inaequa-

136 2358 210 2390 liter
243 2359 406 2392 iudicant:
440 2358 531 2391 Deus
564 2363 674 2390 autem
708 2366 900 2401 perpetuum
934 2360 1105 2392 iudicando

136 2406 281 2434 tenorem
301 2406 419 2434 servat.
456 2401 540 2433 Nam
560 2401 644 2441 quod
663 2401 773 2435 electis
789 2406 919 2444 peccata
935 2403 1106 2442 condonat,

135 2443 168 2475 id
200 2444 237 2475 fit
271 2444 357 2485 quod
388 2455 424 2476 ea
453 2455 511 2485 per
541 2444 771 2484 poenitentiam
801 2450 834 2477 et
863 2446 959 2477 fidem
990 2445 1105 2477 abolet.

135 2485 249 2527 Itaque
278 2498 342 2519 non
372 2487 466 2519 aliter
496 2486 682 2519 reconciliat
711 2498 768 2520 nos
798 2488 868 2527 sibi,
899 2498 995 2529 quam
1027 2488 1105 2520 dum

135 2539 194 2561 nos
222 2530 383 2562 iustificat.
428 2530 542 2562 Donec
572 2529 658 2562 enim
688 2529 851 2562 sublatum
874 2531 972 2563 fuerit
995 2541 1105 2571 pecca-

137 2576 214 2610 tum,
246 2577 354 2604 manet
381 2583 508 2614 semper
530 2573 616 2604 inter
639 2582 697 2604 1108
720 2577 753 2604 01
775 2573 867 2604 illum
891 2573 1014 2605 dissidii
1037 2584 1104 2605 ma-

136 2614 226 2646 teria.
278 2614 373 2654 Quod
404 2615 443 2647 ad
477 2614 674 2657 angelos
704 2619 839 2656 spectat,
875 2621 1104 2656 argumentum

135 2659 185 2689 est
208 2667 226 2689 a
249 2658 363 2689 maiori
386 2658 425 2690 ad
448 2659 566 2691 minus.
604 2657 686 2690 Nam
709 2668 808 2699 quum
825 2658 920 2699 longe
936 2665 1104 2699 praestan-

1017 209 1167 242 CAPUT
1197 209 1237 241 ll.

2059 210 2121 241 462

1156 307 1253 338 tiores
1281 309 1398 343 essent,
1426 316 1488 337 non
1520 310 1627 337 tamen
1657 306 1727 338 illos
1757 317 1816 338 sua
1838 306 1980 347 dignitas
2004 306 2122 346 eripuit

1156 360 1173 380 e
1202 359 1301 380 manu
1324 347 1402 379 Dei:
1434 347 1537 379 multo
1567 348 1674 379 minus
1704 359 1779 389 ergo
1811 349 1951 380 evadent
1977 348 2123 380 homines

1156 392 1310 423 mortales
1339 391 1521 431 quicunque
1548 401 1659 422 eorum
1683 391 1879 431 impietatem
1903 391 2031 431 sequuti
2055 392 2122 422 fue-

1156 434 1231 465 rint.
1277 434 1448 466 Caeterum
1475 433 1550 473 quia
1581 433 1619 464 de
1647 433 1737 473 lapsu
1768 434 1959 475 angelorum
1983 433 2124 465 breviter

1155 476 1208 509 hic
1229 477 1377 508 meminit
1399 476 1532 508 Petrus:
1563 480 1691 516 tempus
1715 486 1790 507 vero
1811 482 1843 507 et
1866 476 2008 515 modum,
2030 476 2122 508 alias-

1156 529 1217 559 que
1251 518 1509 551 circumstantias
1543 529 1607 550 non
1641 522 1822 550 enumerat:
1857 520 1961 550 sobrie
1995 519 2028 550 in
2064 519 2124 550 hac

1156 566 1248 602 parte
1277 561 1495 603 philosophari
1519 562 1681 593 convenit.
1727 560 1813 593 Sunt
1836 562 1952 593 curiosi
1976 562 2123 602 plerique

1156 604 1303 636 homines
1333 605 1389 645 qui
1413 603 1538 636 nullum
1562 604 1602 635 de
1626 604 1676 635 his
1699 604 1794 636 rebus
1818 604 2001 635 sciscitandi
2024 605 2124 635 finem

1155 647 1293 679 faciunt:
1325 647 1413 688 atqui
1440 657 1538 688 quum
1561 646 1653 678 Deus
1676 657 1771 687 parce
1795 647 1955 678 duntaxat
1978 652 2009 678 et
2032 646 2125 687 quasi

1154 690 1258 721 obiter
1288 700 1343 722 eas
1373 690 1519 731 attigerit
1549 689 1583 720 in
1613 690 1782 729 scriptura,
1813 689 1873 721 hoc
1895 689 1965 729 ipso
1987 700 2044 720 nos
2067 689 2123 720 ad—

1155 732 1282 764 monuit
1312 737 1348 764 ut
1379 733 1505 765 modica
1534 732 1597 763 ista
1620 732 1734 763 notitia
1757 732 1858 764 simus
1881 733 2033 763 contenti.
2079 732 2122 762 Et

1155 785 1232 807 sane
1261 776 1314 816 qui
1346 775 1451 815 magis
1480 775 1575 806 anxie
1604 775 1782 814 inquirunt,
1812 784 1876 806 non
1908 774 2121 806 aedificationi

1155 817 1302 856 student,
1337 817 1393 849 sed
1425 819 1518 849 vanis
1551 817 1824 858 speculationibus
1854 817 1978 848 animos
2009 816 2124 848 volunt

1156 870 1296 901 pascere.
1351 859 1447 900 Quod
1479 860 1571 892 nobis
1605 860 1684 891 utile
1718 866 1803 898 erat,
1841 860 1930 892 Deus
1964 859 2124 900 patefecit,

1156 902 1299 935 diabolos
1322 903 1415 934 initio
1437 907 1562 935 creatos
1585 913 1654 934 esse
1677 908 1712 934 01
1736 902 1806 933 Βο0
1831 907 1998 943 parerent:
2028 902 2126 933 fuisse

1156 956 1233 979 vero
1265 946 1396 986 propria
1425 946 1521 986 culpa
1550 949 1724 986 apostatas,
1753 946 1828 985 quia
1861 945 1922 977 Dei
1953 945 2126 985 imperium

1156 998 1222 1020 non
1239 988 1391 1020 tulerint:
1414 988 1522 1029 itaque
1543 989 1746 1029 pravitatem,
1769 998 1849 1028 quae
1871 988 1905 1019 in
1924 988 1988 1019 illis
2005 987 2127 1026 haeret,

1156 1031 1388 1064 accidentalem
1418 1041 1505 1069 esse,
1540 1041 1607 1062 11011
1637 1041 1655 1062 a
1685 1036 1803 1062 natura.
1831 1035 1867 1062 ut
1898 1030 1968 1062 Deo
1995 1030 2127 1062 attribui

1156 1078 1261 1115 queat.
1307 1074 1378 1106 Hoc
1407 1074 1486 1106 satis
1516 1078 1626 1114 aperte
1655 1074 1844 1114 pronuntiat
1870 1073 1997 1112 Petrus,
2027 1083 2127 1113 quum

1157 1117 1290 1158 angelos
1321 1117 1375 1158 qui
1398 1116 1598 1155 exciderunt,
1629 1116 1705 1148 facit
1728 1116 1912 1148 hominibus
1934 1116 2126 1157 superiores.

1156 1160 1311 1201 Apertius
1334 1160 1431 1191 etiam
1454 1159 1563 1196 Iudas.
1587 1170 1686 1200 quum
1706 1159 1817 1191 scribit
1836 1170 1887 1191 eos
1905 1169 1966 1190 non
1984 1158 2126 1190 tenuisse

1156 1212 1249 1235 suam
1288 1203 1463 1243 originem,
1501 1202 1552 1234 vel
1586 1213 1683 1234 suum
1717 1202 1942 1243 principatum.
1998 1200 2126 1241 Quibus

1156 1246 1236 1277 haec
1270 1245 1456 1277 testimonia
1490 1254 1557 1276 non
1589 1245 1805 1282 satisfaciunt,
1839 1246 1861 1276 ii
1895 1245 1955 1276 sibi
1985 1244 2127 1275 habeant

1156 1288 1357 1320 sorbonicam
1380 1288 1587 1329 theologiam,
1610 1298 1692 1328 quae
1715 1288 1761 1320 sic
1784 1288 1823 1319 ad
1848 1288 2030 1319 satietatem
2054 1286 2125 1318 illos

1158 1331 1196 1363 de
1220 1331 1345 1372 angelis
1368 1330 1503 1369 docebit,
1533 1335 1567 1362 ut
1589 1330 1686 1362 simul
1709 1341 1781 1363 cum
1805 1330 1940 1362 diabolis
1962 1340 2063 1370 usque
2086 1328 2127 1360 ad

1157 1374 1278 1405 inferos
1300 1374 1499 1414 praecipitet.

1244 1416 1370 1449 Catenis
1384 1416 1538 1457 caliyinis.
1567 1415 1640 1447 Hac
1650 1416 1841 1456 metaphora
1853 1416 2023 1457 significat,
2041 1420 2126 1447 tene-

1158 1460 1224 1492 bris
1260 1460 1452 1492 constrictos
1488 1460 1592 1491 teneri
1628 1469 1728 1499 usque
1765 1459 1804 1490 ad
1843 1458 1929 1490 diem
1962 1458 2126 1490 ultimum.

1158 1502 1298 1543 Sumpta
1329 1507 1377 1534 est
1401 1507 1506 1533 autem
1531 1502 1610 1534 haec
1633 1501 1809 1533 similitudo
1832 1512 1851 1533 a
1874 1501 2038 1542 maleficis,
2070 1501 2126 1542 qui

1157 1550 1330 1586 postquam
1351 1545 1494 1576 damnati
1510 1548 1596 1585 sunt,
1620 1545 1758 1576 carceris
1773 1545 1941 1576 atrocitate
1958 1543 2126 1575 dimidium

1158 1598 1281 1629 poenae
1318 1588 1494 1628 sustinent,
1532 1587 1635 1619 donec
1671 1587 1711 1619 ad
1749 1587 1898 1618 ultimum
1936 1586 2126 1627 supplicium

1158 1630 1339 1662 trahantur.
1393 1630 1481 1662 Hinc
1512 1630 1663 1671 colligere
1693 1630 1778 1671 licet,
1809 1640 1871 1661 non
1903 1629 1998 1661 modo
2029 1639 2126 1670 quam

1158 1684 1293 1715 poenam
1316 1673 1497 1706 sustineant
1520 1673 1648 1713 reprobi
1672 1678 1744 1714 post
1766 1677 1912 1711 mortem,
1944 1672 2000 1704 sed
2023 1672 2126 1712 qualis

1157 1717 1255 1749 etiam
1278 1717 1319 1748 sit
1343 1716 1482 1748 filiorum
1506 1715 1570 1747 Dei
1593 1715 1743 1747 conditio.
1782 1715 1862 1746 Nam
1884 1716 1918 1746 in
1941 1725 1998 1756 spe
2020 1719 2127 1747 certae

1158 1759 1368 1792 beatitudinis
1401 1758 1523 1800 placide
1554 1759 1772 1799 acquiescunt,
1803 1758 1951 1799 quamvis
1982 1767 2018 1789 ea
2048 1768 2127 1789 non·

1159 1802 1235 1834 dum
1266 1801 1433 1833 fruantur:
1463 1801 1557 1834 sicuti
1588 1802 1713 1842 priores
1744 1801 1896 1833 horribile
1919 1812 1959 1833 ex
1982 1799 2125 1832 vindicta

1157 1845 1218 1877 sibi
1241 1850 1354 1885 parata
1377 1848 1577 1876 tormentum
1599 1844 1771 1876 sustinent.

1244 1888 1274 1920 5.
1305 1887 1415 1920 Prisco
1443 1887 1568 1919 mundo.
1612 1887 1711 1918 Ratio
1741 1886 1838 1918 huius
1861 1886 2057 1927 loquutionis
2081 1888 2130 1918 est

1158 1931 1243 1971 quod
1261 1930 1352 1962 Deus
1375 1935 1447 1971 post
1469 1930 1672 1962 submersum
1696 1930 1876 1961 humanum
1899 1939 2011 1970 genus,
2034 1929 2127 1969 quasi

1159 1984 1279 2006 novum
1301 1973 1469 2014 deintegro
1492 1972 1653 2005 mundum
1676 1972 1862 2005 condiderit.
1901 1972 1961 2003 Est
1976 1971 2036 2003 hoc
2051 1981 2128 2012 quo-

1158 2027 1220 2057 que
1254 2021 1482 2057 argumentum
1517 2027 1535 2048 a
1568 2016 1682 2047 maiori
1715 2015 1755 2046 ad
1789 2015 1903 2046 minus.
1955 2014 2126 2054 Quomodo

1158 2060 1243 2091 enim
1267 2059 1396 2091 divinae
1419 2060 1485 2091 irae
1507 2059 1664 2090 diluvium
1688 2057 1861 2090 evaderent
1883 2057 2040 2098 scelerati,
2063 2066 2126 2098 quo

1158 2102 1257 2134 semel
1281 2102 1451 2143 absorptus
1473 2102 1533 2133 fuit
1557 2106 1642 2133 totus
1665 2100 1770 2132 orbis?
1817 2099 1901 2131 Nam
1925 2110 2025 2140 quum
2049 2099 2126 2131 dicit

1159 2150 1231 2177 octo
1266 2145 1366 2177 fuisse
1400 2149 1560 2183 servatos,
1595 2144 1754 2185 significat
1787 2142 2027 2174 multitudinem
2061 2152 2126 2174 non

1159 2188 1227 2220 fore
1255 2188 1358 2219 instar
1386 2187 1491 2228 clypei
1520 2198 1626 2219 coram
1658 2186 1738 2224 Deo,
1768 2189 1805 2216 ut
1831 2185 1932 2217 malos
1961 2189 2125 2226 protegat:

1159 2230 1215 2263 sed
1238 2234 1395 2271 quotquot
1414 2231 1629 2271 peccaverint,
1653 2238 1772 2269 poenas
1788 2228 1928 2266 daturos,
1949 2229 2016 2260 sive
2033 2228 2126 2268 pauci

1157 2273 1223 2305 sint
1246 2284 1391 2314 numero,
1414 2273 1481 2305 sive
1503 2272 1606 2305 multi.
1645 2271 1821 2311 Quaeritur
1836 2276 1944 2303 autem
1960 2281 2017 2303 cur
2032 2272 2126 2303 vocet

1159 2316 1246 2348 Noe
1286 2317 1511 2348 iustitiae
1551 2323 1835 2356 praeconem.
1893 2313 2034 2353 Quidam
2075 2313 2125 2344 10-

1158 2359 1309 2400 telligunt
1331 2369 1526 2399 praeconem
1545 2359 1687 2390 iustitiae
1703 2356 1775 2395 Dei,
1799 2356 1939 2397 qualiter
1954 2356 2125 2396 scriptura,

1159 2402 1220 2434 Dei
1250 2401 1407 2434 iustitiam
1436 2402 1469 2433 in
1501 2412 1537 2433 eo
1563 2399 1766 2433 commendat
1796 2399 1881 2439 quod
1904 2409 1978 2431 8008
2001 2401 2124 2436 11101111,

1157 2447 1190 2476 et
1220 2455 1238 2476 a
1268 2449 1370 2476 morte
1397 2449 1524 2485 ereptos
1548 2443 1685 2475 restituit
1708 2443 1742 2473 in
1765 2442 1877 2474 vitam.
1924 2442 1994 2482 Ego
2016 2445 2125 2472 autem

1157 2487 1264 2528 potius
1292 2497 1485 2527 praeconem
1515 2487 1654 2518 iustitiae
1678 2485 1787 2516 vocari
1816 2485 2021 2524 interpretor,
2050 2483 2126 2524 quia

1157 2530 1319 2571 perditum
1349 2530 1507 2562 mundum
1538 2533 1671 2561 conatus
1702 2528 1743 2559 sit
1772 2527 1812 2558 ad
1844 2536 1957 2558 sanam
1981 2532 2124 2558 mentem

1157 2573 1327 2605 reducere:
1358 2583 1461 2614 neque
1491 2572 1522 2603 id
1551 2571 1698 2602 doctrina
1722 2575 1849 2601 tantum
1872 2575 1905 2601 et
1927 2569 2046 2601 sanctis
2069 2579 2123 2600 ex-

1156 2615 1402 2656 hortationibus,
1432 2615 1488 2648 sed
1519 2623 1618 2655 quum
1649 2623 1705 2654 per
1734 2613 1905 2644 continuos
1936 2615 2068 2644 eentum
2092 2616 2123 2642 et

1158 2659 1273 2700 viginti
1307 2668 1409 2690 annos
1444 2658 1478 2689 in
1512 2655 1710 2690 exstruenda
1748 2665 1822 2688 arca
1855 2655 1951 2686 anxie
1984 2654 2122 2687 sudaret.
