2513 3126
123 194 182 227 149

122 288 185 319 Hic
216 298 305 320 error
335 299 398 320 non
424 289 515 320 aliter
538 289 654 321 melius
678 290 795 330 poterit
819 290 958 326 refutari,
991 299 1086 329 quam
1116 304 1118 314 ι

122 332 148 361 si
180 331 419 363 consideremus
447 332 620 373 quaerendi
650 332 799 364 modum:
830 342 932 372 neque
955 332 1040 363 enim
1064 332 1089 362 si

123 379 215 405 extra
239 374 325 405 viam
350 375 420 415 quis
445 379 589 416 vagetur,
618 374 725 406 Deum
750 385 903 416 quaerere
927 374 1090 416 putandus

122 421 178 448 cst.
223 417 318 449 Hanc
349 428 444 458 porro
474 418 648 459 quaerendi
673 418 733 449 Dei
764 418 922 449 rationem
947 417 1090 456 assignat

122 459 292 501 scriptura,
322 465 358 491 ut
389 459 485 492 homo
515 461 547 491 in
578 471 613 492 se
637 464 825 501 prostratus,
858 459 1090 499 perculsusque

123 508 273 534 aeternae
310 503 421 534 mortis
458 507 565 541 reatu,
604 513 640 534 ac
678 503 716 534 de
753 513 787 534 se
825 502 1015 542 desperans,
1049 501 1088 532 ad

122 545 301 585 Christum,
319 549 470 586 tanquam
489 547 616 577 unicum
633 546 746 577 salutis
763 544 897 586 asylum,
914 543 1088 583 confugiat.

123 587 289 628 Nusquam
323 593 409 620 certe
444 589 503 621 hoc
537 589 747 628 reperiemus,
786 586 986 618 afferendum
1020 596 1089 617 esse

123 630 224 661 ullum
256 631 362 671 operis
393 632 542 662 meritum
567 630 637 661 Deo
660 628 744 669 quod
767 639 828 659 nos
850 628 934 669 apud
959 638 1031 659 eum
1056 629 1089 659 in

123 674 261 713 gratiam
292 679 399 714 ponat.
446 674 533 713 Ergo
558 672 612 712 qui
636 672 720 703 hanc
750 670 969 702 definitionem
994 681 1088 711 quae-

126 716 215 746 rendi
240 716 302 747 Dei
332 716 430 756 probe
453 715 582 751 tenebit,
614 713 783 753 expeditus
807 713 867 744 crit
891 713 978 744 omni
1004 713 1088 744 diffi-

122 758 258 789 cultate:
283 759 357 798 quia
374 756 592 788 remuneratio
608 766 671 787 non
689 755 728 786 ad
744 766 876 796 operum
896 756 1087 796 dignitatem

122 802 172 831 vel
197 800 346 840 pretium,
373 799 428 831 sed
459 799 497 829 ad
526 799 621 829 fidem
647 799 795 830 refertur.
842 798 893 830 Ita
915 798 1090 830 concidunt

122 843 256 883 frigidae
279 841 353 873 illae
376 841 592 882 sophistarum
617 841 758 882 glossae:
782 851 839 882 per
861 841 960 872 fidem
985 842 1088 883 place-

121 895 193 916 mus
216 884 298 924 Deo,
332 884 406 924 quia
430 883 582 915 merendo
606 884 819 916 intentionem
846 884 1000 916 habemus
1024 884 1089 925 pla-

120 927 220 959 cendi.
266 926 379 967 Longe
408 926 504 958 altius
536 937 594 958 nos
620 927 784 967 apostolus
807 927 945 959 evehere
968 928 1087 959 voluit:

120 979 234 1009 nempe
258 973 294 1000 ut
316 974 402 1001 certo
425 979 534 1001 secum
559 974 680 1001 statuat
703 970 909 1009 conscientia,
933 970 965 1001 in
990 980 1088 1010 quae-

119 1011 218 1042 rendo
233 1011 304 1043 Deo
328 1022 391 1043 non
412 1012 537 1044 irritum
556 1023 624 1044 esse
643 1023 784 1045 cursum.
820 1012 912 1052 Quae
928 1013 1087 1045 certitudo

118 1055 212 1095 longe
235 1059 363 1095 captum
389 1060 534 1087 nostrum
558 1060 696 1095 superat,
720 1056 911 1096 praesertim
929 1066 1029 1096 quum
1053 1057 1085 1087 in

117 1108 151 1128 se
182 1097 315 1138 quisque
342 1098 515 1130 descendit.
568 1099 680 1139 Neque
711 1099 796 1130 enim
827 1098 886 1130 1100
915 1099 949 1130 111
982 1099 1087 1130 medio

117 1140 301 1180 ponendum
332 1145 395 1181 est,
427 1141 532 1173 Deum
563 1142 602 1172 iis
632 1152 700 1173 esse
729 1145 1008 1173 remuneratorem
1033 1142 1086 1182 qui

118 1183 220 1222 ipsum
246 1189 421 1223 quaerunt:
456 1184 511 1215 sed
535 1185 691 1224 privatim
715 1184 754 1216 ad
778 1195 811 1216 se
835 1185 969 1225 quisque
993 1195 1086 1216 usum

117 1232 149 1256 et
171 1226 308 1258 fructum
326 1226 393 1258 eius
410 1227 573 1259 doctrinae
589 1228 828 1259 accommodare
845 1227 947 1265 debet,
971 1238 1087 1268 nempe

117 1272 154 1298 ut
187 1269 325 1300 sciamus
359 1280 418 1300 nos
449 1281 466 1301 a
498 1269 569 1302 Deo
602 1271 733 1311 respici:
769 1275 878 1302 tantae
911 1270 957 1301 illi
991 1281 1087 1302 curae

118 1311 252 1342 salutem
284 1322 353 1343 esse
381 1319 540 1353 nostram,
575 1320 610 1344 ut
643 1313 735 1345 nobis
767 1323 931 1354 nunquam
960 1313 1002 1345 sit
1033 1313 1085 1345 de-

118 1354 261 1385 futurus:
287 1365 396 1394 preces
420 1356 459 1387 ab
483 1366 519 1388 eo
543 1362 673 1388 nostras
696 1356 860 1388 exaudiri:
884 1356 977 1387 illum
997 1355 1087 1387 nobis

117 1404 306 1437 perpetuum
348 1398 416 1430 fore
456 1399 673 1431 liberatorem.
734 1399 841 1438 Quum
884 1409 962 1430 vero
1005 1399 1086 1430 nihil

117 1439 230 1470 horum
262 1440 331 1472 sine
359 1440 490 1473 Christo
520 1443 612 1475 nobis
642 1447 778 1482 constet,
813 1452 943 1474 necesse
973 1446 1022 1473 est
1052 1447 1087 1473 ut

117 1492 244 1522 semper
278 1493 311 1515 se
345 1484 377 1515 in
411 1495 485 1516 eum
514 1485 596 1517 fides
626 1490 736 1517 nostra
764 1485 897 1523 referat,
932 1490 963 1516 et
993 1486 1025 1516 in
1050 1496 1086 1517 eo

117 1525 183 1556 solo
218 1525 358 1558 haereat.
414 1528 466 1559 Ex
504 1527 555 1560 his
589 1528 713 1560 duobus
748 1528 900 1560 membris
934 1528 1086 1569 colligere

117 1579 202 1600 nunc
225 1569 300 1601 licet
322 1570 481 1611 quomodo
504 1573 537 1602 et
559 1582 616 1604 cur
640 1571 836 1611 impossibile
859 1571 902 1603 sit
921 1570 1084 1603 hominem

116 1612 185 1642 sine
209 1612 270 1644 fide
294 1613 418 1653 placere
441 1613 521 1645 Deo.
555 1614 640 1646 Nam
663 1625 775 1646 omnes
798 1624 856 1645 nos
879 1614 948 1645 iure
972 1624 1086 1646 exosos

115 1654 212 1687 habet
242 1666 339 1696 quum
371 1656 536 1689 maledicti
566 1657 667 1689 simus
695 1660 827 1688 natura:
862 1666 921 1688 nec
944 1667 1021 1688 vero
1051 1657 1084 1688 in

115 1704 273 1739 potestate
305 1705 415 1731 nostra
442 1705 490 1731 est
517 1700 705 1732 remedium.
752 1699 860 1739 Quare
884 1709 1014 1731 necesse
1038 1704 1086 1732 est

115 1745 153 1772 ut
186 1752 242 1774 nos
273 1742 363 1774 Deus
393 1743 498 1783 gratia
531 1754 589 1775 sua
622 1744 820 1784 praeveniat.
871 1742 910 1774 Id
941 1743 977 1774 fit
1008 1743 1084 1774 dum

115 1784 220 1825 ipsum
260 1786 483 1826 cognoscimus
517 1785 624 1818 Deum
660 1796 746 1825 esse,
782 1790 818 1817 ut
856 1785 947 1817 nulla
984 1795 1085 1826 prava

115 1828 300 1867 superstitio
330 1838 387 1860 nos
417 1829 478 1860 alio
508 1829 663 1862 abducat:
694 1829 810 1861 deinde
839 1839 938 1869 quum
962 1831 1083 1861 certam

115 1870 206 1902 nobis
230 1871 268 1902 ab
292 1881 329 1903 eo
345 1872 481 1904 salutem
499 1873 729 1913 promittimus.
764 1872 888 1912 Siquis
908 1871 1082 1912 pleniorem

115 1913 212 1944 huius
235 1915 418 1955 argumenti
435 1917 659 1948 tractationem
680 1915 849 1953 desideret,
874 1915 951 1946 hinc
966 1915 1083 1946 facien-

116 1955 192 1987 dum
224 1957 284 1988 erit
314 1957 497 1996 exordium,
529 1969 587 1991 nos
617 1959 737 1990 frustra
764 1962 890 1990 tentare
919 1958 1028 1989 omnia
1051 1962 1083 1988 et

114 1999 230 2039 moliri,
255 2000 316 2032 nisi
340 2001 373 2031 in
389 2000 496 2033 Deum
513 2002 714 2042 respicimus.
748 2001 837 2032 Hinc
861 2000 947 2032 enim
968 2001 1083 2032 unicus

114 2045 162 2073 est
186 2046 292 2074 rectae
316 2043 401 2075 vitae
425 2045 509 2081 finis,
533 2045 601 2076 eius
624 2044 744 2085 gloriae
768 2044 900 2076 servire.
939 2043 977 2074 Id
1001 2054 1082 2075 nun-

113 2094 208 2124 quam
239 2086 294 2116 fiet
324 2086 387 2117 nisi
418 2087 587 2127 praecedat
614 2089 682 2119 eius
712 2087 861 2129 cognitio.
907 2086 973 2119 Sed
1003 2086 1082 2118 haec

114 2132 240 2159 tantum
272 2129 344 2160 fidei
373 2129 505 2161 dimidia
527 2135 574 2161 est
598 2140 682 2171 pars,
713 2140 892 2171 parumque
915 2129 1083 2170 prodesset

113 2170 174 2202 nisi
199 2171 365 2203 accederet
388 2172 511 2204 fiducia.
557 2173 646 2215 Ergo
677 2177 755 2205 tunc
778 2172 907 2204 demum
931 2173 997 2204 suis
1020 2183 1081 2203 nu-

113 2214 210 2245 meris
243 2213 389 2246 absoluta
424 2219 473 2246 est
507 2214 599 2254 fides,
634 2217 670 2246 ut
699 2216 838 2257 gratiam
872 2215 963 2247 nobis
996 2215 1081 2256 apud

114 2257 219 2288 Deum
238 2262 409 2298 comparet,
434 2268 533 2298 quum
553 2263 639 2289 certo
656 2258 858 2297 confidimus,
880 2269 946 2290 non
963 2259 1082 2290 frustra

112 2311 170 2332 nos
193 2301 297 2341 ipsum
323 2311 487 2342 quaerere,
513 2300 654 2341 adeoque
677 2305 797 2333 certam
822 2301 861 2332 ab
885 2311 921 2333 eo
944 2301 1079 2332 salutem

112 2344 204 2375 nobis
241 2344 470 2385 promittimus.
526 2343 626 2375 Porro
664 2353 759 2375 nemo
793 2344 854 2375 nisi
893 2348 1081 2375 excaecatus

112 2386 270 2427 superbia,
301 2397 518 2428 perversoque
548 2387 597 2418 sui
629 2396 737 2417 amore
760 2386 943 2424 fascinatus,
974 2386 1080 2417 Deum

114 2430 180 2461 suis
213 2430 337 2461 meritis
375 2434 649 2462 remuneratorem
687 2429 753 2460 fore
790 2429 940 2461 confidet.
995 2428 1081 2470 Ergo

113 2471 230 2504 fiducia
253 2473 341 2514 haec,
367 2473 405 2504 de
429 2483 492 2513 qua
516 2473 688 2513 loquimur,
712 2481 778 2503 non
802 2472 833 2503 in
857 2482 956 2513 opera
979 2481 1080 2512 neque

112 2515 145 2545 in
169 2515 332 2555 propriam
356 2515 497 2547 hominis
521 2515 723 2556 dignitatem,
754 2515 809 2546 sed
838 2515 870 2546 in
893 2514 994 2546 solam
1020 2515 1079 2546 Dei

111 2558 248 2599 gratiam
281 2558 457 2590 recumbet.
503 2558 612 2598 Quum
643 2562 750 2589 autem
774 2557 835 2589 Dei
866 2558 973 2598 gratia
1003 2567 1081 2589 non-

109 2601 171 2632 nisi
204 2601 236 2631 in
269 2600 400 2633 Christo
435 2602 635 2639 inveniatur,
670 2601 697 2632 is
731 2610 812 2632 unus
843 2603 891 2632 est
921 2601 953 2631 in
984 2610 1078 2641 quem

109 2644 268 2685 respicere
291 2643 384 2676 debet
408 2644 495 2676 fides.

1010 196 1158 227 CAPUT
1183 196 1211 226 X
1220 196 1241 226 1.

2058 202 2066 231 1
2076 201 2117 231 50

1233 290 1259 320 7.
1295 289 1373 321 Fide
1409 291 1489 329 Noe,
1519 291 1671 323 divinitus
1702 292 1878 323 admonitus
1908 293 1945 323 de
1972 294 2014 325 iis
2036 304 2115 334 quae

1144 333 1279 364 nondum
1310 333 1502 372 videbantur,
1531 334 1648 365 veritus
1676 335 1845 374 apparavit
1873 345 1980 367 arcam
2002 337 2036 367 in
2066 348 2115 368 sa-

1145 375 1235 406 lutem
1265 376 1374 407 domus
1404 386 1498 407 suae:
1521 387 1579 416 per
1609 387 1700 416 quam
1723 378 1933 409 condemnavit
1955 379 2114 420 mundum,

1144 419 1171 447 et
1201 418 1268 489 elius
1302 417 1395 460 (quae
1429 420 1593 451 secundum
1625 419 1718 458 fidem
1753 420 1808 461 est)
1842 421 1981 454 iustitiae
2013 422 2114 462 factus

1143 461 1185 489 est
1218 470 1322 492 naeres.

1230 545 1257 576 7.
1279 545 1358 577 Fide
1376 546 1448 578 Noe.
1485 546 1554 578 Hoc
1573 547 1762 579 admirabile
1780 547 1910 579 virtutis
1927 550 2111 591 exemplum

1143 586 1216 627 fuit,
1252 588 1335 628 quod
1367 599 1464 630 quum
1501 594 1586 621 totus
1620 590 1759 621 mundus
1790 590 2015 629 impunitatem
2051 594 2111 624 sibi

1143 631 1349 669 promittens,
1386 642 1497 663 secure
1530 637 1561 663 et
1595 633 1729 664 licenter
1761 632 1880 664 delitiis
1912 634 2109 675 indulgeret:

1142 671 1230 703 solus
1260 672 1329 704 Noe
1360 674 1534 705 vindict-am
1565 675 1641 714 Dei,
1673 686 1754 716 quae
1784 675 1837 706 diu
1868 680 1976 708 tamen
2007 678 2110 710 adhue

1144 713 1322 745 differenda
1353 721 1433 755 crat,
1467 718 1525 748 sibi
1559 723 1633 750 ante
1663 718 1772 750 oculos
1806 720 1988 759 proposuit:
2026 722 2109 760 quod

1143 760 1273 787 centum
1312 760 1344 788 et
1379 759 1493 798 viginti
1531 771 1632 792 annos
1670 762 1785 792 misere
1823 772 1857 793 se
1895 761 2043 803 fatigavit
2080 764 2110 794 in

1143 799 1361 830 construenda
1396 811 1487 832 arca:
1519 803 1602 841 quod
1637 803 1721 834 inter
1753 809 1796 835 tot
1831 804 2005 844 impiorum
2036 807 2109 837 sub-

1143 842 1353 873 sannationes
1384 844 1473 873 stetit
1502 844 1673 876 infractus:
1705 847 1789 886 quod
1818 847 1851 877 in
1876 848 1973 879 totius
1997 849 2110 879 mundi

1142 884 1278 915 interitu
1313 896 1347 916 se
1381 886 1507 917 salvum
1542 886 1608 918 fore
1642 899 1704 919 non
1741 890 1915 929 dubitavit,
1953 891 2018 922 imo
2050 891 2109 922 sibi

1143 928 1241 958 vitam
1273 929 1389 959 statuit
1425 928 1455 959 in
1488 929 1650 969 sepulcro,
1685 932 1743 963 hoc
1771 937 1820 963 est
1857 933 1888 963 in
1926 944 2000 965 arca
2030 934 2108 974 ipsa.

1142 970 1226 1001 Rem
1252 971 1393 1002 breviter
1408 971 1548 1011 attingo:
1572 972 1832 1005 circumstantias
1849 986 1904 1015 per
1923 985 1957 1007 se
1973 976 2109 1018 quisque

1142 1013 1326 1053 expendere
1360 1014 1475 1045 melius
1510 1019 1623 1054 potest.
1680 1016 1787 1047 Huius
1826 1024 1888 1048 tam
1928 1019 2112 1058 praeclarae

1142 1056 1272 1088 virtutis
1303 1056 1429 1087 laudem
1462 1057 1625 1097 apostolus
1649 1058 1722 1088 fidei
1746 1060 1897 1100 assignat.
1944 1061 2111 1093 Hactenus

1142 1099 1294 1130 disseruit
1318 1100 1356 1130 de
1381 1104 1507 1139 patrum
1533 1100 1595 1131 fide
1611 1101 1666 1140 qui
1683 1101 1741 1131 sub
1758 1102 1862 1141 prima
1879 1104 1987 1134 mundi
2005 1108 2111 1136 aetate

1142 1141 1309 1173 vixerunt:
1336 1142 1414 1174 haec
1431 1153 1507 1174 vero
1530 1143 1686 1182 quaedam
1704 1143 1924 1185 palingenesia
1941 1147 2008 1184 fuit,
2033 1147 2111 1179 dum

1142 1185 1210 1216 Noe
1244 1195 1317 1216 cum
1352 1196 1410 1216 sua
1442 1185 1564 1216 familia
1597 1187 1729 1218 emersit
1760 1197 1801 1218 ex
1836 1188 1966 1220 diluvic.
2023 1190 2110 1222 Hinc

1141 1228 1321 1267 conficitur,
1344 1227 1491 1259 omnibus
1514 1229 1650 1260 saeculis
1674 1239 1739 1260 non
1756 1229 1850 1261 aliter
1869 1230 2014 1263 homines
2038 1243 2109 1273 pro-

1141 1269 1231 1302 batos
1254 1271 1352 1302 fuisse
1376 1270 1454 1309 Deo,
1484 1281 1543 1303 nec
1573 1271 1744 1311 quidquam
1767 1272 1862 1304 laude
1886 1273 2018 1314 dignum
2043 1275 2109 1306 edi-

1141 1312 1225 1344 disse
1264 1323 1359 1353 quam
1390 1324 1447 1354 per
1481 1313 1588 1345 fidem.
1655 1314 1747 1347 Nunc
1778 1316 1942 1348 videamus
1972 1318 2046 1357 quid
2078 1319 2109 1348 in

1141 1355 1209 1387 Noe
1240 1356 1511 1388 considerandum
1541 1362 1715 1397 proponat:
1748 1368 1864 1399 nempe
1893 1359 1977 1400 quod
2002 1359 2040 1391 de
2064 1361 2109 1391 fu-

1141 1399 1232 1436 turis,
1263 1398 1399 1430 necdum
1432 1400 1610 1431 manifestis
1641 1400 1736 1432 rebus
1765 1401 1949 1434 admonitus
1983 1403 2109 1435 timuit:

1141 1441 1256 1473 deinde
1279 1442 1363 1482 quod
1387 1443 1567 1474 construxit
1589 1452 1712 1475 arcam:
1738 1444 1833 1475 tertio
1853 1445 1935 1485 quod
1953 1446 2108 1477 mundum

1139 1495 1177 1516 ea
1192 1487 1356 1516 structura
1371 1484 1613 1517 condemnavit:
1631 1490 1745 1526 quarto
1761 1487 1845 1527 quod
1863 1488 2012 1527 iustitiae,
2030 1498 2109 1529 quae

1140 1528 1316 1559 secundum
1347 1528 1442 1559 fidem
1473 1533 1535 1566 est,
1569 1529 1665 1560 fuerit
1697 1529 1820 1561 haeres.
1873 1530 1969 1570 Quod
1997 1531 2108 1562 ordine

1139 1571 1281 1611 primum
1306 1571 1404 1611 posui,
1428 1571 1503 1603 fidei
1522 1572 1587 1602 vim
1613 1572 1751 1604 maxime
1774 1573 1936 1614 exprimit.
1973 1573 2108 1614 Semper

1140 1613 1224 1644 enim
1255 1614 1294 1644 ad
1325 1614 1520 1655 principium
1551 1614 1630 1646 illud
1660 1625 1718 1647 nos
1749 1619 1890 1653 revocat,
1922 1616 2005 1657 quod
2030 1617 2108 1649 fides

1139 1656 1303 1688 evidentia
1338 1657 1380 1687 sit
1414 1667 1520 1688 rerum
1555 1667 1619 1688 non
1655 1659 1890 1698 apparentium.
1945 1659 1988 1690 Et
2022 1664 2108 1691 certe

1138 1700 1303 1740 proprium
1338 1700 1408 1731 eius
1438 1704 1499 1738 est,
1529 1710 1610 1741 quae
1640 1701 1754 1737 latent,
1786 1706 1882 1742 atque
1912 1712 1930 1733 a
1962 1703 2107 1734 sensibus

1139 1743 1259 1773 nostris
1290 1747 1412 1774 remota
1441 1747 1524 1781 sunt,
1556 1743 1589 1774 in
1618 1743 1715 1775 verbo
1739 1743 1801 1776 Dei
1824 1745 1951 1777 intueri.
1997 1745 2106 1785 Quum

1138 1789 1212 1816 ante
1238 1795 1316 1816 vero
1348 1785 1505 1817 diluvium
1537 1788 1609 1826 post
1638 1790 1767 1818 centum
1798 1792 1828 1818 et
1858 1787 1973 1828 viginti
2003 1798 2105 1819 annos

1138 1828 1282 1859 futurum
1307 1828 1566 1867 denuntiaretur,
1597 1830 1736 1870 primum
1761 1831 1914 1870 temporis
1937 1830 2106 1871 longitudo

1137 1875 1261 1911 poterat
1285 1876 1407 1902 metum
1432 1871 1577 1904 demere:
1603 1872 1718 1903 deinde
1737 1883 1787 1903 res
1806 1878 1874 1904 erat
1893 1873 2105 1905 incredibilis:

1137 1914 1252 1954 impios
1285 1914 1410 1945 interea
1443 1915 1593 1947 cernebat
1627 1925 1737 1947 secure
1771 1915 1930 1946 delitiari:
1965 1915 2104 1956 denique

1137 1956 1289 1988 terribilis
1319 1957 1372 1988 ille
1396 1957 1509 1988 diluvii
1532 1958 1664 1989 nuntius
1687 1958 1782 1988 inane
1805 1959 2104 1990 terriculamentum

1136 2000 1238 2031 videri
1262 2003 1396 2040 poterat.
1433 2001 1532 2041 Atqui
1557 2005 1683 2032 tantum
1706 2000 1807 2032 defert
1825 2001 1893 2032 Noe
1909 2001 1972 2032 Dei
1996 2002 2105 2040 verbo,

1136 2047 1172 2074 ut
1195 2043 1300 2074 oculos
1323 2052 1342 2073 a
1363 2044 1525 2083 praesenti
1548 2053 1657 2075 rerum
1681 2043 1834 2084 adspectu
1850 2043 2032 2082 advertens,
2057 2046 2103 2075 in-

1136 2086 1275 2122 teritum,
1314 2095 1408 2125 quem
1437 2085 1527 2117 Deus
1567 2087 1724 2123 minatur,
1766 2087 1856 2127 quasi
1897 2091 2100 2127 praesentem

1135 2128 1257 2159 timeat.
1304 2128 1402 2160 Fides
1426 2139 1511 2170 ergo,
1539 2140 1635 2170 quam
1660 2128 1756 2160 habet
1780 2129 1876 2161 verbo
1900 2129 1972 2168 Dei,
1995 2131 2102 2170 ipsum

1135 2170 1174 2202 ad
1200 2171 1260 2202 Dei
1283 2170 1496 2203 obedientiam
1520 2172 1652 2204 format:
1683 2172 1774 2203 cuius
1797 2176 1909 2211 postea
1931 2173 2100 2204 documen-

1135 2218 1203 2245 tum
1227 2214 1359 2255 praebet
1388 2215 1420 2245 in
1451 2214 1639 2247 fabricanda
1661 2223 1745 2246 arca.
1792 2214 1856 2246 Sed
1880 2215 1931 2247 hic
1954 2215 2102 2247 obiicitur

1135 2258 1288 2297 quaestio,
1312 2268 1368 2288 cur
1390 2257 1488 2288 fidem
1513 2258 1637 2289 timoris
1660 2267 1787 2289 causam
1812 2257 1906 2288 faciat
1929 2258 2101 2298 apostolus,

1135 2310 1232 2340 quum
1265 2301 1386 2340 gratiae
1416 2300 1645 2340 promissiones
1674 2300 1781 2340 potius
1803 2310 1899 2340 quam
1924 2300 2028 2332 minas
2052 2311 2101 2332 re-

1134 2343 1258 2382 spiciat.
1283 2342 1356 2381 Qua
1379 2343 1505 2374 ratione
1523 2343 1646 2374 Paulus
1667 2343 1882 2384 evangelium,
1900 2353 1963 2384 quo
1979 2344 2101 2375 iustitia

1134 2385 1195 2416 Dei
1229 2385 1318 2416 nobis
1348 2386 1481 2417 offertur
1509 2387 1541 2417 in
1572 2386 1724 2421 salutem,
1756 2386 1892 2418 verbum
1921 2386 1995 2417 fidei
2019 2396 2100 2418 nun-

1134 2433 1230 2469 cupat
1260 2428 1369 2469 (Rom.
1394 2428 1444 2467 10,
1467 2428 1509 2470 8).
1563 2428 1742 2468 Improprie
1777 2438 1853 2470 ergo
1889 2429 2010 2460 dictum
2042 2429 2101 2460 hoc

1133 2472 1273 2506 videtur,
1303 2470 1384 2511 quod
1413 2471 1483 2502 Noe
1514 2471 1665 2502 inductus
1695 2470 1758 2502 fide
1788 2471 1887 2503 fuerit
1916 2471 1955 2502 ad
1985 2471 2099 2503 timen-

1133 2514 1219 2545 dum.
1253 2513 1454 2553 Respondeo,
1476 2515 1603 2554 proprie
1627 2513 1754 2554 quidem
1775 2524 1815 2545 ex
1834 2515 2100 2555 promissionibus

1133 2556 1228 2588 fidem
1249 2558 1347 2596 nasci,
1371 2557 1403 2587 in
1424 2556 1486 2588 illis
1502 2566 1572 2588 esse
1589 2556 1765 2593 fundatam,
1789 2558 1824 2588 in
1840 2557 1911 2589 illas
1926 2557 2099 2589 collimare.

1132 2598 1210 2630 Ideo
1233 2600 1369 2630 dicimus
1381 2599 1548 2630 Christum
1573 2609 1642 2630 esse
1665 2609 1777 2630 verum
1802 2599 1876 2631 fidei
1900 2609 2042 2641 scopum,
2066 2601 2099 2631 in

1135 2652 1196 2682 quo
1226 2642 1317 2673 nobis
1347 2642 1505 2683 propitius
1535 2647 1582 2673 est
1613 2645 1704 2682 pater
1733 2642 1889 2680 coelestis,
1921 2645 1954 2674 et
1982 2645 2015 2674 in
2039 2653 2101 2684 quc

1846 2700 1896 2728 10·
