2513 3126
151 195 212 228 221

153 291 179 322 si
210 291 350 332 gratiam
382 290 473 322 nobis
509 291 555 322 ita.
594 290 733 331 benigne
770 291 949 331 expositam
988 290 1124 330 negligi—

153 333 248 366 mus?
300 333 390 366 Haec
423 333 525 374 igitur
547 333 754 374 amplificatio
783 334 823 365 ad
857 344 946 374 spem
981 338 1124 363 nostram

154 376 332 408 acuendam
361 376 538 416 plurimum
572 376 665 407 valet.
711 376 807 415 Quod
838 376 926 407 addit
948 376 986 406 in
1010 385 1123 405 reve-

154 419 307 450 latione
336 419 521 456 Christi,
556 419 702 450 bifariam
733 419 851 459 exponi
881 422 995 458 potest.
1040 416 1124 448 Nam

154 462 315 503 evangelii
334 462 479 493 doctrina
496 461 666 493 Christum
685 461 777 493 nobis
799 461 937 492 revelat:
961 464 994 491 et
1017 463 1124 507 tamen

155 505 228 544 quia
258 504 364 536 adhuc
395 515 468 536 eum
493 514 549 544 per
571 504 737 544 speculum
761 508 792 534 et
815 504 847 534 in
872 502 1054 542 aenigmate
1077 512 1122 532 vi-

155 548 279 588 demus,
310 547 461 578 differtur
490 547 585 586 plena
616 546 770 577 revelatio
794 555 893 584 usque
916 545 950 575 in
974 545 1124 574 ultimum

156 589 250 621 diem.
297 590 392 621 Prior
422 599 534 620 sensus
563 588 666 627 magis
692 588 832 618 Erasmo
861 586 990 626 placuit,
1022 596 1124 625 neque

155 643 214 673 ego
238 632 330 663 illum
353 632 515 672 improbo:
543 629 702 662 secundus
725 635 834 660 tamen
860 629 987 659 videtur
1009 629 1125 659 melius

154 675 322 715 quadrare.
347 674 524 706 Consilium
542 673 627 703 enim
640 671 731 702 Petri
745 677 802 710 est,
816 681 949 702 evocare
962 681 1019 702 nos
1032 677 1125 702 extra

155 717 329 749 mundum:
374 716 413 747 ad
457 724 527 746 eam
565 723 633 744 rem
672 714 840 753 aptissima
877 717 926 745 est
964 713 1125 745 adventus

154 760 278 792 Christi
309 758 473 790 memoria.
525 756 609 786 Nam
641 756 668 786 si
698 755 774 787 illuc
805 756 975 797 dirigimus
1006 756 1124 796 oculos,

153 801 294 833 mundus
327 801 379 831 hic
414 799 506 830 nobis
528 799 704 830 crucifixus
739 803 802 838 est,
837 802 869 830 et
903 810 960 830 nos
993 799 1124 830 mundo.

153 843 280 876 Deinde
310 843 344 873 in
376 843 436 873 hac
467 841 701 881 significatione
725 851 828 881 nuper
852 842 974 882 accepit
997 842 1124 873 Petrus.

152 887 266 925 Neque
301 895 423 916 novum
454 890 502 916 est
533 883 688 923 apostolis
719 884 907 924 particulam
937 884 971 916 ἐν
1002 895 1060 925 pro
1083 885 1126 922 εἰς

152 928 306 967 accipere.
362 926 417 959 Sic
456 928 565 966 itaque
598 926 811 966 interpretor,
846 927 918 958 Non
953 933 1001 959 est
1036 928 1125 959 vobis

153 969 371 1002 emetiendum
391 970 525 1011 longum
549 969 619 1008 iter,
641 974 677 1000 ut
693 970 889 1009 perveniatis
912 970 951 1001 ad
970 971 1030 1001 Dei
1053 980 1125 1011 gra-

152 1013 246 1044 tiam:
271 1015 441 1053 praevenit
457 1014 542 1044 enim
559 1011 659 1048 Deus
684 1012 759 1043 dum
779 1022 849 1043 eam
868 1013 907 1043 ad
933 1022 988 1045 vos
1012 1013 1125 1044 defert.

152 1055 217 1088 Sed
241 1056 392 1096 quoniam
417 1057 525 1087 fruitio
549 1065 613 1085 non
637 1059 774 1092 constat,
806 1055 908 1087 donec
931 1061 1086 1096 appareat
1109 1066 1125 1087 e

153 1099 240 1130 coelo
264 1098 424 1136 Christus,
452 1099 486 1130 in
509 1107 572 1139 quo
595 1097 781 1129 abscondita
802 1101 850 1129 est
874 1098 962 1130 salus
986 1099 1125 1139 piorum,

153 1152 208 1182 spe
238 1141 362 1172 interea
385 1152 463 1181 opus
487 1148 552 1174 est:
583 1141 733 1180 quoniam
751 1140 872 1172 frustra.
893 1141 1013 1181 alioqui
1037 1152 1126 1174 nunc

153 1183 289 1215 offertur
318 1183 411 1215 nobis
440 1182 564 1216 Christi
595 1183 711 1223 gratia,
743 1184 804 1214 nisi
834 1184 994 1224 patienter
1024 1195 1126 1224 usque

154 1227 192 1258 ad
218 1226 342 1258 Christi
365 1226 540 1259 adventum
565 1227 792 1257 sustineamus.

238 1269 286 1300 14.
312 1269 476 1308 Tanquam
496 1269 559 1309 filii
582 1268 755 1300 obedientes.
792 1269 940 1302 Primum
963 1270 1126 1311 significat

153 1322 211 1343 nos
225 1312 261 1343 in
280 1312 348 1343 eius
372 1312 592 1354 honoremque
615 1312 797 1351 adoptionis
820 1314 927 1345 vocari
950 1323 968 1344 a
984 1313 1125 1344 Domino

152 1365 208 1395 per
230 1355 446 1395 evangelium.
492 1354 620 1387 Deinde
645 1354 704 1386 hac
727 1355 798 1394 lege
822 1366 880 1387 nos
902 1356 1059 1397 adoptari,
1090 1362 1126 1387 ut

152 1408 211 1428 nos
230 1397 372 1429 vicissim
395 1398 608 1439 obsequentes
630 1397 690 1428 sibi
715 1397 798 1428 filios
821 1398 947 1430 habeat.
983 1399 1125 1430 Tametsi

153 1441 238 1471 enim
257 1440 341 1472 filios
361 1451 426 1472 non
446 1442 521 1473 facit
544 1439 735 1479 obedientia,
759 1450 858 1480 quum
881 1442 1060 1482 gratuitum
1083 1442 1126 1473 sit

153 1483 335 1523 adoptionis
367 1484 504 1515 donum:
537 1494 591 1516 eos
621 1488 729 1515 tamen
762 1485 801 1515 ab
825 1484 937 1516 alienis
961 1485 1125 1516 discernit.

154 1525 330 1566 Quousque
360 1537 437 1558 vero
461 1526 540 1559 haee
563 1526 745 1559 obedientia
773 1537 806 1558 se
837 1527 992 1559 extendat
1007 1527 1125 1559 Petrus

154 1568 255 1606 docet,
279 1579 378 1609 quum
406 1575 494 1601 vetat
512 1569 574 1602 Dei
590 1570 674 1601 filios
697 1569 793 1601 huius
817 1571 936 1602 saeculi
960 1570 1125 1602 desideriis

153 1611 357 1651 configurari,
380 1612 432 1644 vel
448 1624 482 1644 se
503 1612 762 1645 accommodare:
787 1613 843 1644 sed
867 1613 1015 1644 hortatur
1037 1619 1072 1644 ut
1091 1624 1125 1645 se

153 1654 260 1694 potius
282 1653 352 1686 Deo
375 1655 586 1688 conforment.
622 1655 759 1687 Summa
782 1656 880 1688 totius
903 1656 983 1697 legis
1007 1660 1038 1687 et
1060 1666 1126 1687 om-

154 1697 255 1733 nium,
279 1707 359 1737 quae
382 1707 400 1728 a
423 1698 515 1730 nobis
539 1699 640 1740 exigit
663 1698 763 1737 Deus,
789 1699 851 1730 huc
873 1704 1007 1739 spectat,
1032 1703 1068 1729 ut
1091 1700 1125 1730 in

151 1739 244 1770 nobis
267 1739 408 1771 reluceat
431 1741 500 1773 eius
522 1741 638 1782 imago,
668 1751 709 1772 ne
732 1742 834 1773 simus
856 1741 915 1773 filii
938 1742 1124 1783 degeneres.

151 1781 225 1813 Hoc
243 1792 319 1813 vero
338 1783 410 1814 fieri
430 1793 496 1814 non
519 1789 625 1824 potest
647 1784 725 1824 quin
748 1795 952 1825 renovemur,
975 1791 1007 1816 et
1030 1795 1125 1817 exua-

151 1835 224 1856 mus
246 1825 420 1866 imaginem
445 1828 564 1859 veteris
580 1827 681 1859 Adae.
716 1827 804 1859 Hinc
828 1827 1011 1868 colligimus
1029 1839 1123 1868 quem

148 1867 183 1898 in
214 1872 281 1899 tota
310 1869 376 1899 vita
406 1879 539 1909 scopum
571 1880 748 1910 proponere
781 1870 841 1902 sibi
866 1870 1043 1902 Christiani
1070 1872 1122 1903 de·

149 1909 261 1941 beant:
292 1921 407 1951 nempe
428 1916 464 1942 ut
487 1913 701 1944 sanctimonia
723 1917 755 1944 et
778 1914 919 1952 puritate
944 1914 1049 1945 Deum
1072 1925 1122 1945 re—

149 1954 262 1984 ferant.
310 1952 375 1985 Sed
406 1955 556 1994 quoniam
588 1966 700 1987 omnes
728 1956 835 1987 carnis
858 1961 986 1988 nostrae
1009 1967 1123 1989 sensus

149 1995 220 2026 Deo
244 2004 435 2037 repugnant,
472 2005 637 2039 totumque
661 2000 778 2030 mentis
801 2002 931 2030 nostrae
954 1999 1122 2040 ingenium

149 2038 304 2070 adversus
334 2049 407 2070 eum
437 2040 606 2073 inimicitia
635 2047 700 2072 est:
732 2041 802 2073 ideo
824 2042 945 2074 Petrus
969 2052 988 2073 a
1010 2043 1122 2074 mundi

150 2081 361 2121 abnegatione
394 2082 515 2123 incipit.
570 2084 615 2115 Et
648 2090 733 2116 certe
767 2085 892 2125 quoties
925 2085 964 2116 de
998 2086 1121 2117 instau-

149 2123 275 2155 ratione
305 2124 457 2165 imaginis
480 2125 543 2157 Dei
572 2127 607 2158 in
637 2127 730 2159 nobis
753 2128 821 2168 agit
844 2128 1015 2168 scriptura,
1047 2128 1122 2160 inde

148 2166 282 2204 orditur,
317 2171 351 2198 ut
385 2166 549 2199 aboleatur
579 2173 671 2202 vetus
705 2170 801 2202 homo
834 2181 907 2202 cum
941 2172 1008 2202 suis
1039 2170 1122 2203 desi·

149 2209 256 2241 deriis.

238 2252 324 2292 Quae
345 2252 378 2284 in
400 2253 586 2293 ‘lquor-antia.
631 2255 773 2296 Tempus
802 2256 1007 2297 ignorantiae
1031 2261 1122 2289 vocat

150 2297 325 2335 antequam
358 2296 392 2326 in
425 2296 523 2327 fidem
558 2295 679 2329 Christi
715 2299 817 2330 vocati
852 2304 970 2331 essent.
1026 2299 1122 2332 Unde

150 2336 304 2369 discimus
337 2338 598 2370 incredulitatem
631 2341 787 2373 malorum
821 2343 966 2373 omnium
998 2342 1120 2374 fontem

149 2390 227 2412 esse.
279 2380 393 2421 Neque
424 2382 510 2413 enim
541 2382 741 2422 ignorantiae
772 2394 888 2416 nomen
919 2391 1056 2425 usurpat
1086 2391 1122 2417 ut

149 2422 289 2454 solemus
321 2424 428 2464 vulgo.
474 2424 610 2456 Falsum
639 2426 724 2457 enim
749 2426 827 2458 illud
852 2433 900 2459 est
922 2427 1119 2468 platonicum

150 2464 277 2505 dogma,
309 2466 375 2497 sola
406 2467 593 2507 ignorantia
625 2470 758 2508 peccari.
805 2470 927 2501 Verum
954 2476 1120 2511 utcunque

151 2508 326 2548 redarguat
349 2509 496 2541 infideles
526 2511 737 2552 conscientia,
767 2517 879 2543 errant
909 2513 1120 2545 nihilominus

149 2557 304 2590 tanquam
328 2553 414 2584 caeci
437 2552 470 2583 in
494 2553 648 2584 tenebris:
672 2555 746 2594 quia
768 2565 872 2595 neque
895 2556 978 2587 viam
996 2559 1119 2594 tenent,

149 2598 180 2622 et
211 2594 280 2625 luce
311 2604 388 2625 vera
417 2595 538 2635 privati
567 2601 653 2627 sunt.
699 2596 738 2627 ln
770 2596 857 2629 hunc
888 2608 1018 2629 sensum
1042 2599 1119 2630 dicit

148 2635 269 2668 Paulus
292 2636 390 2677 (Eph.
415 2637 446 2678 4,
470 2638 531 2679 17),
562 2639 610 2670 Ne
640 2638 774 2679 posthac
796 2640 977 2679 ambuletis,
1008 2651 1117 2681 quem-

1053 196 1202 228 CAPUT
1226 197 1248 227 1.

2087 200 2149 231 222

1178 290 1349 322 admodum
1377 296 1408 321 et
1438 295 1552 331 gentes
1575 291 1607 322 in
1633 292 1775 322 vanitate
1799 292 1916 323 mentis
1941 302 2032 323 suae:
2067 303 2150 333 quac

1178 339 1319 364 mentem
1343 333 1463 365 habent
1490 333 1742 373 obtenebratam,
1773 334 1932 366 alienatae
1955 345 1974 366 a
1998 336 2065 366 vita
2090 336 2149 367 Dei

1179 382 1310 415 propter
1342 377 1558 416 ignorantiam
1593 387 1676 417 quae
1710 379 1742 407 in
1778 377 1841 408 illis
1874 384 1933 409 est.
1986 377 2048 409 Ubi
2082 389 2145 409 non

1179 419 1268 458 viget
1296 418 1358 449 Dei
1390 420 1512 456 notitia,
1544 420 1608 452 illic
1636 429 1772 459 regnum
1801 425 1957 461 occupant
1987 421 2147 459 tenebrae,

1178 470 1276 500 error,
1300 462 1436 497 vanitas,
1461 462 1601 502 privatio
1617 463 1697 494 lucis
1716 467 1748 493 et
1772 463 1865 494 vitae.
1904 463 2018 503 Neque
2041 468 2149 494 tamen

1179 502 1256 534 haec
1294 504 1476 543 impediunt
1513 506 1684 544 quominus
1718 505 1802 536 male
1836 506 1896 536 sibi
1931 506 2048 537 conscii
2084 507 2150 537 sint

1178 545 1267 585 impii
1291 547 1463 586 peccando,
1487 558 1646 588 suumque
1669 548 1703 578 in
1726 548 1814 579 coelo
1838 548 1985 587 iudicem,
2008 554 2041 579 et
2059 549 2151 580 intus

1176 587 1267 627 apud
1297 599 1330 620 se
1360 590 1543 621 carnificem
1572 591 1722 622 sentiant.
1770 590 1806 621 ln
1831 601 1964 629 summa,
1998 593 2150 631 quoniam

1179 641 1315 669 regnum
1356 631 1420 663 Dei
1455 643 1591 673 regnum
1626 639 1674 665 est
1703 633 1800 665 lucis:
1832 634 2013 673 quicunque
2044 635 2083 665 ab
2113 644 2151 665 eo

1179 673 1276 703 alieni
1310 680 1395 711 sunt,
1429 685 1539 707 caecos
1574 686 1653 716 esse,
1687 681 1719 707 et
1753 676 1784 707 in
1819 675 2005 716 labyrintho
2041 687 2149 708 errare

1179 724 1309 746 necesse
1325 722 1383 747 est.
1421 717 1549 749 Interea
1572 729 1749 756 monemur,
1774 718 1844 750 ideo
1869 729 1926 750 nos
1949 719 2150 750 illuminatos

1178 767 1248 788 esse
1275 758 1308 788 in
1338 758 1401 789 Dei
1432 761 1589 801 notitiam,
1620 772 1660 792 nc
1690 762 1829 802 amplius
1861 762 1952 802 vagis
1983 761 2150 792 desideriis

1177 800 1452 832 circumferamur.
1490 803 1605 843 Itaque
1623 810 1778 844 quantum
1802 805 1938 844 quisque
1962 814 2150 844 progressus

1179 843 1277 874 estin
1295 844 1381 875 vitae
1404 845 1556 881 novitate,
1581 852 1705 878 tantum
1730 848 1866 887 profecit
1889 849 1921 878 in
1940 846 2001 878 Dei
2026 848 2149 878 notitia..

1180 885 1303 917 Verum
1335 885 1387 918 hic
1416 888 1560 918 exoritur
1591 890 1751 929 quaestio:
1786 900 1885 930 quum
1909 890 2044 921 Iudaeos
2074 890 2149 920 allo-

1178 934 1307 968 quatur,
1331 930 1384 969 qui
1408 940 1535 969 semper
1558 931 1590 961 in
1614 932 1684 971 lege
1708 935 1827 964 versati
1851 939 1952 969 erant,
1985 938 2017 964 et
2039 933 2092 973 qui
2116 933 2150 963 in

1178 971 1278 1002 unius
1301 970 1363 1002 Dei
1393 972 1483 1003 cultu
1507 973 1635 1004 fuerant
1657 974 1791 1011 educati,
1822 986 1878 1006 cur
1902 976 1972 1006 illos
1996 981 2150 1016 tanquam

1179 1014 1329 1054 profanos
1353 1014 1510 1054 homines,
1541 1016 1742 1056 ignorantiae
1769 1023 1801 1048 et
1824 1019 1986 1049 caecitatis
2009 1018 2150 1049 damnet.

1179 1056 1385 1096 Responde0‚
1418 1057 1494 1089 hinc
1517 1059 1638 1098 optime
1661 1066 1807 1091 constare
1830 1072 1924 1100 quam
1948 1061 2086 1100 insipida
2109 1061 2151 1092 sit

1179 1105 1273 1130 extra
1310 1100 1479 1131 Christum
1517 1103 1622 1132 omnis
1660 1103 1802 1133 scientia.
1863 1104 1980 1135 Merito
2018 1103 2151 1141 Paulus,

1179 1141 1256 1173 dum
1288 1143 1438 1174 refellere
1473 1144 1543 1175 vult
1576 1154 1687 1175 eorum
1720 1147 1965 1177 ostentationem
1996 1147 2048 1187 qui
2081 1147 2150 1177 sine

1179 1185 1312 1216 Christo
1334 1195 1446 1226 sapere
1470 1186 1631 1224 volebant,
1660 1197 1724 1218 uno
1747 1188 1845 1218 verbo
1868 1188 1953 1227 dicit,
1976 1189 2062 1229 ipsos
2087 1199 2151 1220 non

1179 1232 1290 1260 tenere
1314 1235 1409 1268 caput
1432 1228 1568 1269 (Coloss.
1593 1230 1622 1270 2,
1658 1230 1720 1271 19).
1772 1231 1868 1261 Tales
1901 1236 1992 1262 erant
2026 1231 2150 1268 Iudaei,

1178 1271 1231 1310 qui
1255 1271 1433 1303 innumeris
1457 1271 1536 1303 alias
1559 1273 1749 1313 corruptelis
1773 1274 1895 1311 imbuti,
1925 1275 2031 1305 velum
2057 1274 2150 1305 habe-

1179 1314 1257 1345 bant
1286 1314 1470 1354 oppositum
1494 1315 1605 1353 oculis,
1635 1326 1676 1346 ne
1699 1316 1869 1347 Christum
1892 1317 1925 1347 in
1949 1317 2019 1356 lege
2042 1327 2150 1348 cerne-

1178 1361 1260 1387 rent.
1314 1357 1395 1388 Erat
1426 1357 1554 1397 quidem
1590 1369 1666 1390 vera
1694 1358 1752 1390 lux
1783 1369 1820 1390 ea
1851 1358 1995 1390 doctrina
2025 1360 2056 1390 in
2088 1369 2152 1399 qua.

1179 1399 1319 1430 instituti
1344 1405 1452 1431 erant:
1488 1401 1543 1432 sed
1567 1401 1792 1433 caecutiebant
1821 1402 1853 1432 in
1884 1402 1962 1438 luce,
1998 1402 2150 1442 quamdiu

1179 1442 1227 1473 sol
1244 1442 1386 1473 iustitiae
1409 1443 1473 1475 illis
1496 1448 1567 1474 erat
1590 1444 1805 1476 absconditus.
1844 1444 1937 1483 Quod
1962 1445 1988 1475 si
2012 1445 2151 1476 litorales

1179 1495 1306 1525 quoque
1341 1485 1421 1525 legis
1456 1486 1639 1527 discipulos,
1673 1488 1827 1527 quamdiu
1858 1488 2026 1519 Christum
2061 1489 2150 1528 igno-

1179 1533 1252 1558 rant
1275 1528 1403 1559 unicam
1429 1528 1492 1560 Dei
1515 1530 1719 1569 sapientiam,
1752 1530 1871 1562 Petrus
1902 1535 2055 1570 tanquam
2079 1541 2150 1572 pro-

1179 1571 1270 1602 fanos
1299 1570 1445 1603 homines
1475 1572 1508 1603 in
1532 1572 1679 1605 tenebras
1706 1573 1850 1613 ablegat:
1883 1583 1920 1605 eo
1944 1573 2062 1605 maiore
2085 1579 2150 1605 stu-

1179 1613 1230 1644 dio
1253 1613 1292 1644 ad
1316 1614 1385 1645 eius
1408 1614 1555 1646 notitiam
1580 1616 1660 1646 eniti
1683 1626 1742 1646 nos
1766 1616 1866 1647 decet.

1266 1656 1314 1688 15.
1342 1656 1402 1696 Qui
1431 1667 1484 1689 vos
1511 1659 1637 1699 vocavit,
1667 1661 1792 1690 sanetus
1818 1661 1870 1690 est.
1915 1659 1946 1691 A
1969 1660 2033 1690 fine
2057 1669 2149 1690 voca-

1178 1699 1274 1730 tionis
1308 1705 1566 1740 argumentatur.
1619 1701 1710 1733 Deus
1741 1712 1799 1732 nos
1831 1701 1891 1733 sibi
1923 1703 1956 1733 in
1989 1702 2149 1742 peculium

1177 1748 1341 1783 segregat:
1376 1752 1453 1783 ergo
1488 1743 1741 1784 inquinamentis
1773 1745 1922 1775 omnibus
1953 1755 2050 1785 puros
2081 1756 2150 1776 esse

1177 1790 1314 1825 oportet.
1359 1785 1402 1816 Et
1432 1787 1629 1818 sententiam
1662 1788 1749 1825 citat,
1781 1798 1862 1827 quae
1885 1788 1995 1827 sapius
2018 1798 2035 1818 a
2060 1788 2150 1818 Mose

1176 1828 1346 1868 repetitur.
1392 1828 1476 1860 Nam
1505 1830 1579 1869 quia
1609 1830 1745 1871 populus
1775 1830 1876 1861 Israel
1907 1830 2048 1870 undique
2079 1840 2150 1869 pro-

1176 1871 1262 1902 fanis
1300 1871 1452 1911 gentibus
1489 1872 1614 1904 cinctus
1651 1878 1737 1913 erat,
1779 1883 1820 1903 ex
1858 1873 1972 1913 quibus
2009 1873 2149 1912 pessima

1176 1913 1322 1954 exempla
1351 1918 1384 1945 et
1412 1914 1599 1946 innumeras
1628 1916 1827 1955 corruptelas
1858 1916 1988 1947 haurire
2019 1926 2148 1956 promp-

1176 1961 1245 1987 tum
1270 1961 1350 1994 erat,
1373 1956 1509 1988 subinde
1532 1968 1607 1989 eum
1630 1959 1669 1989 ad
1693 1969 1726 1989 se
1750 1964 1878 1989 revocat
1902 1958 2078 1990 Dominus:
2111 1968 2147 1989 ac

1175 2000 1201 2030 si
1237 1999 1367 2037 diceret,
1401 1999 1532 2031 Mecum
1568 2000 1658 2033 vobis
1692 2002 1857 2041 negotium
1891 2007 1957 2032 est:
1990 2011 2051 2033 vos
2084 2001 2147 2031 mei

1175 2043 1266 2073 estis:
1297 2052 1372 2082 ergo
1402 2053 1421 2073 a
1448 2044 1596 2083 gentium
1619 2043 1848 2083 pollutionibus
1871 2045 2040 2076 abstinete.
2085 2044 2147 2075 Est

1176 2085 1236 2116 hoc
1267 2086 1358 2116 nobis
1388 2085 1523 2116 nimium
1555 2087 1706 2127 proclive,
1740 2087 1900 2126 respicere
1930 2087 1964 2117 in
1991 2086 2146 2127 homines,

1176 2133 1212 2159 ut
1241 2138 1443 2159 communem
1473 2139 1583 2160 eorum
1614 2130 1713 2161 vitam
1744 2139 1930 2168 sequamur.
1975 2130 2027 2160 Ita
2050 2130 2087 2160 fit
2109 2135 2146 2160 ut

1174 2171 1229 2202 alii
1252 2171 1330 2202 alios
1353 2171 1519 2202 turmatim
1543 2172 1583 2203 ad
1606 2182 1700 2203 omne
1731 2172 1851 2203 malum
1875 2172 2012 2212 rapiant,
2043 2173 2145 2203 donec

1174 2224 1231 2245 sua
1263 2214 1432 2245 vocatione
1462 2224 1520 2246 nos
1542 2214 1704 2246 Dominus
1732 2220 1870 2255 separet.
1915 2215 2008 2254 Quod
2036 2222 2144 2245 autem

1174 2262 1301 2288 sanctos
1334 2257 1437 2288 instar
1470 2257 1520 2288 sui
1554 2268 1624 2289 esse
1652 2258 1749 2296 iubet,
1782 2267 1846 2288 non
1877 2262 1927 2289 est
1949 2258 2143 2297 comparatio

1175 2299 1373 2340 aequalium:
1408 2299 1464 2330 sed
1500 2306 1656 2340 quantum
1691 2301 1751 2331 fert
1781 2306 1892 2340 captus
1922 2307 2046 2338 noster,
2080 2300 2143 2332 huc

1176 2342 1307 2373 tendere
1330 2341 1493 2374 debemus.
1539 2343 1583 2374 Et
1606 2344 1758 2383 quoniam
1782 2343 1878 2383 longe
1901 2353 1919 2373 a
1941 2353 2038 2383 scopo
2061 2353 2142 2374 sem—

1174 2396 1230 2425 per
1263 2385 1380 2416 absunt
1414 2385 1510 2416 etiam
1546 2386 1783 2426 perfectissimi,
1824 2386 1928 2426 magis
1969 2395 2005 2417 ac
2037 2386 2142 2426 magis

1173 2428 1313 2468 quotidie
1339 2427 1529 2459 enitendum
1561 2434 1618 2459 est.
1655 2428 1902 2460 Meminerimus
1933 2435 2050 2467 autem,
2074 2439 2141 2459 non

1174 2474 1300 2502 tantum
1332 2470 1424 2502 nobis
1448 2471 1588 2511 praecipi
1611 2471 1686 2511 quid
1721 2471 1817 2502 officii
1852 2472 1955 2502 nostri
1988 2472 2046 2502 sit:
2084 2471 2140 2503 sed

1172 2513 1277 2545 Deum
1308 2523 1433 2553 quoque
1464 2514 1561 2545 simul
1591 2514 1718 2552 addere,
1749 2514 1821 2554 Ego
1851 2525 1921 2545 sum
1946 2515 1999 2554 qui
2022 2514 2140 2546 sancti-

1150 2557 1240 2588 ofico.
1293 2555 1392 2587 Addit
1427 2557 1467 2587 in
1497 2562 1581 2587 tota.
1611 2557 1950 2596 conversatione,
1984 2563 2019 2588 ut.
2049 2558 2138 2588 nulla

1171 2599 1212 2630 sit
1243 2608 1317 2638 pars
1349 2599 1450 2636 vitae,
1484 2609 1566 2639 quae
1596 2609 1661 2630 non
1692 2598 1778 2631 hunc
1809 2600 1928 2631 bonum
1957 2600 2138 2631 sanctitatis

1170 2642 1299 2674 odorem
1346 2641 1497 2673 redoleat.
1561 2641 1719 2674 Videmus
1760 2643 1847 2674 enim
1888 2647 1924 2674 ut
1964 2643 1998 2674 in
2040 2643 2139 2674 rebus
