2513 3126
106 216 169 248 329

108 324 207 354 quum
233 313 312 345 dicit
335 323 375 344 ex
398 322 436 344 eo
459 322 529 344 esse
551 310 677 351 genitos
694 309 748 349 qui
772 308 895 339 faciunt
912 308 1080 339 iustitiam.

109 357 171 388 Illa
204 361 292 388 certe
321 356 440 387 usitata
468 358 517 386 est
545 351 695 392 loquendi
726 350 807 382 ratio
836 351 870 381 in
901 351 1080 391 scripturis,

109 410 166 431 nos
196 410 238 430 ex
261 399 331 430 Deo
361 398 449 438 gigni
481 398 514 428 in
537 395 676 427 Christo.
723 392 790 426 Sed
814 394 846 424 in
872 394 931 425 hac
954 403 1080 434 quoque

109 442 210 474 altera
239 440 321 473 nihil
350 439 480 472 absurdi
502 441 568 470 est:
600 447 641 468 ex
665 435 797 468 Christo
819 437 909 477 gigni
932 436 986 477 qui
1010 437 1080 468 eius

109 485 227 526 spiritu
255 485 465 516 renovantur.

457 608 638 647 CAPUT
660 607 734 647 ΙΙΙ.

196 698 223 729 1.
254 695 356 727 Videte
378 693 500 734 qualem
522 693 681 724 caritatem
703 692 787 724 dedit
809 692 896 723 nobis
913 695 1016 732 pater,
1047 695 1082 723 ut

110 740 173 780 filii
203 738 266 770 Dei
293 737 496 769 nominemur.
552 734 722 775 Propterea
748 736 882 767 mundus
907 745 970 767 non
999 736 1082 767 novit

111 793 182 822 nos,
215 781 290 821 quia
318 789 379 811 non
407 779 489 810 novit
519 779 635 818 ipsum.
686 778 715 809 2.
747 778 879 817 Dilecti,
912 787 995 809 nunc
1019 777 1083 817 filii

113 824 175 857 Dei
196 824 304 861 simus,
328 825 355 853 et
375 822 512 853 nondum
534 820 683 861 apparuit
706 821 782 860 quid
797 821 922 852 erimus.
959 820 1083 853 Scimus

109 870 210 899 autem
239 865 319 905 quod
347 866 376 896 si
403 865 600 904 apparuerit,
631 863 752 895 similes·
781 864 809 895 ei
840 864 973 895 erimus:
1006 864 1083 903 quia

109 909 282 942 videbimus
314 918 383 939 eum
415 907 506 939 sicuti
539 909 591 938 est.
642 906 671 938 3.
700 906 743 937 Et
776 907 874 938 omnis
907 907 961 946 qui
995 905 1082 937 habet

109 952 189 984 hanc
219 961 303 991 spem
324 951 359 982 in
381 960 425 988 eo,
450 950 598 989 purificat
621 959 653 980 se
678 949 797 989 ipsmn:
828 949 1081 989 quemadmodum

108 994 160 1026 ille
176 1004 283 1034 purus
305 996 358 1025 est.

197 1080 225 1111 1.
256 1079 370 1119 Videte,
399 1081 450 1110 etc.
496 1077 684 1109 Secundum
716 1082 954 1118 argumentum,
985 1087 1003 1109 a
1025 1086 1081 1109 vo-

110 1123 249 1155 cationis
271 1127 401 1153 nostrae
425 1121 581 1162 dignitate
605 1124 637 1151 et
660 1121 868 1161 praestantia.
915 1120 988 1152 Non
1011 1120 1079 1152 vul-

111 1166 180 1207 gari
204 1166 336 1204 honore,
358 1164 473 1204 inquit,
497 1174 555 1195 nos
579 1163 732 1204 dignatus
752 1167 802 1194 est
817 1162 964 1195 coelestis
981 1168 1082 1203 pater,

113 1219 213 1249 quum
236 1209 269 1239 in
293 1208 376 1238 filios
399 1206 575 1247 adoptavit.
621 1206 712 1238 Haec
734 1211 827 1237 tanta
849 1206 963 1246 gratia,
993 1206 1081 1245 puri·

114 1252 191 1283 tatis
221 1250 365 1282 studium
396 1250 572 1281 accendere
601 1249 634 1280 in
664 1248 755 1281 nobis
783 1248 890 1286 debet,
924 1254 959 1280 ut
982 1250 1083 1280 simus

115 1295 159 1325 illi
190 1292 384 1325 conformes:
416 1303 474 1324 nec
499 1302 574 1323 vero
604 1292 673 1323 fieri
705 1297 810 1332 potest
837 1292 916 1331 quin
939 1302 973 1323 se
997 1293 1082 1331 puri-

114 1338 187 1369 ficet
215 1336 270 1376 qui
298 1347 333 1367 se
362 1346 463 1367 unum
496 1345 535 1366 ex
559 1334 621 1366 Dei
650 1334 727 1366 filiis
754 1335 910 1376 agnoscit.
955 1334 998 1365 Et
1020 1345 1082 1374 quo

113 1379 185 1420 plus
214 1378 439 1410 vehementiae
472 1378 590 1409 habeat
620 1378 816 1414 exhortatio,
851 1377 914 1409 Dei
944 1377 1082 1418 gratiam

114 1422 298 1462 amplificat.
349 1421 434 1452 Nam
465 1419 551 1461 quod
583 1420 658 1451 dicit
692 1420 821 1451 datam
857 1430 948 1452 esse
983 1421 1082 1451 cari—

114 1472 257 1503 tatem,
279 1465 440 1505 significat
462 1463 523 1494 hoc
546 1474 653 1495 merae
672 1473 741 1495 esse
759 1462 973 1502 liberalitatis,
997 1463 1082 1503 quod

114 1518 173 1538 nos
196 1507 287 1538 Deus
316 1517 373 1547 pro
395 1507 470 1538 filiis
495 1506 602 1538 habet.
647 1505 741 1538 Unde
765 1506 850 1536 enim
875 1509 966 1537 tanta
989 1506 1081 1538 nobis

115 1550 272 1590 dignitas,
307 1549 369 1581 nisi
403 1560 444 1580 ex
478 1548 542 1580 Dei
575 1548 709 1581 amore?
764 1548 867 1580 Amor
900 1559 996 1589 porro
1032 1549 1083 1580 bic

115 1593 275 1633 gratuitus
309 1592 525 1632 praedicatur.
578 1592 638 1623 Est
667 1591 795 1632 quidem
828 1593 1005 1632 impropria
1036 1592 1081 1622 lo—

114 1636 245 1675 quuti0:
269 1634 326 1666 sed
349 1635 463 1666 maluit
483 1635 657 1675 improprie
678 1634 765 1675 loqui
788 1634 963 1674 apostolus,
986 1645 1080 1675 quam

115 1688 179 1709 non
196 1678 380 1717 exprimere
396 1677 480 1717 quod
497 1687 626 1709 necesse
641 1679 771 1718 cognitu
788 1683 867 1709 erat.
892 1677 932 1708 In
949 1688 1082 1716 summa,

115 1721 286 1761 significat,
310 1730 372 1760 quo
396 1721 532 1760 amplior
551 1720 652 1751 effusa
674 1726 724 1751 est
740 1721 772 1751 in
790 1730 850 1751 nos
866 1720 928 1752 Dei
947 1721 1083 1758 bonitas,

115 1763 162 1794 illi
193 1774 251 1794 nos
281 1773 319 1794 eo
347 1764 452 1803 magis
481 1763 650 1795 obstrictos
673 1773 752 1795 esse.
799 1763 1082 1802 Quemadmodum

115 1806 238 1837 Paulus
261 1816 319 1846 per
341 1807 409 1837 eius
434 1806 669 1837 misericordias
692 1806 856 1838 Romanos
879 1807 1024 1838 obsecrat
1048 1812 1084 1837 ut

115 1859 150 1880 se
173 1849 219 1879 1111
242 1858 340 1888 puras
364 1849 484 1880 hostias
507 1849 645 1880 offerant
668 1848 776 1890 (Rom.
795 1849 844 1886 12,
870 1850 912 1890 1).
951 1850 1084 1881 Interea.

115 1892 275 1930 docemur,
304 1891 480 1932 gratuitam
504 1891 554 1932 (ut
576 1891 657 1933 dixi)
684 1902 754 1923 esse
785 1893 912 1932 piorum
937 1893 1082 1923 omnium

115 1934 330 1974 adoptionem,
357 1945 416 1966 nec
447 1934 486 1965 ab
514 1934 580 1965 ullo
602 1945 736 1974 operum
761 1941 908 1975 respectu
931 1935 1082 1975 pendere.

116 1976 197 2008 Nam
235 1977 318 2017 quod
354 1977 517 2018 sophistae
554 1976 683 2018 dicunt,
721 1977 867 2019 adoptari
900 1988 982 2018 quos
1015 1979 1083 2009 fore

116 2020 231 2060 dignos
253 2019 420 2060 praevidet
441 2019 542 2056 Deus,
572 2025 681 2060 aperte
711 2020 762 2052 his
785 2021 891 2053 verbis
914 2021 1082 2052 refellitur.

116 2063 230 2102 Neque
267 2062 354 2093 enim
391 2062 450 2094 hoc
486 2063 579 2094 modo
616 2064 796 2104 gratuitum
831 2067 918 2096 esset
952 2064 1082 2094 donum.

116 2105 187 2137 Hoc
211 2105 375 2136 doctrinae
391 2109 488 2145 caput
504 2114 613 2137 tenere
629 2107 661 2137 in
682 2107 795 2146 primis
811 2117 927 2146 operae
943 2108 1082 2147 pretium

116 2154 174 2179 est.
227 2148 310 2179 Nam
345 2158 445 2187 quum
479 2149 573 2180 unica
607 2150 721 2180 salutis
753 2156 885 2181 nostrae
913 2160 1010 2181 eausa
1043 2151 1084 2181 sit

117 2191 255 2230 adoptio,
286 2196 318 2221 et
341 2201 411 2221 eam
435 2201 475 2221 ex
498 2201 586 2223 mero
609 2193 740 2231 soloque
764 2192 827 2223 Dei
850 2203 958 2224 amore
981 2193 1083 2224 fluere

118 2238 255 2265 testetur
285 2233 462 2273 apostolus,
497 2233 576 2265 nihil
608 2235 658 2265 hic
688 2240 819 2266 nostrae
850 2236 1001 2276 dignitati
1032 2235 1083 2267 vel

116 2286 249 2316 operum
274 2277 398 2307 meritis
421 2276 456 2307 fit
480 2276 647 2315 reliquum.
682 2278 750 2310 Cur
773 2278 858 2309 enim
875 2289 988 2309 sumus
1005 2278 1082 2309 filii?

117 2319 192 2359 quia
223 2319 343 2350 scilicet
374 2330 431 2350 nos
462 2319 565 2358 eoepit
588 2320 690 2359 gratis
713 2331 821 2352 amare
845 2321 951 2352 Deus:
983 2332 1081 2361 quum

116 2361 189 2393 odio
213 2363 318 2402 potius
342 2362 431 2402 digni
454 2363 554 2392 simus
576 2371 673 2401 quam
693 2374 812 2394 amore.
848 2364 956 2402 Quum
975 2370 1081 2395 autem

116 2405 250 2444 spiritus
268 2405 449 2444 adoptionis
466 2412 593 2435 nostrae
610 2405 725 2445 pignus
752 2407 808 2437 sit:
834 2407 910 2438 hinc
927 2408 1082 2447 sequitur,

117 2449 142 2477 si
166 2448 242 2487 quid
266 2454 316 2478 θεῖ
339 2449 371 2478 in
402 2447 493 2478 nobis
520 2447 603 2484 boni,
636 2448 692 2479 Dei
715 2451 838 2489 gratiae
861 2450 941 2481 adeo
964 2451 1082 2490 opponi

117 2499 182 2520 non
206 2491 331 2530 debere,
362 2496 397 2521 ut
427 2490 531 2530 potius
562 2490 592 2520 ei
615 2489 816 2523 referendum
839 2493 882 2524 sit
904 2499 1083 2532 acceptum.

118 2531 289 2569 Nomen,
313 2534 351 2564 de
375 2543 436 2572 quo
466 2533 622 2573 loquitur,
652 2534 756 2565 inanis
786 2545 855 2566 esse
883 2536 996 2566 titulus
1020 2546 1084 2566 non

117 2581 232 2614 potest.
278 2576 361 2606 Nam
386 2576 475 2606 Deus
505 2579 553 2606 est
583 2576 635 2615 qui
667 2586 725 2608 nos
747 2588 801 2608 ore
824 2589 883 2610 suo
908 2580 990 2609 filios
1015 2589 1084 2618 pro-

118 2619 264 2666 nuntiat:
300 2618 568 2658 quemadmodum
603 2618 753 2650 Abrahae
784 2631 900 2652 nomen
932 2622 1086 2661 imposuit

117 2671 155 2691 ex
180 2671 214 2691 re
238 2671 316 2701 ipsa.

992 211 1141 243 CAPUT
1171 212 1233 242 ΙΙΙ.
2041 213 2104 244 330

1221 307 1389 347 Propterea
1405 310 1546 341 mundus.
1579 310 1668 341 Haec
1688 310 1824 340 tentatio
1843 310 1987 350 graviter
2011 310 2106 341 fidem

1134 357 1312 391 oppugnat,
1347 351 1425 382 adeo
1451 363 1513 383 non
1539 353 1681 393 reputari
1707 362 1765 384 nos
1789 353 1822 383 in
1847 352 1923 383 filiis
1946 352 2020 391 Dei,
2054 353 2106 384 vel

1135 394 1234 424 ullam
1263 396 1374 424 tantae
1407 397 1624 434 praestantiae
1648 400 1757 426 notam
1781 396 1813 426 in
1838 395 1929 426 nobis
1953 396 2105 435 conspici,

1108 441 1170 471 ¹ut
1203 436 1308 476 potius
1343 446 1400 467 nos
1437 444 1520 469 totus
1554 438 1620 469 fere
1655 437 1793 468 mundus
1816 438 1954 469 ludibrio
1980 438 2106 469 habeat.

1136 479 1224 519 Ergo
1253 489 1294 509 ex
1326 481 1485 518 praesenti
1516 487 1603 512 statu
1633 480 1688 511 vix
1718 480 1826 520 colligi
1852 484 1963 520 potest,
2000 480 2107 512 Deum

1135 532 1205 552 esse
1222 521 1311 553 nobis
1327 527 1470 561 patrem:
1493 524 1585 554 sicuti
1602 523 1746 554 diabolus
1765 523 1873 553 omnia
1890 523 2106 561 machinatur,

1136 569 1171 595 ut
1188 565 1247 595 hoc
1268 563 1457 595 beneficium
1481 566 1637 598 obscuret.
1675 565 1761 596 Huic
1785 565 1936 597 scandalo
1961 566 2107 597 medetur

1135 617 1233 647 quum
1251 607 1337 645 dicit,
1362 617 1419 638 nos
1435 607 1529 639 hodie
1545 608 1655 648 quales
1672 618 1783 639 sumus
1802 608 1947 638 nondum
1967 609 2107 649 agnosci,

1135 650 1209 689 quia
1233 649 1373 680 mundus
1397 650 1500 680 Deum
1526 662 1588 681 non
1613 651 1789 692 cognoscit:
1819 650 1927 690 itaquo
1951 661 2015 682 non
2038 662 2108 683 esse

1135 693 1266 730 mirum,
1295 693 1321 723 si
1352 692 1421 723 eius
1444 692 1526 724 filios
1549 699 1740 725 contemnat.
1786 693 1888 725 Cuius
1911 693 1957 724 rei
1981 693 2108 725 illustre

1136 735 1301 775 speculum
1336 735 1462 766 exstitit
1497 736 1528 766 in
1553 736 1643 768 Isaac
1676 743 1708 767 ct
1735 737 1839 768 Iacob.
1889 736 1973 766 Nam
2008 746 2107 776 quum

1136 784 1272 817 uterque
1305 788 1323 809 a
1347 777 1417 808 Deo
1449 778 1569 810 electus
1599 786 1691 817 esset,
1726 779 1816 809 illum
1840 778 1960 809 Ismael
1984 779 2050 810 risu
2075 783 2108 809 et

1136 821 1257 858 sannis,
1294 820 1380 852 hunc
1403 821 1491 852 Esau
1522 822 1616 852 minis
1646 828 1677 853 et
1708 822 1814 862 gladio
1846 821 2106 861 persequebatur.

1136 863 1225 903 Ergo
1258 869 1421 903 utcunque
1453 863 1620 895 videamur
1651 865 1791 904 oppressi
1823 865 1855 895 in
1881 864 2009 902 mundo,
2044 869 2108 895 stat

1136 906 1348 938 nihilominus
1370 906 1458 937 salus
1482 914 1591 937 nostra
1615 912 1702 938 recta
1726 912 1758 937 ct
1782 907 1962 938 incolumis.

1222 949 1251 980 2.
1276 949 1370 980 Nunc
1396 949 1459 988 filit·
1489 949 1552 980 Dei
1579 960 1697 981 sumus.
1749 950 1840 981 Nunc
1875 950 1913 980 ad
1944 950 2107 990 proprium

1136 993 1291 1032 cuiusque
1323 1001 1453 1023 sensum
1488 992 1660 1024 descendit.
1717 993 1800 1024 Nam
1835 993 1983 1032 quamvis
2017 993 2108 1033 impii

1138 1045 1196 1066 nos
1227 1034 1267 1065 ad
1297 1045 1386 1075 spem
1417 1034 1627 1066 abiiciendam
1652 1045 1716 1066 non
1740 1035 1923 1070 sollicitent,
1958 1045 2108 1075 praesens

1137 1084 1248 1108 tamen
1273 1082 1383 1108 nostra
1406 1077 1547 1109 conditio
1570 1088 1589 1109 a
1611 1078 1713 1119 gloria
1736 1078 1874 1109 filiorum
1891 1077 1952 1109 Dei
1969 1078 2108 1109 multum

1138 1121 1238 1152 abest.
1283 1120 1366 1151 Nam
1397 1126 1554 1160 quantum
1579 1122 1618 1152 ad
1642 1131 1758 1161 corpus
1781 1126 1913 1161 spectat,
1946 1121 2053 1161 pulvis
2077 1126 2109 1151 et

1137 1164 1253 1194 umbra
1281 1173 1408 1195 sumus:
1445 1174 1532 1195 mors
1561 1175 1688 1204 semper
1718 1169 1793 1195 ante
1815 1163 1922 1194 oculos
1947 1169 2108 1195 versatur:

1136 1207 1260 1237 interea
1284 1206 1372 1237 mille
1394 1207 1558 1238 aerumnis
1580 1217 1693 1238 sumus
1715 1206 1865 1238 obnoxii:
1900 1207 2009 1237 anima
2033 1216 2109 1237 vero

1137 1248 1320 1280 innumeris
1355 1249 1449 1280 malis
1479 1250 1636 1281 subiecta:
1675 1251 1719 1280 ita
1751 1250 1782 1280 in
1818 1249 1909 1280 nobis
1944 1250 2107 1280 infernum

1137 1302 1265 1332 semper
1288 1293 1495 1332 reperiemus.
1541 1292 1614 1331 Quo
1645 1293 1747 1332 magis
1772 1301 1900 1323 necesse
1924 1298 1971 1322 est
1995 1302 2109 1323 sensus

1136 1345 1247 1366 omnes
1268 1341 1394 1366 nostros
1418 1335 1563 1366 abstrahi
1587 1346 1605 1366 a.
1628 1335 1791 1375 praesenti
1814 1345 1921 1365 rerum
1945 1334 2109 1374 adspectu,

1137 1388 1176 1409 ne
1199 1377 1357 1415 miseriae,
1395 1379 1511 1418 quibus
1540 1378 1681 1418 undique
1711 1376 1902 1410 circumdati
1934 1387 2046 1408 sumus
2077 1382 2109 1408 et

1136 1430 1235 1460 prope
1256 1420 1372 1458 obruti,
1396 1421 1464 1452 eius
1487 1421 1658 1458 felicitatis,
1682 1431 1764 1461 quae
1787 1419 1894 1452 adhuc
1917 1419 2005 1457 latet,
2029 1420 2109 1451 fidu-

1135 1464 1218 1495 ciam
1242 1462 1332 1494 nobis
1355 1464 1528 1495 excutiant.
1574 1463 1645 1496 Hoc
1668 1464 1755 1495 enim
1779 1463 1916 1504 apostoli
1939 1463 2109 1495 consilium

1136 1511 1194 1543 est,
1229 1516 1397 1546 perperam
1433 1517 1490 1538 nos
1522 1517 1591 1538 esse
1625 1508 1781 1543 facturos,
1816 1506 1843 1536 si
1873 1516 1912 1537 ex
1945 1506 2109 1546 praesenti

1136 1553 1223 1580 statu
1255 1550 1463 1580 aestimemus
1493 1549 1568 1589 quid
1597 1549 1687 1581 nobis
1711 1549 1802 1579 Deus
1830 1548 2018 1580 contulerit:
2054 1549 2110 1580 sed

1138 1592 1270 1623 indubia
1300 1593 1362 1623 fide
1393 1593 1567 1623 tenendum
1599 1602 1667 1624 esse
1691 1591 1775 1632 quod
1799 1591 1941 1622 noudum
1965 1596 2109 1632 apparet.

1222 1634 1347 1667 Scimus
1378 1638 1478 1666 autem
1506 1635 1586 1675 quod
1615 1635 1644 1666 si
1673 1634 1867 1674 apparuerit.
1914 1634 2005 1666 Haec
2035 1645 2110 1666 con-

1136 1678 1216 1709 ditio
1244 1678 1358 1709 resolvi
1382 1678 1475 1708 debet
1499 1678 1531 1708 in
1555 1678 1745 1709 adverbium
1770 1678 1924 1716 temporis
1948 1677 2022 1714 Ubi,
2060 1678 2109 1709 vel

1137 1721 1256 1760 Quum.
1300 1721 1402 1752 Porro
1434 1721 1569 1752 verbum
1591 1721 1660 1760 hoc,
1692 1721 1947 1760 apparuerit,
1981 1720 2109 1752 diverso

1136 1775 1234 1795 sensu
1267 1774 1360 1804 quam
1393 1763 1482 1803 prins
1513 1764 1678 1804 accipitur.
1724 1762 1860 1794 Dicebat
1891 1773 1994 1803 nuper
2017 1773 2109 1803 apos-

1136 1807 1232 1845 tolus,
1267 1806 1411 1837 nondum
1434 1807 1622 1847 apparuisse
1645 1806 1730 1846 quod
1754 1807 1856 1837 simus
1880 1806 1989 1842 futuri,
2023 1805 2109 1846 quod

1137 1850 1344 1881 absconditus
1376 1849 1419 1880 sit
1441 1849 1624 1888 adoptionis
1647 1855 1777 1880 nostrae
1800 1848 1940 1880 fructus:
1976 1849 2051 1888 quia
2074 1849 2107 1879 in

1137 1892 1226 1924 coelo
1249 1896 1298 1924 est
1321 1896 1431 1923 nostra
1454 1892 1597 1929 felicitas,
1621 1902 1688 1923 non
1712 1898 1818 1922 autem
1844 1892 1954 1931 procul
1977 1891 2052 1922 inde
2075 1891 2109 1922 in

1136 1940 1223 1967 terra
1246 1935 1506 1975 peregrinamur:
1539 1936 1614 1975 quia
1638 1935 1716 1966 haec
1739 1934 1858 1965 caduca
1883 1934 1956 1973 vita,
1981 1939 2013 1966 et
2035 1944 2108 1966 cen-

1137 1982 1206 2009 tum
1232 1978 1358 2010 assidue
1381 1978 1537 2009 mortibus
1560 1978 1714 2016 subiecta,
1745 1977 1841 2017 longe
1873 1976 2039 2009 dissimilis
2061 1982 2110 2009 est

1137 2027 1286 2053 aeternae
1316 2020 1447 2061 gloriae,
1482 2030 1564 2060 quae
1588 2020 1650 2051 Dei
1680 2021 1763 2051 filios
1793 2020 1900 2051 decet:
1936 2020 2011 2061 quia
2041 2029 2109 2051 car-

1137 2065 1186 2095 nis
1247 2063 1410 2103 ergastulo
1475 2063 1626 2095 servilem
1691 2064 1724 2093 in
1791 2062 1922 2094 modum
1980 2062 2108 2100 inclusi,

1137 2107 1232 2147 longe
1267 2117 1284 2137 a
1316 2106 1416 2137 libero
1448 2107 1527 2138 coeli
1563 2113 1732 2146 terraeque
1767 2105 1909 2137 dominio
1944 2106 2108 2137 distamus.

1137 2150 1234 2181 Nunc
1269 2160 1344 2180 vero
1378 2148 1417 2179 ad
1449 2148 1617 2180 Christum
1653 2150 1750 2180 refert
1780 2149 1972 2188 particulam
2004 2149 2109 2186 istam,

1137 2203 1255 2232 quum
1280 2193 1531 2231 apparuerit.
1578 2192 1667 2222 Idem
1692 2192 1779 2222 enim
1803 2191 1895 2223 docet
1918 2191 2002 2231 quod
2022 2191 2107 2221 Pau-

1136 2235 1187 2266 lus
1211 2235 1249 2266 ad
1274 2235 1485 2266 Colossences
1508 2245 1575 2275 cap.
1598 2235 1627 2275 3,
1651 2235 1680 2272 3,
1711 2234 1766 2264 ubi
1790 2233 1875 2272 dicit,
1900 2234 1979 2265 Vita
2002 2237 2110 2264 vestra

1137 2289 1208 2310 cum
1232 2278 1364 2308 Christo
1394 2278 1583 2309 abscondita
1606 2283 1668 2309 est:
1700 2276 1753 2307 ubi
1777 2287 1854 2308 vero
1878 2276 2030 2308 Christus
2053 2285 2109 2315 ap·

1137 2322 1279 2361 paruerit
1312 2321 1378 2352 vita
1402 2326 1519 2356 vestra,
1555 2327 1632 2351 tune
1655 2325 1686 2351 et
1710 2330 1765 2351 vos
1787 2330 1859 2350 cum
1884 2320 1952 2359 ipso
1975 2329 2109 2359 appare-

1138 2364 1210 2395 bitis
1252 2364 1283 2394 in
1322 2363 1434 2403 gloria.
1497 2363 1610 2403 Neque
1655 2362 1740 2394 enim
1782 2363 1876 2393 aliter
1910 2367 1995 2392 stare
2028 2361 2109 2392 fides

1137 2410 1249 2438 nostra
1272 2409 1385 2445 potest,
1421 2416 1516 2446 quam
1540 2406 1614 2436 dum
1639 2405 1672 2436 in
1697 2405 1821 2436 Christi
1845 2405 2020 2435 adventum
2044 2414 2108 2435 res-

1137 2450 1222 2489 picit.
1255 2449 1337 2479 Nam
1362 2449 1441 2480 haec
1463 2460 1560 2480 causa
1575 2454 1623 2479 est
1646 2459 1703 2480 cur
1720 2447 1810 2478 Deus
1833 2447 1955 2487 gloriae
1978 2452 2109 2478 nostrae

1139 2493 1430 2523 manifestationem
1455 2492 1593 2529 differat,
1624 2491 1696 2530 quia
1720 2490 1862 2521 nondum
1887 2491 2110 2521 manifestatus

1139 2537 1180 2566 sit
1203 2536 1352 2566 Christus
1375 2545 1447 2565 cum
1473 2535 1615 2573 potentia
1640 2535 1729 2574 regni
1753 2534 1812 2564 sui.
1858 2533 1948 2564 Haec
1975 2534 2107 2572 inquam

1139 2589 1203 2609 una
1222 2586 1269 2608 est
1293 2577 1499 2608 sustinendae
1523 2577 1598 2607 fidei
1624 2584 1751 2607 nostrae
1776 2576 1866 2614 ratio,
1889 2583 1926 2607 ut
1949 2578 2108 2616 patienter

1140 2622 1240 2652 vitam
1283 2621 1374 2651 nobis
1415 2620 1607 2659 promissam
1642 2626 1874 2659 exspectemus.
1932 2619 2037 2651 Simul
2072 2630 2108 2650 ac

1141 2663 1302 2703 paululum
1337 2674 1354 2693 a
1389 2662 1519 2693 Christo
1553 2662 1712 2702 quispiam
1749 2662 1933 2699 deflexerit,
1981 2671 2108 2693 necesse
