2513 3126
267 204 308 235 79

269 301 477 342 appellamus,
511 308 542 332 ct
573 306 657 331 reeta
689 308 902 338 provocamus
932 298 972 328 ad
996 297 1063 329 eius
1089 297 1238 330 tribunal.

270 344 384 376 Altera
401 350 459 383 ost,
483 343 557 374 dum
576 341 782 372 nominamus
798 351 848 372 res
866 341 1006 371 inaximo
1030 341 1121 372 nobis
1140 350 1240 380 caras,

268 389 304 418 ut
339 387 436 418 vitam
473 392 624 419 nostram,
659 390 715 414 aut
748 390 853 424 caput,
888 389 945 414 aut
974 383 1094 423 aliquid
1125 383 1240 416 simile.

267 430 388 467 Tertia,
420 429 494 459 dum
518 431 684 458 creaturas
707 427 882 458 statuimus
906 431 1004 458 testes
1027 436 1134 458 coram
1161 426 1237 458 Deo.

267 471 333 504 Sed
373 472 421 501 his
459 470 608 501 omnibus
647 469 749 500 modis
787 469 916 509 proprie
950 479 1014 500 nou
1050 479 1106 509 per
1141 468 1239 501 alium

269 525 363 554 quum
382 524 437 552 per
455 513 560 544 Deum
586 513 718 543 iuratur.
752 512 861 550 Quare
884 522 975 543 suam
1000 511 1238 552 improbitatem

268 567 331 588 non
349 557 456 587 miuus
473 565 568 595 quam
591 555 750 586 inscitiam
776 553 919 594 produnt
943 555 998 595 qui
1023 554 1146 586 licitum
1170 565 1240 587 esse

267 599 475 635 contendunt,
498 603 626 629 sanctos
649 604 793 629 mortuos
819 598 886 628 Deo
910 598 1097 637 adiungere,
1131 602 1168 629 ut
1190 598 1241 629 ius

267 641 331 672 illis
366 641 520 681 puniendi
557 641 727 671 deferatur.
783 640 957 672 Praeterea
991 640 1043 671 hic
1073 640 1162 672 locus
1191 640 1242 681 (ut

267 684 387 716 dictum
419 684 481 725 cst)
511 684 602 715 docct
633 683 771 723 aliquem
803 683 889 715 inter
912 683 1118 714 Christianos
1146 683 1239 715 iuris-

267 726 394 758 iurandi
427 737 520 758 usum
553 737 621 757 csse
650 726 839 765 legitimum.
885 726 980 765 Quod
1003 726 1240 757 observandum

267 773 315 801 est
347 774 461 801 contra
495 769 641 800 homiues
676 769 833 800 fanaticos
868 769 922 808 qni
953 769 1098 809 regulam
1129 774 1238 801 sancte

267 812 396 843 iurandi
426 823 521 852 quam
553 811 643 842 Deus
673 812 743 852 lege
771 822 830 843 sua
859 812 1076 852 praescripsit,
1108 811 1242 843 libenter

267 855 473 895 abrogarent.
526 854 609 885 Nam
645 854 811 894 apostolus
845 859 932 886 certe
967 854 1018 885 hic
1049 855 1088 885 de
1119 855 1242 886 ratione

267 898 395 929 iurandi
421 901 573 937 tanquam
599 897 637 927 de
662 907 696 928 re
720 898 772 937 pia
794 902 827 928 et
851 898 920 929 Deo
943 898 1078 937 probata
1101 897 1239 929 disserit.

267 941 370 971 Porro
400 951 464 971 non
497 940 575 971 dicit
604 939 681 970 olim
713 941 810 971 fuisse
839 940 872 971 in
897 951 966 981 usu,
989 940 1043 972 sed
1068 939 1173 973 adhuc
1197 941 1241 973 vi-

267 993 344 1025 gere
361 983 558 1023 pronuntiat.
598 981 648 1014 Sit
664 993 741 1024 crgo
765 983 826 1015 hoc
849 984 1026 1015 subsidium
1051 983 1241 1015 asserendae

266 1026 411 1058 veritatis
435 1025 490 1056 ubi
513 1036 572 1056 nos
595 1025 677 1057 aliae
701 1025 905 1065 probationes
929 1026 1093 1058 deficiunt.

352 1068 400 1099 17.
424 1067 514 1100 Deus
537 1068 640 1100 volens
663 1068 798 1100 uberius.
838 1069 888 1100 En
909 1079 1006 1109 quam
1026 1069 1242 1110 indulgenter,

265 1115 302 1142 ut
339 1111 498 1151 optimum
533 1114 658 1151 patrem
692 1111 797 1152 decet,
836 1123 870 1144 se
902 1112 993 1143 Deus
1027 1111 1242 1144 accommodet

264 1158 394 1185 nostrae
425 1154 581 1185 tarditati.
628 1154 714 1193 Quia
745 1165 802 1186 nos
826 1155 914 1186 videt
936 1154 1076 1195 simplici
1100 1165 1158 1187 suo
1180 1165 1243 1186 ser-

264 1197 353 1228 moni
385 1206 450 1227 non
482 1197 698 1236 acquiescere,
729 1202 764 1228 ut
792 1208 866 1229 eum
898 1197 1025 1238 plenius
1055 1198 1180 1230 sanciat
1209 1198 1242 1229 in

264 1239 412 1271 cordibus
447 1240 580 1277 nostris,
615 1240 704 1271 addit
734 1240 968 1272 iusiurandum.
1021 1240 1118 1273 Unde
1148 1241 1242 1272 etiam

264 1289 398 1322 apparet
427 1289 625 1322 quantopere
657 1288 767 1315 nostra
797 1284 934 1321 intersit,
967 1288 1092 1315 tantam
1115 1287 1243 1315 exstare

264 1324 491 1356 certitudinem
523 1327 592 1357 eius
621 1336 698 1367 erga
728 1337 786 1357 nos
813 1327 1066 1367 benevolentiae,
1094 1332 1131 1358 ut
1154 1326 1244 1358 nulla

264 1367 308 1399 sit
330 1367 470 1408 amplius
494 1368 668 1400 vacillandi
698 1373 753 1400 aut
776 1369 959 1410 trepidandi
982 1370 1114 1402 occasio.
1160 1369 1243 1401 Nam

265 1416 302 1442 ut
325 1410 415 1442 Deus
440 1414 530 1442 vetat
552 1421 670 1443 nomen
694 1422 790 1443 suum
813 1412 905 1443 nulla
921 1413 973 1444 vel
998 1413 1062 1444 levi
1087 1412 1126 1444 de
1148 1422 1244 1445 causa

265 1455 360 1492 sumi,
391 1464 604 1494 severamque
633 1454 784 1486 omnibus
813 1455 967 1487 ultionem
997 1455 1166 1487 denuntiat
1190 1455 1244 1496 qui

265 1506 302 1528 eo
336 1501 457 1528 temere
495 1497 586 1528 abusi
623 1497 761 1536 fuerint,
799 1500 836 1529 ut
873 1499 1087 1530 reverentiam
1127 1498 1244 1529 deferri

265 1539 422 1579 praecipit
456 1540 525 1571 eius
559 1540 738 1572 maiestati:
774 1541 820 1572 ita
853 1541 912 1572 sibi
947 1542 980 1572 in
1015 1551 1141 1573 summo
1175 1551 1244 1572 esse

266 1582 370 1622 pretio
400 1593 437 1614 ac
471 1582 593 1614 honore
626 1583 725 1615 docet.
779 1584 969 1616 Necessaria
1003 1595 1080 1625 ergo
1114 1594 1165 1616 res
1195 1588 1244 1616 est

267 1624 381 1656 salutis
407 1625 578 1664 certitudo,
609 1627 699 1658 cuius
722 1627 902 1659 fulciendae
925 1637 1022 1659 causa
1044 1629 1152 1659 iurare
1175 1627 1243 1668 dig-

265 1671 362 1699 natur
392 1667 420 1699 is
449 1669 502 1708 qui
533 1673 653 1700 temere
680 1670 788 1701 iurare
811 1670 969 1710 prohibet.
1014 1670 1124 1710 Atque
1147 1670 1243 1702 etiam

268 1710 345 1742 hinc
373 1710 526 1752 colligere
557 1711 630 1743 licet
653 1713 764 1752 quanti
789 1713 831 1744 sit
854 1713 900 1744 illi
924 1718 1035 1744 nostra
1059 1714 1161 1745 salus:
1193 1714 1245 1746 cui

267 1757 304 1784 ut
326 1753 485 1792 consulat,
509 1764 575 1785 non
600 1756 693 1786 modo
712 1755 931 1787 incredulitati
948 1760 1078 1788 nostrae
1096 1756 1243 1797 ignoscit,

267 1796 322 1828 sed
354 1796 424 1828 iure
454 1807 513 1828 suo
542 1797 670 1837 cedens,
700 1799 855 1839 nobisque
884 1799 981 1840 longe
1004 1799 1077 1840 plus
1101 1799 1245 1831 tribuens

267 1848 365 1879 quam
389 1845 587 1879 oportuerat,
611 1841 744 1872 comiter
768 1841 924 1873 medetur.

353 1881 561 1914 Haeredz'bus.
607 1883 747 1915 Videtur
774 1884 978 1924 peculiariter
1002 1885 1170 1926 designare
1193 1884 1244 1917 Iu-

268 1923 372 1956 daeos
429 1926 573 1957 Tametsi
607 1926 694 1957 enim
729 1927 768 1957 ad
803 1933 916 1968 gentes
954 1938 1080 1969 quoque
1114 1928 1244 1960 tandem

267 1968 415 2007 pervenit
438 1968 629 2007 haereditas,
652 1968 698 2000 illi
721 1973 830 2001 tamen
854 1971 903 2002 sui
926 1975 959 2002 et
975 1971 1069 2011 primi
1092 1971 1244 2012 legitimi-

268 2019 330 2050 que
354 2010 508 2042 haeredes
531 2011 681 2042 fuerunt:
707 2012 740 2043 hi
763 2017 873 2044 autem
892 2015 1039 2046 extranei
1056 2018 1088 2045 et
1103 2014 1244 2053 secundi,

268 2063 305 2084 ac
328 2058 457 2093 praeter
479 2055 531 2085 ius
553 2060 690 2086 naturae
713 2056 799 2086 facti.
839 2056 894 2088 Sic
910 2057 1028 2088 Petrus
1050 2057 1124 2088 Act.
1141 2057 1169 2096 2,
1193 2057 1242 2095 29,

271 2094 408 2127 Iudaeos
432 2096 598 2137 alloquens
621 2097 655 2128 in
672 2098 777 2138 prima
796 2110 855 2131 sua
877 2100 1046 2138 concione;
1072 2100 1171 2141 vobis,
1194 2100 1243 2131 in-

269 2138 349 2179 quit,
380 2142 413 2170 et
443 2139 517 2170 filiis
541 2140 658 2172 vestris
682 2141 766 2172 facta
788 2147 837 2173 est
860 2143 1038 2182 promissio,
1070 2148 1103 2174 et
1125 2143 1165 2174 iis
1188 2143 1243 2183 qui

269 2180 366 2222 longe
393 2186 469 2213 sunt
492 2192 572 2222 quos
596 2182 758 2215 Dominus
782 2184 998 2217 advocaverit.
1043 2185 1243 2218 Adventitiis

270 2224 402 2263 quidem
444 2225 636 2256 haeredibus
676 2226 808 2267 reliquit
849 2228 968 2266 locum,
1014 2229 1069 2260 sed
1108 2228 1244 2260 Iudaeos

269 2267 382 2298 statuit
412 2268 445 2298 in
475 2268 581 2308 primo
611 2269 733 2300 ordine.
780 2270 1063 2309 Quemadmodum
1087 2276 1119 2303 et
1141 2272 1243 2312 capite

270 2309 299 2353 ξ),
321 2310 378 2341 25:
401 2321 459 2342 vos
475 2311 553 2342 estis
569 2312 627 2342 filii
652 2312 884 2352 prophetarum
909 2318 941 2345 et
964 2315 1160 2353 testamenti,
1184 2318 1243 2345 etc.

272 2352 327 2384 Sic
361 2357 393 2383 et
415 2353 569 2386 hocloco
602 2355 781 2395 apostolus,
814 2362 849 2387 ut
881 2357 1095 2397 promptiores
1128 2357 1244 2388 habeat

271 2394 410 2427 Iudaeos
449 2397 490 2428 ad
527 2397 748 2437 recipiendum
788 2399 915 2439 foedus,
955 2410 1066 2431 eorum
1103 2400 1243 2431 maxime

271 2447 368 2469 causa
391 2439 599 2471 iureiurando
621 2441 813 2480 interposito
836 2443 995 2474 sancitum
1019 2443 1117 2475 fuisse
1140 2443 1242 2474 docet.

273 2478 475 2528 Quamquam
496 2482 590 2514 hodie
614 2484 653 2515 ad
677 2493 736 2515 nos
760 2495 885 2525 quoque
909 2486 1051 2525 pertinet
1072 2486 1150 2517 haec
1173 2495 1243 2516 sen-

273 2526 391 2555 tentia:
421 2526 497 2563 quia
528 2525 561 2557 in
590 2526 696 2558 locum
728 2527 872 2567 ipsorum
904 2528 1129 2560 incredulitate
1151 2527 1241 2559 relic-

274 2568 343 2596 tum
378 2576 490 2597 sumus
523 2568 673 2610 ingressi.
724 2569 874 2601 Observa
907 2571 1131 2602 consilium
1166 2571 1243 2602 Dei

274 2608 390 2655 vocari,
414 2608 453 2640 de
474 2619 536 2649 quo
559 2611 651 2644 nobis
673 2613 896 2645 testimonium
918 2614 954 2644 in
977 2614 1149 2655 evangelio
1170 2613 1243 2644 red·

275 2649 372 2682 ditur.
419 2651 468 2683 Ne
497 2653 568 2692 quis
597 2654 723 2687 dubitet
753 2655 837 2687 hanc
861 2656 1041 2688 doctrinam
1064 2667 1106 2688 ex
1128 2656 1242 2687 intimo

1015 200 1154 231 lcl‘ls'r.
1179 202 1242 232 Al)
1268 202 1518 234 lllsslnxAlssos

2227 208 2270 240 80

1293 300 1353 330 Dei
1393 301 1506 331 aflectu
1547 309 1615 330 csse
1654 299 1886 340 depromptam.
1950 300 2012 333 Sed
2042 302 2150 341 potius
2190 307 2268 336 certo

1291 345 1431 374 statuant
1454 343 1569 381 fideles,
1595 343 1712 382 quoties
1735 344 1867 375 audiunt
1890 344 2042 385 evanyelii
2063 355 2171 382 vocem,
2193 357 2268 386 pro-

1291 385 1429 425 mulyari
1451 385 1512 415 sibi
1535 395 1686 416 arcanum
1709 385 1774 417 Dei
1796 387 1959 419 consilium
1982 388 2062 426 quod
2088 388 2175 428 apud
2198 399 2268 421 eum

1291 427 1419 459 latebat:
1447 430 1537 466 atque
1567 427 1639 459 hinc
1663 429 1774 467 palam
1796 430 1865 464 sieri
1885 429 1961 469 quid
1982 430 2019 461 de
2041 430 2139 462 salute
2160 434 2267 463 nom-a

1266 488 1268 496 ›
1293 474 1362 501 (mle
1386 470 1492 501 mwzdi
1515 470 1696 502 creationem
1718 472 1890 503 decreverit.

1382 513 1428 544 18.
1462 512 1524 544 Per
1556 513 1638 545 duas
1670 524 1720 545 res
1753 514 1968 546 immutabiles.
2021 515 2058 546 In
2097 515 2166 546 Deo
2201 522 2266 549 tam

1294 555 1399 587 dicore
1415 566 1510 595 quam
1528 557 1645 593 iurare,
1670 557 1870 589 immutabile
1895 561 1956 589 est:
1983 557 2150 589 hominum
2173 559 2266 599 longe

1293 599 1356 629 alia
1385 603 1469 629 esset
1500 599 1591 630 ratio.
1638 599 1731 631 Facit
1754 601 1837 631 enim
1864 611 1976 632 eorum
2003 601 2132 632 vanitas
2156 609 2190 633 ut
2214 613 2266 642 pa-

1294 652 1364 672 rum
1398 641 1511 672 firmus
1541 642 1582 672 sit
1613 652 1724 673 corum
1756 653 1870 675 sermo.
1915 644 1959 674 At
1990 644 2051 675 Dei
2082 654 2188 676 sermo
2217 645 2267 677 his

1294 684 1405 724 elogiis
1439 688 1583 723 ornatur,
1617 685 1700 725 quod
1736 695 1836 726 purus
1869 687 1910 717 sit
1944 691 1975 717 ct
2010 692 2120 718 castus
2151 687 2267 720 similis

1294 737 1371 758 auro
1401 727 1518 766 septies
1549 735 1695 767 purgato.
1742 728 1829 767 Quin
1858 734 1890 760 et
1913 729 2048 761 Balaam
2073 740 2172 769 quum
2197 740 2268 770 pro-

1295 771 1397 801 fessus
1431 769 1533 801 hostis
1567 778 1667 810 esset,
1701 772 1922 803 testimonium
1958 772 2017 803 hoc
2052 772 2098 803 illi
2132 772 2268 805 reddere

1294 813 1437 852 cogitur:
1467 823 1530 844 non
1561 818 1610 845 est
1633 813 1725 844 Deus
1756 814 1870 845 similis
1902 814 1974 846 filiis
2006 814 2175 846 hominum
2212 816 2268 856 qui

1295 856 1484 886 mentiatur:
1520 866 1578 887 noc
1607 856 1712 887 instar
1744 856 1912 888 hominum
1944 863 1980 889 ut
2011 859 2123 889 variet.
2170 858 2267 890 Dixit

1294 909 1379 939 erg0‚
1408 903 1441 928 ct
1464 908 1529 929 non
1554 898 1667 930 faciet?
1699 899 1852 939 loquutus
1876 905 1933 938 est,
1957 905 1990 931 et
2012 911 2074 932 non
2099 901 2266 940 implebit?

1295 941 1412 972 Nume.
1436 941 1487 976 23,
1520 941 1570 972 19.
1617 941 1705 982 Ergo
1735 951 1840 972 sermo
1867 942 1927 973 Dei
1954 946 2043 975 certa
2066 949 2114 975 est
2138 944 2266 985 veritas,

1294 985 1347 1015 καὶ
1382 983 1583 1021 αὐτὸπιστοςτ
1619 994 1717 1024 quum
1756 995 1830 1015 vero
1866 984 1997 1016 additur
2033 986 2268 1028 iusiurandum,

1295 1031 1384 1067 quasi
1408 1027 1556 1058 cumulus
1580 1027 1619 1058 ad
1643 1027 1770 1067 plenam
1795 1037 1979 1059 mensuram
2005 1029 2135 1060 accedit.
2181 1029 2269 1062 Hinc

1296 1070 1385 1101 nobis
1416 1070 1526 1101 valida
1555 1069 1740 1107 consolatio,
1776 1070 1862 1110 quod
1885 1070 1976 1102 Deus
2007 1071 2060 1111 qui
2092 1071 2203 1104 fallere
2224 1073 2270 1104 lo-

1295 1113 1421 1153 quendo
1439 1123 1503 1144 non
1527 1117 1643 1153 potest,
1665 1113 1858 1153 promittere
1882 1124 1947 1144 non
1970 1118 2149 1152 contentus,
2174 1115 2271 1147 etiam

1294 1157 1389 1187 iurat.

1383 1198 1451 1230 Nos
1474 1199 1528 1239 qui
1549 1198 1755 1240 confugimus.
1793 1199 1864 1231 Hoc
1887 1199 1986 1231 verbo
2009 1199 2180 1240 significat,
2203 1210 2269 1232 non

1297 1241 1389 1273 aliter
1419 1242 1489 1273 Deo
1524 1252 1600 1273 vere
1635 1252 1693 1273 nos
1724 1242 1832 1279 fidere,
1867 1252 1963 1282 quam
1995 1242 2070 1273 dum
2102 1243 2272 1283 praesidiis

1297 1284 1442 1316 omnibus
1465 1285 1537 1316 aliis
1560 1284 1705 1316 destituti
1731 1284 1769 1315 ad
1787 1284 1921 1316 solidam
1938 1285 2007 1316 eius
2023 1286 2270 1325 promissionem

1297 1327 1511 1368 confugimus,
1536 1332 1567 1359 et
1583 1328 1757 1359 statuimus
1774 1328 1840 1359 illic
1859 1327 1951 1359 nobis
1974 1328 2108 1360 unicum
2132 1329 2269 1370 asylum.

1297 1371 1385 1411 Ergo
1408 1371 1439 1401 in
1464 1371 1635 1411 participio
1657 1371 1906 1412 καταφύγεντες,
1934 1370 2128 1411 exprimitur
2159 1377 2272 1404 nostra

1298 1413 1406 1454 inopia
1423 1418 1455 1445 et
1474 1414 1666 1445 necessitas:
1691 1415 1766 1454 quia
1790 1425 1854 1444 non
1878 1414 2081 1454 confugimus
2105 1413 2146 1445 ad
2163 1413 2271 1446 Deum

1298 1456 1358 1488 nisi
1381 1467 1419 1488 ea
1442 1457 1553 1488 coacti.
1599 1455 1664 1489 Sed
1689 1467 1788 1497 quum
1812 1456 1911 1495 addit,
1941 1456 1986 1487 ad
2010 1457 2270 1497 propositam

1297 1510 1420 1540 spem,
1451 1500 1612 1540 significat
1640 1511 1702 1531 non
1729 1499 1837 1540 procul
1861 1499 2082 1538 quaerendum
2105 1510 2176 1531 esse
2198 1499 2272 1531 sub-

1297 1543 1412 1573 sidium
1443 1553 1505 1583 quo
1535 1543 1727 1584 indigemus,
1759 1543 1833 1583 quia
1857 1542 1947 1573 Deus
1973 1547 2089 1583 sponte
2112 1547 2272 1583 occurrat,

1296 1590 1328 1616 et
1344 1586 1435 1617 nobis
1451 1586 1542 1626 quasi
1565 1585 1599 1617 in
1623 1595 1756 1617 manum
1779 1585 1925 1626 porrigat
1946 1585 2067 1616 fidendi
2090 1585 2271 1624 materiam,

1297 1628 1401 1660 Sicuti
1433 1634 1539 1659 autem
1572 1628 1632 1660 hac
1656 1628 1819 1660 sententia
1842 1629 1987 1659 animare
2010 1628 2111 1659 voluit
2134 1628 2271 1659 Iudaeos

1297 1671 1335 1702 ad
1353 1671 1613 1712 amplectendum
1637 1671 1851 1712 evangelium,
1876 1671 1931 1702 uhi
1953 1670 2019 1701 illis
2042 1670 2130 1702 salus
2153 1671 2268 1702 offere-

1298 1714 1402 1745 batur:
1434 1715 1479 1745 ita
1506 1714 1681 1746 incredulis
1703 1714 1946 1746 excusationem
1970 1713 2103 1745 sustulit
2125 1714 2180 1754 qui
2204 1719 2271 1745 tam

1299 1761 1501 1797 praesentem
1518 1757 1656 1798 gratiam
1674 1762 1873 1798 respuerent.
1910 1757 1955 1788 Et
1971 1762 2058 1788 certe
2081 1756 2140 1788 hoc
2161 1756 2270 1789 verius

1298 1801 1359 1832 diei
1394 1801 1497 1840 potuit
1531 1806 1603 1841 post
1637 1800 1800 1840 evangelii
1833 1799 2065 1832 revelationem
2104 1809 2198 1840 quam
2236 1799 2271 1830 in

1299 1843 1556 1884 promulgatione
1586 1843 1677 1884 legis,
1711 1843 1785 1874 Non
1816 1848 1866 1874 est
1893 1842 1979 1883 quod
2002 1842 2089 1874 dicas
2113 1842 2271 1883 amplius:

1299 1886 1375 1926 quid
1391 1886 1566 1918 adscendet
1581 1887 1615 1917 in
1632 1885 1768 1926 coelum,
1784 1890 1841 1917 aut
1857 1886 1927 1926 quis
1943 1884 2116 1917 descendet
2132 1885 2166 1916 in
2179 1885 2272 1926 abys-

1299 1939 1379 1968 sum,
1403 1934 1459 1960 aut
1482 1930 1555 1969 quis
1579 1930 1716 1961 traiiciet
1746 1928 1856 1960 mare?
1887 1938 1986 1969 prope
2009 1933 2058 1960 est
2082 1928 2216 1960 verbum
2237 1929 2271 1959 in

1299 1982 1353 2003 ore
1376 1977 1430 2003 tuo
1455 1978 1486 2003 et
1509 1973 1542 2003 in
1566 1972 1660 2004 corde
1682 1976 1736 2003 tuo
1756 1971 1868 2013 (Dent.
1886 1971 1936 2010 30,
1962 1971 2015 2010 12;
2040 1971 2135 2002 Rom.
2154 1971 2205 2011 10,
2227 1970 2270 2012 6).

1298 2014 1469 2046 Caeterum
1493 2015 1528 2046 in
1552 2015 1710 2047 vocabulo
1733 2015 1801 2055 spei
1823 2019 1872 2045 est
1894 2015 2105 2056 metonymia,
2137 2014 2270 2045 effectus

1297 2058 1382 2088 enim
1415 2068 1473 2098 pro
1503 2068 1599 2090 causa
1622 2058 1787 2098 accipitur.
1833 2057 1917 2088 Nam
1941 2067 2000 2099 ego
2023 2057 2269 2098 promissionem

1297 2100 1443 2141 intelligo
1469 2101 1521 2133 cui
1544 2112 1617 2142 spes
1640 2106 1751 2132 nostra
1773 2100 1935 2132 innititur.
1981 2099 2096 2140 Neque
2119 2099 2205 2130 enim
2229 2099 2270 2130 iis

1297 2144 1457 2175 assentior
1475 2144 1530 2184 qui
1550 2155 1639 2184 spem
1661 2144 1824 2184 accipiunt
1847 2153 1904 2184 pro
1927 2153 1962 2174 re
1984 2147 2127 2184 sperata:
2150 2142 2214 2173 imo
2237 2145 2270 2173 et

1297 2186 1356 2217 hoc
1383 2186 1479 2218 simul
1508 2186 1693 2218 addendum
1722 2191 1780 2225 est,
1811 2196 1877 2217 non
1908 2185 1994 2226 loqui
2023 2184 2205 2225 apostolum
2230 2183 2270 2215 de

1297 2230 1507 2269 promissione
1537 2229 1626 2261 nuda
1655 2229 1708 2261 vel
1737 2230 1771 2260 iu
1801 2239 1873 2261 aere
1905 2238 2070 2269 suspensa,
2105 2227 2161 2258 sed
2184 2237 2267 2267 quae

1297 2271 1359 2304 fide
1382 2283 1401 2303 a
1424 2273 1515 2304 nobis
1538 2273 1710 2313 recipitur:
1733 2276 1790 2303 aut
1812 2272 1837 2304 si
1862 2272 1965 2303 mavis
1981 2280 2046 2301 uno
2061 2270 2171 2308 verbo,
2194 2280 2268 2310 spes

1298 2314 1348 2346 hic
1378 2315 1541 2356 significat
1570 2315 1818 2356 promissionem
1848 2314 1911 2346 fide
1937 2313 2182 2354 apprehensam.
2227 2312 2268 2344 In

1298 2357 1393 2389 verbo
1409 2362 1578 2399 κρατῆσαι,
1602 2359 1687 2390 sicut
1701 2358 1735 2389 in
1759 2357 1890 2389 nomine
1911 2356 1990 2396 spei,
2016 2355 2152 2387 eandem
2171 2364 2268 2396 quam

1296 2401 1384 2439 prius
1407 2403 1625 2433 constantiam
1648 2404 1746 2432 notat.

1384 2443 1432 2476 19.
1461 2444 1563 2483 Quam
1589 2444 1684 2476 veluti
1711 2452 1866 2475 ancoram.
1914 2441 2056 2482 Elegans
2079 2440 2266 2478 similitudo,

1297 2485 1372 2517 dum
1403 2486 1501 2518 fidem
1531 2487 1632 2518 verbo
1655 2486 1717 2517 Dei
1747 2485 1893 2516 innixam
1924 2494 2062 2516 ancorae
2092 2487 2269 2524 comparat.

1295 2527 1377 2560 Nam
1408 2534 1495 2561 certe
1525 2529 1678 2570 quamdiu
1707 2528 1955 2568 peregrinamur
1984 2527 2018 2558 in
2048 2526 2108 2558 hoc
2136 2526 2268 2564 munde,

1296 2581 1359 2602 non
1393 2576 1518 2603 stamus
1550 2572 1586 2603 in
1619 2572 1714 2602 firma
1746 2575 1852 2602 terra:
1887 2570 1944 2601 sed
1975 2570 2069 2610 quasi
2098 2569 2132 2600 in
2161 2569 2267 2601 medio

1295 2614 1387 2653 mari,
1409 2619 1441 2646 et
1464 2614 1595 2656 quidem
1618 2613 1712 2646 valde
1735 2613 1921 2645 turbulento
1942 2613 2148 2644 fluctuamur.
2191 2612 2269 2644 Dia-

1297 2656 1388 2689 bolus
1409 2658 1495 2689 enim
1519 2657 1707 2689 innumeras
1730 2655 1886 2697 procellas
1909 2655 2053 2687 excitare
2075 2665 2139 2687 non
2154 2658 2267 2692 cessat.
