<?xml version="1.0" encoding="UTF-8"?>
<!DOCTYPE html PUBLIC "-//W3C//DTD XHTML 1.0 Transitional//EN"
    "http://www.w3.org/TR/xhtml1/DTD/xhtml1-transitional.dtd">
<html xmlns="http://www.w3.org/1999/xhtml" xml:lang="en" lang="en">
 <head>
  <title>
</title>
<meta http-equiv="Content-Type" content="text/html;charset=utf-8" />
  <meta name='ocr-system' content='tesseract 3.04.00' />
  <meta name='ocr-capabilities' content='ocr_page ocr_carea ocr_par ocr_line ocrx_word'/>
</head>
<body>
  <div class='ocr_page' id='page_1' title='image "./ioanniscalviniop55calv_0278.png"; bbox 0 0 2513 3126; ppageno 0'>
   <div class='ocr_carea' id='block_1_1' title="bbox 292 227 355 259">
    <p class='ocr_par' dir='ltr' id='par_1_1' title="bbox 292 227 355 259">
     <span class='ocr_line' id='line_1_1' title="bbox 292 227 355 259; baseline 0 0"><span class='ocrx_word' id='word_1_1' title='bbox 292 227 355 259; x_wconf 83' lang='lat'>479</span> 
     </span>
    </p>
   </div>
   <div class='ocr_carea' id='block_1_2' title="bbox 290 318 1264 1134">
    <p class='ocr_par' dir='ltr' id='par_1_2' title="bbox 290 318 1264 997">
     <span class='ocr_line' id='line_1_2' title="bbox 294 318 1263 362; baseline -0.007 -4"><span class='ocrx_word' id='word_1_2' title='bbox 294 325 437 359; x_wconf 79' lang='lat' dir='ltr'>Satanae</span> <span class='ocrx_word' id='word_1_3' title='bbox 466 327 498 355; x_wconf 89' lang='lat' dir='ltr'>ct</span> <span class='ocrx_word' id='word_1_4' title='bbox 530 322 700 362; x_wconf 88' lang='lat' dir='ltr'>impiorum</span> <span class='ocrx_word' id='word_1_5' title='bbox 730 319 870 351; x_wconf 85' lang='lat' dir='ltr'>fraudes.</span> <span class='ocrx_word' id='word_1_6' title='bbox 921 318 1061 352; x_wconf 87' lang='lat' dir='ltr'>Videtur</span> <span class='ocrx_word' id='word_1_7' title='bbox 1091 322 1200 351; x_wconf 89' lang='lat' dir='ltr'>tamen</span> <span class='ocrx_word' id='word_1_8' title='bbox 1230 320 1263 351; x_wconf 91' lang='lat' dir='ltr'>in</span> 
     </span>
     <span class='ocr_line' id='line_1_3' title="bbox 294 362 1264 404; baseline -0.005 -4"><span class='ocrx_word' id='word_1_9' title='bbox 294 368 416 400; x_wconf 88' lang='lat' dir='ltr'>lubrico</span> <span class='ocrx_word' id='word_1_10' title='bbox 446 366 561 404; x_wconf 85' lang='lat' dir='ltr'>locare,</span> <span class='ocrx_word' id='word_1_11' title='bbox 591 369 623 395; x_wconf 90' lang='lat' dir='ltr'>et</span> <span class='ocrx_word' id='word_1_12' title='bbox 652 363 744 404; x_wconf 80' lang='lat' dir='ltr'>quasi</span> <span class='ocrx_word' id='word_1_13' title='bbox 775 362 814 394; x_wconf 85' lang='lat' dir='ltr'>de</span> <span class='ocrx_word' id='word_1_14' title='bbox 844 362 899 394; x_wconf 86' lang='lat' dir='ltr'>filo</span> <span class='ocrx_word' id='word_1_15' title='bbox 921 362 1119 403; x_wconf 88' lang='lat' dir='ltr'>suspendere</span> <span class='ocrx_word' id='word_1_16' title='bbox 1148 362 1264 395; x_wconf 78' lang='lat' dir='ltr'>salutis</span> 
     </span>
     <span class='ocr_line' id='line_1_4' title="bbox 293 404 1262 446; baseline -0.005 -4"><span class='ocrx_word' id='word_1_17' title='bbox 293 415 424 442; x_wconf 87' lang='lat' dir='ltr'>nostrae</span> <span class='ocrx_word' id='word_1_18' title='bbox 446 406 684 444; x_wconf 83' lang='lat' dir='ltr'>certitudinem,</span> <span class='ocrx_word' id='word_1_19' title='bbox 708 415 808 446; x_wconf 89' lang='lat' dir='ltr'>quum</span> <span class='ocrx_word' id='word_1_20' title='bbox 828 404 977 437; x_wconf 87' lang='lat' dir='ltr'>fidelibus</span> <span class='ocrx_word' id='word_1_21' title='bbox 1001 405 1180 437; x_wconf 87' lang='lat' dir='ltr'>cavendum</span> <span class='ocrx_word' id='word_1_22' title='bbox 1209 405 1262 437; x_wconf 92' lang='lat' dir='ltr'>de-</span> 
     </span>
     <span class='ocr_line' id='line_1_5' title="bbox 293 447 1264 487; baseline -0.005 -2"><span class='ocrx_word' id='word_1_23' title='bbox 293 453 424 485; x_wconf 83' lang='lat' dir='ltr'>nuntiat</span> <span class='ocrx_word' id='word_1_24' title='bbox 451 460 492 482; x_wconf 86' lang='lat' dir='ltr'>ne</span> <span class='ocrx_word' id='word_1_25' title='bbox 522 461 541 482; x_wconf 87' lang='lat' dir='ltr'>a</span> <span class='ocrx_word' id='word_1_26' title='bbox 567 460 627 482; x_wconf 88' lang='lat' dir='ltr'>sua</span> <span class='ocrx_word' id='word_1_27' title='bbox 657 449 809 481; x_wconf 86' lang='lat' dir='ltr'>firmitate</span> <span class='ocrx_word' id='word_1_28' title='bbox 837 447 1000 480; x_wconf 85' lang='lat' dir='ltr'>excidant.</span> <span class='ocrx_word' id='word_1_29' title='bbox 1045 447 1132 487; x_wconf 81' lang='lat' dir='ltr'>Quid</span> <span class='ocrx_word' id='word_1_30' title='bbox 1155 452 1264 480; x_wconf 89' lang='lat' dir='ltr'>autem</span> 
     </span>
     <span class='ocr_line' id='line_1_6' title="bbox 294 491 1263 533; baseline -0.004 -6"><span class='ocrx_word' id='word_1_31' title='bbox 294 495 385 528; x_wconf 88' lang='lat' dir='ltr'>nobis</span> <span class='ocrx_word' id='word_1_32' title='bbox 408 494 472 532; x_wconf 89' lang='lat' dir='ltr'>fiet,</span> <span class='ocrx_word' id='word_1_33' title='bbox 495 493 522 525; x_wconf 87' lang='lat' dir='ltr'>si</span> <span class='ocrx_word' id='word_1_34' title='bbox 538 492 673 525; x_wconf 88' lang='lat' dir='ltr'>cadendi</span> <span class='ocrx_word' id='word_1_35' title='bbox 690 491 832 532; x_wconf 88' lang='lat' dir='ltr'>periculo</span> <span class='ocrx_word' id='word_1_36' title='bbox 851 491 1078 523; x_wconf 75' lang='lat' dir='ltr'>subiacemus?</span> <span class='ocrx_word' id='word_1_37' title='bbox 1115 491 1263 533; x_wconf 84' lang='lat' dir='ltr'>Respon—</span> 
     </span>
     <span class='ocr_line' id='line_1_7' title="bbox 294 534 1264 575; baseline -0.002 -6"><span class='ocrx_word' id='word_1_38' title='bbox 294 538 368 575; x_wconf 89' lang='lat' dir='ltr'>deo,</span> <span class='ocrx_word' id='word_1_39' title='bbox 401 536 486 568; x_wconf 87' lang='lat' dir='ltr'>hanc</span> <span class='ocrx_word' id='word_1_40' title='bbox 519 535 778 568; x_wconf 77' lang='lat' dir='ltr'><strong>exhortationem</strong></span> <span class='ocrx_word' id='word_1_41' title='bbox 814 537 846 566; x_wconf 89' lang='lat' dir='ltr'>et</span> <span class='ocrx_word' id='word_1_42' title='bbox 878 534 1001 566; x_wconf 77' lang='lat' dir='ltr'>similes</span> <span class='ocrx_word' id='word_1_43' title='bbox 1034 534 1167 566; x_wconf 87' lang='lat' dir='ltr'>minime</span> <span class='ocrx_word' id='word_1_44' title='bbox 1201 534 1264 567; x_wconf 87' lang='lat' dir='ltr'>huc</span> 
     </span>
     <span class='ocr_line' id='line_1_8' title="bbox 293 577 1264 621; baseline -0.003 -10"><span class='ocrx_word' id='word_1_45' title='bbox 293 583 437 621; x_wconf 86' lang='lat' dir='ltr'>spectare</span> <span class='ocrx_word' id='word_1_46' title='bbox 468 583 504 611; x_wconf 92' lang='lat' dir='ltr'>ut</span> <span class='ocrx_word' id='word_1_47' title='bbox 533 578 626 610; x_wconf 91' lang='lat' dir='ltr'>nobis</span> <span class='ocrx_word' id='word_1_48' title='bbox 654 577 731 609; x_wconf 89' lang='lat' dir='ltr'>fidoi</span> <span class='ocrx_word' id='word_1_49' title='bbox 761 577 968 610; x_wconf 76' lang='lat' dir='ltr'>securitatem</span> <span class='ocrx_word' id='word_1_50' title='bbox 992 577 1160 609; x_wconf 76' lang='lat' dir='ltr'>excutiant</span> <span class='ocrx_word' id='word_1_51' title='bbox 1182 588 1264 618; x_wconf 88' lang='lat' dir='ltr'>quae</span> 
     </span>
     <span class='ocr_line' id='line_1_9' title="bbox 291 620 1263 659; baseline -0.003 -5"><span class='ocrx_word' id='word_1_52' title='bbox 291 624 325 654; x_wconf 92' lang='lat' dir='ltr'>in</span> <span class='ocrx_word' id='word_1_53' title='bbox 349 621 457 654; x_wconf 87' lang='lat' dir='ltr'>Deum</span> <span class='ocrx_word' id='word_1_54' title='bbox 486 621 655 659; x_wconf 84' lang='lat' dir='ltr'>recumbit,</span> <span class='ocrx_word' id='word_1_55' title='bbox 684 620 741 653; x_wconf 90' lang='lat' dir='ltr'>sed</span> <span class='ocrx_word' id='word_1_56' title='bbox 764 624 801 652; x_wconf 92' lang='lat' dir='ltr'>ut</span> <span class='ocrx_word' id='word_1_57' title='bbox 823 621 929 651; x_wconf 89' lang='lat' dir='ltr'>carnis</span> <span class='ocrx_word' id='word_1_58' title='bbox 952 622 1084 652; x_wconf 87' lang='lat' dir='ltr'>nostrae</span> <span class='ocrx_word' id='word_1_59' title='bbox 1107 620 1263 652; x_wconf 86' lang='lat' dir='ltr'>desidiam</span> 
     </span>
     <span class='ocr_line' id='line_1_10' title="bbox 292 662 1264 706; baseline -0.002 -9"><span class='ocrx_word' id='word_1_60' title='bbox 292 665 465 706; x_wconf 84' lang='lat' dir='ltr'>corrigant.</span> <span class='ocrx_word' id='word_1_61' title='bbox 512 664 586 704; x_wconf 86' lang='lat' dir='ltr'>Qua</span> <span class='ocrx_word' id='word_1_62' title='bbox 609 663 648 695; x_wconf 92' lang='lat' dir='ltr'>de</span> <span class='ocrx_word' id='word_1_63' title='bbox 671 673 706 695; x_wconf 89' lang='lat' dir='ltr'>re</span> <span class='ocrx_word' id='word_1_64' title='bbox 728 663 756 695; x_wconf 88' lang='lat' dir='ltr'>si</span> <span class='ocrx_word' id='word_1_65' title='bbox 775 663 847 704; x_wconf 85' lang='lat' dir='ltr'>quis</span> <span class='ocrx_word' id='word_1_66' title='bbox 869 662 966 703; x_wconf 86' lang='lat' dir='ltr'>plura</span> <span class='ocrx_word' id='word_1_67' title='bbox 983 662 1152 704; x_wconf 88' lang='lat' dir='ltr'>desideret,</span> <span class='ocrx_word' id='word_1_68' title='bbox 1176 667 1264 704; x_wconf 84' lang='lat' dir='ltr'>petat</span> 
     </span>
     <span class='ocr_line' id='line_1_11' title="bbox 291 705 1264 748; baseline -0.002 -8"><span class='ocrx_word' id='word_1_69' title='bbox 291 719 332 740; x_wconf 85' lang='lat' dir='ltr'>ex</span> <span class='ocrx_word' id='word_1_70' title='bbox 364 708 488 740; x_wconf 85' lang='lat' dir='ltr'>decimo</span> <span class='ocrx_word' id='word_1_71' title='bbox 518 707 635 748; x_wconf 88' lang='lat' dir='ltr'>prioris</span> <span class='ocrx_word' id='word_1_72' title='bbox 666 706 706 738; x_wconf 88' lang='lat' dir='ltr'>ad</span> <span class='ocrx_word' id='word_1_73' title='bbox 730 705 879 738; x_wconf 78' lang='lat' dir='ltr'>Corinth.</span> <span class='ocrx_word' id='word_1_74' title='bbox 902 715 972 747; x_wconf 88' lang='lat' dir='ltr'>cap.</span> <span class='ocrx_word' id='word_1_75' title='bbox 1018 705 1155 738; x_wconf 84' lang='lat' dir='ltr'>Summa</span> <span class='ocrx_word' id='word_1_76' title='bbox 1185 706 1264 738; x_wconf 87' lang='lat' dir='ltr'>haec</span> 
     </span>
     <span class='ocr_line' id='line_1_12' title="bbox 291 747 1263 791; baseline -0.002 -9"><span class='ocrx_word' id='word_1_77' title='bbox 291 756 354 789; x_wconf 81' lang='lat' dir='ltr'>est,</span> <span class='ocrx_word' id='word_1_78' title='bbox 389 750 541 791; x_wconf 80' lang='lat' dir='ltr'>quamdiu</span> <span class='ocrx_word' id='word_1_79' title='bbox 575 759 671 782; x_wconf 84' lang='lat' dir='ltr'>carne</span> <span class='ocrx_word' id='word_1_80' title='bbox 701 759 813 781; x_wconf 86' lang='lat' dir='ltr'>sumus</span> <span class='ocrx_word' id='word_1_81' title='bbox 843 747 1050 790; x_wconf 86' lang='lat' dir='ltr'>circumdati,</span> <span class='ocrx_word' id='word_1_82' title='bbox 1085 749 1263 791; x_wconf 72' lang='lat' dir='ltr'>urgendum</span> 
     </span>
     <span class='ocr_line' id='line_1_13' title="bbox 290 791 1264 833; baseline -0.004 -7"><span class='ocrx_word' id='word_1_83' title='bbox 290 803 361 826; x_wconf 90' lang='lat' dir='ltr'>esse</span> <span class='ocrx_word' id='word_1_84' title='bbox 390 798 536 825; x_wconf 87' lang='lat' dir='ltr'>nostram</span> <span class='ocrx_word' id='word_1_85' title='bbox 563 791 769 824; x_wconf 80' lang='lat' dir='ltr'>tarditatem:</span> <span class='ocrx_word' id='word_1_86' title='bbox 799 791 895 833; x_wconf 89' lang='lat' dir='ltr'>idque</span> <span class='ocrx_word' id='word_1_87' title='bbox 918 796 991 832; x_wconf 87' lang='lat' dir='ltr'>apte</span> <span class='ocrx_word' id='word_1_88' title='bbox 1013 791 1085 824; x_wconf 90' lang='lat' dir='ltr'>fieri</span> <span class='ocrx_word' id='word_1_89' title='bbox 1108 802 1207 833; x_wconf 91' lang='lat' dir='ltr'>quum</span> <span class='ocrx_word' id='word_1_90' title='bbox 1231 795 1264 822; x_wconf 90' lang='lat' dir='ltr'>et</span> 
     </span>
     <span class='ocr_line' id='line_1_14' title="bbox 291 834 1263 876; baseline -0.004 -7"><span class='ocrx_word' id='word_1_91' title='bbox 291 841 402 869; x_wconf 89' lang='lat' dir='ltr'>nostra</span> <span class='ocrx_word' id='word_1_92' title='bbox 425 835 611 876; x_wconf 85' lang='lat' dir='ltr'>iufirmitas,</span> <span class='ocrx_word' id='word_1_93' title='bbox 634 838 667 866; x_wconf 89' lang='lat' dir='ltr'>et</span> <span class='ocrx_word' id='word_1_94' title='bbox 690 834 924 873; x_wconf 83' lang='lat' dir='ltr'>discriminum,</span> <span class='ocrx_word' id='word_1_95' title='bbox 947 844 1029 875; x_wconf 87' lang='lat' dir='ltr'>quae</span> <span class='ocrx_word' id='word_1_96' title='bbox 1051 845 1110 867; x_wconf 89' lang='lat' dir='ltr'>nos</span> <span class='ocrx_word' id='word_1_97' title='bbox 1125 835 1263 867; x_wconf 87' lang='lat' dir='ltr'>circum-</span> 
     </span>
     <span class='ocr_line' id='line_1_15' title="bbox 291 877 1262 919; baseline -0.003 -8"><span class='ocrx_word' id='word_1_98' title='bbox 291 883 389 918; x_wconf 81' lang='lat' dir='ltr'>stant,</span> <span class='ocrx_word' id='word_1_99' title='bbox 410 879 550 911; x_wconf 86' lang='lat' dir='ltr'>varietas</span> <span class='ocrx_word' id='word_1_100' title='bbox 566 878 658 910; x_wconf 90' lang='lat' dir='ltr'>nobis</span> <span class='ocrx_word' id='word_1_101' title='bbox 674 881 842 919; x_wconf 88' lang='lat' dir='ltr'>ponuntur</span> <span class='ocrx_word' id='word_1_102' title='bbox 858 882 934 909; x_wconf 86' lang='lat' dir='ltr'>ante</span> <span class='ocrx_word' id='word_1_103' title='bbox 950 877 1076 910; x_wconf 86' lang='lat' dir='ltr'>oculos:</span> <span class='ocrx_word' id='word_1_104' title='bbox 1099 882 1262 910; x_wconf 88' lang='lat' dir='ltr'>caeterum</span> 
     </span>
     <span class='ocr_line' id='line_1_16' title="bbox 291 919 1264 962; baseline -0.004 -8"><span class='ocrx_word' id='word_1_105' title='bbox 291 922 367 954; x_wconf 89' lang='lat' dir='ltr'>hinc</span> <span class='ocrx_word' id='word_1_106' title='bbox 404 922 539 953; x_wconf 87' lang='lat' dir='ltr'>minime</span> <span class='ocrx_word' id='word_1_107' title='bbox 572 919 760 953; x_wconf 88' lang='lat' dir='ltr'>labefactari</span> <span class='ocrx_word' id='word_1_108' title='bbox 794 920 947 952; x_wconf 88' lang='lat' dir='ltr'>fiduciam</span> <span class='ocrx_word' id='word_1_109' title='bbox 981 930 1062 962; x_wconf 85' lang='lat' dir='ltr'>quae</span> <span class='ocrx_word' id='word_1_110' title='bbox 1096 920 1159 952; x_wconf 92' lang='lat' dir='ltr'>Dei</span> <span class='ocrx_word' id='word_1_111' title='bbox 1192 930 1264 960; x_wconf 91' lang='lat' dir='ltr'>pro-</span> 
     </span>
     <span class='ocr_line' id='line_1_17' title="bbox 291 964 655 997; baseline -0.003 -1"><span class='ocrx_word' id='word_1_112' title='bbox 291 965 500 997; x_wconf 86' lang='lat' dir='ltr'>missionibus</span> <span class='ocrx_word' id='word_1_113' title='bbox 522 964 655 996; x_wconf 88' lang='lat' dir='ltr'>insistit.</span> 
     </span>
    </p>

    <p class='ocr_par' dir='ltr' id='par_1_3' title="bbox 290 1005 1263 1134">
     <span class='ocr_line' id='line_1_18' title="bbox 378 1005 1262 1048; baseline -0.002 -10"><span class='ocrx_word' id='word_1_114' title='bbox 378 1007 427 1038; x_wconf 90' lang='lat'>18.</span> <span class='ocrx_word' id='word_1_115' title='bbox 463 1006 594 1039; x_wconf 66' lang='lat' dir='ltr'>Crescite</span> <span class='ocrx_word' id='word_1_116' title='bbox 631 1008 733 1040; x_wconf 81' lang='lat' dir='ltr'>autem</span> <span class='ocrx_word' id='word_1_117' title='bbox 765 1006 800 1038; x_wconf 79' lang='lat' dir='ltr'>in</span> <span class='ocrx_word' id='word_1_118' title='bbox 827 1007 942 1048; x_wconf 73' lang='lat' dir='ltr'>qratia.</span> <span class='ocrx_word' id='word_1_119' title='bbox 996 1005 1048 1038; x_wconf 91' lang='lat' dir='ltr'>Ad</span> <span class='ocrx_word' id='word_1_120' title='bbox 1083 1006 1262 1046; x_wconf 84' lang='lat' dir='ltr'>profectum</span> 
     </span>
     <span class='ocr_line' id='line_1_19' title="bbox 291 1048 1263 1091; baseline -0.001 -10"><span class='ocrx_word' id='word_1_121' title='bbox 291 1050 390 1082; x_wconf 91' lang='lat' dir='ltr'>etiam</span> <span class='ocrx_word' id='word_1_122' title='bbox 414 1050 581 1082; x_wconf 89' lang='lat' dir='ltr'>hortatur:</span> <span class='ocrx_word' id='word_1_123' title='bbox 613 1050 689 1091; x_wconf 87' lang='lat' dir='ltr'>quia</span> <span class='ocrx_word' id='word_1_124' title='bbox 718 1049 798 1082; x_wconf 89' lang='lat' dir='ltr'>haec</span> <span class='ocrx_word' id='word_1_125' title='bbox 827 1050 924 1082; x_wconf 86' lang='lat' dir='ltr'>unica</span> <span class='ocrx_word' id='word_1_126' title='bbox 953 1052 1002 1081; x_wconf 87' lang='lat' dir='ltr'>est</span> <span class='ocrx_word' id='word_1_127' title='bbox 1032 1048 1263 1089; x_wconf 86' lang='lat' dir='ltr'>perseverandi</span> 
     </span>
     <span class='ocr_line' id='line_1_20' title="bbox 290 1091 1262 1134; baseline -0.002 -10"><span class='ocrx_word' id='word_1_128' title='bbox 290 1093 382 1132; x_wconf 83' lang='lat' dir='ltr'>ratio,</span> <span class='ocrx_word' id='word_1_129' title='bbox 414 1093 440 1126; x_wconf 89' lang='lat' dir='ltr'>si</span> <span class='ocrx_word' id='word_1_130' title='bbox 470 1093 600 1125; x_wconf 78' lang='lat' dir='ltr'>assidue</span> <span class='ocrx_word' id='word_1_131' title='bbox 622 1093 857 1134; x_wconf 86' lang='lat' dir='ltr'>progredimur,</span> <span class='ocrx_word' id='word_1_132' title='bbox 887 1101 948 1124; x_wconf 84' lang='lat' dir='ltr'>nec</span> <span class='ocrx_word' id='word_1_133' title='bbox 971 1091 1094 1124; x_wconf 88' lang='lat' dir='ltr'>resides</span> <span class='ocrx_word' id='word_1_134' title='bbox 1116 1091 1262 1124; x_wconf 88' lang='lat' dir='ltr'>subsisti-</span> 
     </span>
    </p>
   </div>
   <div class='ocr_carea' id='block_1_3' title="bbox 1111 221 1470 255">
    <p class='ocr_par' dir='ltr' id='par_1_4' title="bbox 1111 221 1470 255">
     <span class='ocr_line' id='line_1_21' title="bbox 1111 221 1470 255; baseline 0 -1"><span class='ocrx_word' id='word_1_135' title='bbox 1111 222 1254 255; x_wconf 73' lang='lat' dir='ltr'>EPIST.</span> <span class='ocrx_word' id='word_1_136' title='bbox 1277 221 1413 255; x_wconf 80' lang='lat' dir='ltr'>PETRI</span> <span class='ocrx_word' id='word_1_137' title='bbox 1436 221 1470 254; x_wconf 92' lang='lat'>11</span> 
     </span>
    </p>
   </div>
   <div class='ocr_carea' id='block_1_4' title="bbox 2223 224 2288 257">
    <p class='ocr_par' dir='ltr' id='par_1_5' title="bbox 2223 224 2288 257">
     <span class='ocr_line' id='line_1_22' title="bbox 2223 224 2288 257; baseline 0 -1"><span class='ocrx_word' id='word_1_138' title='bbox 2223 224 2288 257; x_wconf 87' lang='grc'>480</span> 
     </span>
    </p>
   </div>
   <div class='ocr_carea' id='block_1_5' title="bbox 1316 318 2290 960">
    <p class='ocr_par' dir='ltr' id='par_1_6' title="bbox 1317 318 2290 618">
     <span class='ocr_line' id='line_1_23' title="bbox 1318 318 2287 361; baseline 0.001 -10"><span class='ocrx_word' id='word_1_139' title='bbox 1318 329 1390 351; x_wconf 87' lang='lat' dir='ltr'>mus</span> <span class='ocrx_word' id='word_1_140' title='bbox 1419 319 1452 350; x_wconf 90' lang='lat' dir='ltr'>in</span> <span class='ocrx_word' id='word_1_141' title='bbox 1483 318 1587 352; x_wconf 91' lang='lat' dir='ltr'>medio</span> <span class='ocrx_word' id='word_1_142' title='bbox 1614 319 1747 351; x_wconf 86' lang='lat' dir='ltr'>itinere:</span> <span class='ocrx_word' id='word_1_143' title='bbox 1778 328 1815 352; x_wconf 87' lang='lat' dir='ltr'>ac</span> <span class='ocrx_word' id='word_1_144' title='bbox 1838 319 1865 350; x_wconf 87' lang='lat' dir='ltr'>si</span> <span class='ocrx_word' id='word_1_145' title='bbox 1889 318 2011 352; x_wconf 88' lang='lat' dir='ltr'>diceret</span> <span class='ocrx_word' id='word_1_146' title='bbox 2033 322 2120 351; x_wconf 88' lang='lat' dir='ltr'>tutos</span> <span class='ocrx_word' id='word_1_147' title='bbox 2143 319 2211 352; x_wconf 83' lang='lat' dir='ltr'>fore</span> <span class='ocrx_word' id='word_1_148' title='bbox 2233 321 2287 361; x_wconf 91' lang='lat' dir='ltr'>qui</span> 
     </span>
     <span class='ocr_line' id='line_1_24' title="bbox 1318 361 2287 403; baseline 0 -10"><span class='ocrx_word' id='word_1_149' title='bbox 1318 362 1351 394; x_wconf 90' lang='lat' dir='ltr'>in</span> <span class='ocrx_word' id='word_1_150' title='bbox 1383 361 1450 393; x_wconf 87' lang='lat' dir='ltr'>dies</span> <span class='ocrx_word' id='word_1_151' title='bbox 1480 362 1634 403; x_wconf 85' lang='lat' dir='ltr'>proficere</span> <span class='ocrx_word' id='word_1_152' title='bbox 1662 362 1803 394; x_wconf 90' lang='lat' dir='ltr'>student.</span> <span class='ocrx_word' id='word_1_153' title='bbox 1848 361 1975 393; x_wconf 90' lang='lat' dir='ltr'>Nomen</span> <span class='ocrx_word' id='word_1_154' title='bbox 2007 362 2132 403; x_wconf 87' lang='lat' dir='ltr'>gratiae</span> <span class='ocrx_word' id='word_1_155' title='bbox 2154 372 2287 403; x_wconf 84' lang='lat' dir='ltr'>genera.-</span> 
     </span>
     <span class='ocr_line' id='line_1_25' title="bbox 1318 404 2288 446; baseline 0.001 -10"><span class='ocrx_word' id='word_1_156' title='bbox 1318 405 1391 437; x_wconf 87' lang='lat' dir='ltr'>liter</span> <span class='ocrx_word' id='word_1_157' title='bbox 1414 414 1472 446; x_wconf 89' lang='lat' dir='ltr'>pro</span> <span class='ocrx_word' id='word_1_158' title='bbox 1494 404 1717 445; x_wconf 87' lang='lat' dir='ltr'>spiritualibus</span> <span class='ocrx_word' id='word_1_159' title='bbox 1741 404 1834 436; x_wconf 88' lang='lat' dir='ltr'>donis</span> <span class='ocrx_word' id='word_1_160' title='bbox 1857 404 1978 445; x_wconf 86' lang='lat' dir='ltr'>accipio</span> <span class='ocrx_word' id='word_1_161' title='bbox 2001 415 2084 446; x_wconf 87' lang='lat' dir='ltr'>quae</span> <span class='ocrx_word' id='word_1_162' title='bbox 2100 415 2158 446; x_wconf 86' lang='lat' dir='ltr'>per</span> <span class='ocrx_word' id='word_1_163' title='bbox 2174 404 2288 438; x_wconf 80' lang='lat' dir='ltr'>Chris-</span> 
     </span>
     <span class='ocr_line' id='line_1_26' title="bbox 1319 447 2289 488; baseline 0.001 -9"><span class='ocrx_word' id='word_1_164' title='bbox 1319 453 1386 479; x_wconf 89' lang='lat' dir='ltr'>tum</span> <span class='ocrx_word' id='word_1_165' title='bbox 1410 447 1646 488; x_wconf 87' lang='lat' dir='ltr'>consequimur.</span> <span class='ocrx_word' id='word_1_166' title='bbox 1691 447 1756 480; x_wconf 85' lang='lat' dir='ltr'>Sed</span> <span class='ocrx_word' id='word_1_167' title='bbox 1780 447 1933 488; x_wconf 85' lang='lat' dir='ltr'>quoniam</span> <span class='ocrx_word' id='word_1_168' title='bbox 1957 457 2016 488; x_wconf 88' lang='lat' dir='ltr'>pro</span> <span class='ocrx_word' id='word_1_169' title='bbox 2040 447 2115 480; x_wconf 90' lang='lat' dir='ltr'>fidei</span> <span class='ocrx_word' id='word_1_170' title='bbox 2135 457 2289 480; x_wconf 86' lang='lat' dir='ltr'>mensura</span> 
     </span>
     <span class='ocr_line' id='line_1_27' title="bbox 1318 489 2290 532; baseline -0.001 -9"><span class='ocrx_word' id='word_1_171' title='bbox 1318 491 1476 523; x_wconf 90' lang='lat' dir='ltr'>bonorum</span> <span class='ocrx_word' id='word_1_172' title='bbox 1491 489 1617 523; x_wconf 83' lang='lat' dir='ltr'>Christi</span> <span class='ocrx_word' id='word_1_173' title='bbox 1639 501 1751 523; x_wconf 89' lang='lat' dir='ltr'>sumus</span> <span class='ocrx_word' id='word_1_174' title='bbox 1770 490 1954 531; x_wconf 84' lang='lat' dir='ltr'>participes,</span> <span class='ocrx_word' id='word_1_175' title='bbox 1978 491 2105 532; x_wconf 88' lang='lat' dir='ltr'>gratiae</span> <span class='ocrx_word' id='word_1_176' title='bbox 2120 490 2290 523; x_wconf 86' lang='lat' dir='ltr'>subiicitur</span> 
     </span>
     <span class='ocr_line' id='line_1_28' title="bbox 1317 533 2290 575; baseline 0 -9"><span class='ocrx_word' id='word_1_177' title='bbox 1317 533 1476 575; x_wconf 87' lang='lat' dir='ltr'>cognitio:</span> <span class='ocrx_word' id='word_1_178' title='bbox 1505 543 1542 565; x_wconf 89' lang='lat' dir='ltr'>ao</span> <span class='ocrx_word' id='word_1_179' title='bbox 1569 534 1596 565; x_wconf 86' lang='lat' dir='ltr'>si</span> <span class='ocrx_word' id='word_1_180' title='bbox 1620 533 1764 573; x_wconf 83' lang='lat' dir='ltr'>dixisset,</span> <span class='ocrx_word' id='word_1_181' title='bbox 1794 538 1891 574; x_wconf 90' lang='lat' dir='ltr'>prout</span> <span class='ocrx_word' id='word_1_182' title='bbox 1913 536 2035 566; x_wconf 87' lang='lat' dir='ltr'>crescet</span> <span class='ocrx_word' id='word_1_183' title='bbox 2057 533 2149 574; x_wconf 87' lang='lat' dir='ltr'>fides,</span> <span class='ocrx_word' id='word_1_184' title='bbox 2175 543 2290 575; x_wconf 88' lang='lat' dir='ltr'>sequu-</span> 
     </span>
     <span class='ocr_line' id='line_1_29' title="bbox 1319 575 1959 618; baseline -0.002 -10"><span class='ocrx_word' id='word_1_185' title='bbox 1319 580 1391 608; x_wconf 86' lang='lat' dir='ltr'>tura</span> <span class='ocrx_word' id='word_1_186' title='bbox 1413 575 1511 608; x_wconf 89' lang='lat' dir='ltr'>simul</span> <span class='ocrx_word' id='word_1_187' title='bbox 1535 586 1603 608; x_wconf 87' lang='lat' dir='ltr'>esse</span> <span class='ocrx_word' id='word_1_188' title='bbox 1625 577 1750 618; x_wconf 85' lang='lat' dir='ltr'>gratiae</span> <span class='ocrx_word' id='word_1_189' title='bbox 1772 580 1959 617; x_wconf 85' lang='lat' dir='ltr'>augmenta.</span> 
     </span>
    </p>

    <p class='ocr_par' dir='ltr' id='par_1_7' title="bbox 1316 618 2290 960">
     <span class='ocr_line' id='line_1_30' title="bbox 1405 618 2290 661; baseline 0.001 -11"><span class='ocrx_word' id='word_1_190' title='bbox 1405 619 1477 659; x_wconf 78' lang='lat' dir='ltr'>Ipsi</span> <span class='ocrx_word' id='word_1_191' title='bbox 1509 618 1619 660; x_wconf 74' lang='lat' dir='ltr'>yloria,</span> <span class='ocrx_word' id='word_1_192' title='bbox 1652 621 1702 652; x_wconf 79' lang='lat' dir='ltr'>ete.</span> <span class='ocrx_word' id='word_1_193' title='bbox 1758 619 1893 660; x_wconf 85' lang='lat' dir='ltr'>Insigne</span> <span class='ocrx_word' id='word_1_194' title='bbox 1927 618 2067 661; x_wconf 88' lang='lat' dir='ltr'>elogium</span> <span class='ocrx_word' id='word_1_195' title='bbox 2100 618 2141 650; x_wconf 91' lang='lat' dir='ltr'>ad</span> <span class='ocrx_word' id='word_1_196' title='bbox 2174 618 2290 652; x_wconf 85' lang='lat' dir='ltr'>divini·</span> 
     </span>
     <span class='ocr_line' id='line_1_31' title="bbox 1318 661 2289 703; baseline 0.001 -10"><span class='ocrx_word' id='word_1_197' title='bbox 1318 665 1420 693; x_wconf 83' lang='lat' dir='ltr'>tatem</span> <span class='ocrx_word' id='word_1_198' title='bbox 1444 661 1567 694; x_wconf 83' lang='lat' dir='ltr'>Christi</span> <span class='ocrx_word' id='word_1_199' title='bbox 1590 661 1877 703; x_wconf 81' lang='lat' dir='ltr'>comprobandam:</span> <span class='ocrx_word' id='word_1_200' title='bbox 1901 672 2007 702; x_wconf 89' lang='lat' dir='ltr'>neque</span> <span class='ocrx_word' id='word_1_201' title='bbox 2029 662 2115 693; x_wconf 89' lang='lat' dir='ltr'>enim</span> <span class='ocrx_word' id='word_1_202' title='bbox 2141 661 2202 694; x_wconf 87' lang='lat' dir='ltr'>hoc</span> <span class='ocrx_word' id='word_1_203' title='bbox 2225 662 2289 694; x_wconf 91' lang='lat' dir='ltr'>nisi</span> 
     </span>
     <span class='ocr_line' id='line_1_32' title="bbox 1317 703 2290 745; baseline -0.001 -8"><span class='ocrx_word' id='word_1_204' title='bbox 1317 704 1377 737; x_wconf 89' lang='lat' dir='ltr'>soli</span> <span class='ocrx_word' id='word_1_205' title='bbox 1409 703 1480 736; x_wconf 89' lang='lat' dir='ltr'>Deo</span> <span class='ocrx_word' id='word_1_206' title='bbox 1514 705 1679 736; x_wconf 88' lang='lat' dir='ltr'>convenit.</span> <span class='ocrx_word' id='word_1_207' title='bbox 1732 705 1803 737; x_wconf 75' lang='lat' dir='ltr'>Hm:</span> <span class='ocrx_word' id='word_1_208' title='bbox 1829 705 1966 745; x_wconf 74' lang='lat' dir='ltr'>pertinet</span> <span class='ocrx_word' id='word_1_209' title='bbox 1993 704 2173 736; x_wconf 76' lang='lat' dir='ltr'>adverbium</span> <span class='ocrx_word' id='word_1_210' title='bbox 2196 714 2290 744; x_wconf 78' lang='lat' dir='ltr'>prae-</span> 
     </span>
     <span class='ocr_line' id='line_1_33' title="bbox 1317 747 2290 790; baseline 0 -11"><span class='ocrx_word' id='word_1_211' title='bbox 1317 747 1412 780; x_wconf 79' lang='lat' dir='ltr'>sentis</span> <span class='ocrx_word' id='word_1_212' title='bbox 1433 747 1579 788; x_wconf 72' lang='lat' dir='ltr'>temporis</span> <span class='ocrx_word' id='word_1_213' title='bbox 1590 747 1613 790; x_wconf 95' lang='lat'>¹)</span> <span class='ocrx_word' id='word_1_214' title='bbox 1642 758 1777 787; x_wconf 84' lang='lat' dir='ltr'>nunc,</span> <span class='ocrx_word' id='word_1_215' title='bbox 1807 758 1847 779; x_wconf 93' lang='lat' dir='ltr'>ne</span> <span class='ocrx_word' id='word_1_216' title='bbox 1870 747 2048 788; x_wconf 90' lang='lat' dir='ltr'>Christum,</span> <span class='ocrx_word' id='word_1_217' title='bbox 2076 747 2232 788; x_wconf 87' lang='lat' dir='ltr'>quamdiu</span> <span class='ocrx_word' id='word_1_218' title='bbox 2255 747 2290 779; x_wconf 84' lang='lat' dir='ltr'>in</span> 
     </span>
     <span class='ocr_line' id='line_1_34' title="bbox 1318 789 2289 831; baseline 0.001 -10"><span class='ocrx_word' id='word_1_219' title='bbox 1318 789 1434 822; x_wconf 92' lang='lat' dir='ltr'>mundi</span> <span class='ocrx_word' id='word_1_220' title='bbox 1471 789 1587 821; x_wconf 86' lang='lat' dir='ltr'>militia</span> <span class='ocrx_word' id='word_1_221' title='bbox 1629 800 1815 829; x_wconf 88' lang='lat' dir='ltr'>versamur,</span> <span class='ocrx_word' id='word_1_222' title='bbox 1855 789 2043 822; x_wconf 87' lang='lat' dir='ltr'>fraudemus</span> <span class='ocrx_word' id='word_1_223' title='bbox 2080 799 2140 822; x_wconf 89' lang='lat' dir='ltr'>sua</span> <span class='ocrx_word' id='word_1_224' title='bbox 2176 789 2289 831; x_wconf 81' lang='lat' dir='ltr'>gloria.</span> 
     </span>
     <span class='ocr_line' id='line_1_35' title="bbox 1317 832 2290 874; baseline -0.001 -9"><span class='ocrx_word' id='word_1_225' title='bbox 1317 833 1419 865; x_wconf 76' lang='lat' dir='ltr'>Addit</span> <span class='ocrx_word' id='word_1_226' title='bbox 1438 832 1554 874; x_wconf 73' lang='lat' dir='ltr'>mox2),</span> <span class='ocrx_word' id='word_1_227' title='bbox 1577 833 1622 864; x_wconf 89' lang='lat' dir='ltr'>in</span> <span class='ocrx_word' id='word_1_228' title='bbox 1652 833 1769 864; x_wconf 90' lang='lat' dir='ltr'>diem</span> <span class='ocrx_word' id='word_1_229' title='bbox 1801 833 2140 865; x_wconf 84' lang='lat' dir='ltr'>aeternitatis:</span> <span class='ocrx_word' id='word_1_230' title='bbox 2167 833 2290 864; x_wconf 82' lang='lat' dir='ltr'>utiam</span> 
     </span>
     <span class='ocr_line' id='line_1_36' title="bbox 1317 875 2290 917; baseline -0.001 -9"><span class='ocrx_word' id='word_1_231' title='bbox 1317 886 1403 909; x_wconf 89' lang='lat' dir='ltr'>nunc</span> <span class='ocrx_word' id='word_1_232' title='bbox 1437 876 1553 908; x_wconf 84' lang='lat' dir='ltr'>animis</span> <span class='ocrx_word' id='word_1_233' title='bbox 1586 875 1806 916; x_wconf 83' lang='lat' dir='ltr'>concipiamus</span> <span class='ocrx_word' id='word_1_234' title='bbox 1837 880 2006 907; x_wconf 86' lang='lat' dir='ltr'>aeternum</span> <span class='ocrx_word' id='word_1_235' title='bbox 2038 876 2107 907; x_wconf 90' lang='lat' dir='ltr'>eius</span> <span class='ocrx_word' id='word_1_236' title='bbox 2138 885 2290 917; x_wconf 85' lang='lat' dir='ltr'>regnum,</span> 
     </span>
     <span class='ocr_line' id='line_1_37' title="bbox 1316 918 2127 960; baseline 0 -10"><span class='ocrx_word' id='word_1_237' title='bbox 1316 919 1401 960; x_wconf 89' lang='lat' dir='ltr'>quod</span> <span class='ocrx_word' id='word_1_238' title='bbox 1424 918 1552 960; x_wconf 89' lang='lat' dir='ltr'>plenam</span> <span class='ocrx_word' id='word_1_239' title='bbox 1576 919 1645 950; x_wconf 91' lang='lat' dir='ltr'>eius</span> <span class='ocrx_word' id='word_1_240' title='bbox 1669 918 1808 960; x_wconf 86' lang='lat' dir='ltr'>gloriam</span> <span class='ocrx_word' id='word_1_241' title='bbox 1831 918 1922 950; x_wconf 92' lang='lat' dir='ltr'>nobis</span> <span class='ocrx_word' id='word_1_242' title='bbox 1945 918 2127 959; x_wconf 85' lang='lat' dir='ltr'>patefaciet.</span> 
     </span>
    </p>
   </div>
   <div class='ocr_carea' id='block_1_6' title="bbox 1316 989 1520 993">
    <p class='ocr_par' dir='ltr' id='par_1_8' title="bbox 1316 989 1520 993">
     <span class='ocr_line' id='line_1_38' title="bbox 1316 989 1520 993; baseline 0 0"><span class='ocrx_word' id='word_1_243' title='bbox 1316 989 1520 993; x_wconf 95' lang='lat' dir='ltr'> </span> 
     </span>
    </p>
   </div>
   <div class='ocr_carea' id='block_1_7' title="bbox 1403 1020 1518 1089">
    <p class='ocr_par' dir='ltr' id='par_1_9' title="bbox 1403 1020 1518 1089">
     <span class='ocr_line' id='line_1_39' title="bbox 1403 1020 1518 1089; baseline -0.07 0"><span class='ocrx_word' id='word_1_244' title='bbox 1403 1021 1425 1089; x_wconf 60' lang='grc' dir='ltr'>ἓξ</span> <span class='ocrx_word' id='word_1_245' title='bbox 1441 1020 1518 1082; x_wconf 56' lang='grc' dir='ltr'>ἓξὲξ</span> 
     </span>
    </p>
   </div>
   <div class='ocr_carea' id='block_1_8' title="bbox 2469 284 2513 3126">
    <p class='ocr_par' dir='ltr' id='par_1_10' title="bbox 2469 284 2513 3126">
     <span class='ocr_line' id='line_1_40' title="bbox 2469 284 2513 3126; baseline 0 0"><span class='ocrx_word' id='word_1_246' title='bbox 2469 284 2513 3126; x_wconf 95' lang='lat' dir='ltr'> </span> 
     </span>
    </p>
   </div>
  </div>
 </body>
</html>
