2912 4368
410 1081 494 1110 ravit
516 1080 648 1111 66616613
673 1080 704 1109 111
723 1078 848 1109 mundo.
884 1077 927 1107 Et
943 1081 1028 1107 certe
1045 1076 1070 1106 si
1089 1077 1179 1116 regni
1197 1076 1258 1106 Dei
1275 1081 1375 1107 aeter-

410 1124 493 1153 nitas
511 1123 601 1153 nobis
618 1128 692 1153 ante
710 1120 815 1152 oculos
832 1125 989 1154 versatur,
1015 1119 1103 1149 nulla
1120 1121 1181 1149 erit
1198 1124 1261 1149 tam
1279 1119 1376 1158 longa
1402 1130 1403 1134 ¹

1246 1162 1373 1191 Tenen·
1401 1173 1402 1176 ¹

409 1209 484 1239 dum
509 1207 642 1246 apostoli
666 1205 832 1236 consilium
857 1209 914 1242 est,
949 1204 1033 1243 quod
1065 1204 1214 1234 ultimum
1247 1208 1373 1243 tempus
1399 1206 1402 1232 l

409 1165 614 1202 diuturnitas,
646 1174 725 1204 quae
750 1173 809 1192 non
839 1162 880 1191 sit
904 1162 1005 1192 instar
1036 1162 1199 1191 momenti.

408 1256 510 1290 vocet,
533 1252 564 1280 in
589 1258 650 1288 (1110
673 1249 718 1278 sic
741 1246 940 1285 complentur
963 1247 1079 1281 omnia,
1105 1254 1139 1276 ut
1163 1246 1245 1277 nihil
1261 1258 1371 1286 super-

406 1294 457 1331 sit,
482 1297 608 1333 praeter
631 1291 777 1321 ultimam
802 1289 925 1320 Christi
947 1290 1187 1320 revelationem.

492 1334 638 1367 Audistis
658 1333 739 1371 quod
763 1331 983 1363 Antichristus.
1030 1333 1189 1371 Loquitur
1218 1338 1370 1372 tanquam

406 1379 445 1410 de
468 1389 502 1409 re
532 1380 620 1408 nota:
652 1375 738 1406 unde
764 1375 914 1414 colligere
945 1382 1128 1414 promptum
1158 1382 1214 1413 est,
1246 1376 1372 1406 edoctos
1398 1385 1400 1399 ³

405 1429 436 1453 et
460 1420 639 1452 admonitos
662 1418 701 1448 ab
724 1418 816 1448 initio
841 1418 939 1448 fuisse
964 1418 1073 1448 fideles
1090 1418 1128 1449 de
1145 1417 1252 1449 futura
1271 1418 1370 1449 ecele—
1399 1427 1400 1430 ¹

405 1465 469 1496 siae
497 1462 754 1501 dissipationem:
787 1466 856 1491 tum
886 1465 921 1491 ut
951 1461 1085 1491 sollicite
1116 1461 1175 1500 ipsi
1205 1472 1237 1492 se
1268 1462 1370 1492 conti·
1398 1476 1399 1482 1

405 1511 518 1537 nerent
541 1505 574 1534 in
598 1503 660 1534 fide
683 1508 841 1542 suspecta,
865 1508 933 1533 tum
954 1508 990 1534 ut
1014 1509 1156 1544 posteros
1173 1504 1371 1535 instruerent

404 1549 443 1580 ad
467 1546 656 1580 cavendum.

402 1592 490 1628 siam,
521 1600 561 1621 ne
585 1589 656 1629 quis
680 1589 740 1619 nisi
773 1589 874 1619 sciens
899 1599 934 1620 ac
959 1589 1070 1620 volens
1103 1590 1279 1629 falleretur,
1314 1599 1371 1620 nec

401 1634 467 1665 ulla
501 1637 584 1664 esset
618 1632 822 1672 ignorantiae
855 1632 1029 1663 excusatio.

400 1681 501 1707 totum
536 1676 603 1706 fere
638 1674 747 1705 orbem
783 1674 899 1705 misere
932 1675 1030 1705 fuisse
1065 1675 1245 1715 deceptum,
1279 1684 1315 1705 ac
1344 1675 1369 1705 si

401 1718 536 1750 verbum
553 1728 717 1757 nunquam
739 1717 777 1747 de
793 1717 997 1748 Antichristo
1014 1718 1132 1748 sactum
1153 1723 1246 1749 esset.
1282 1718 1369 1756 Quin

401 1762 498 1792 etiam
522 1761 554 1791 16
580 1765 700 1800 papatu
732 1759 814 1790 nihil
838 1762 940 1800 magis
969 1761 1092 1791 celebre
1116 1771 1151 1792 36
1175 1761 1290 1791 tritum
1314 1766 1371 1799 est,

401 1814 499 1844 quam
535 1804 662 1834 futurus
699 1802 893 1833 Antichristi
932 1803 1106 1834 adventus:
1146 1804 1268 1834 interea
1306 1808 1370 1834 tam

402 1852 480 1878 sunt
503 1846 632 1885 stupidi,
656 1852 690 1876 ut
714 1847 780 1876 6166
798 1846 1004 1885 tyrannidem
1030 1847 1206 1877 cervicibus
1222 1847 1290 1877 suis
1314 1847 1370 1877 im-

402 1890 538 1930 positam
573 1900 636 1919 non
668 1890 821 1919 sentiant.

401 1933 569 1973 contingit⁷
593 1933 676 1971 quod
702 1931 847 1962 Iudaeis:
876 1942 949 1961 636]
975 1942 1074 1971 quum
1100 1932 1120 1962 ii
1143 1932 1370 1972 promissiones

401 1975 440 2006 de
463 1975 584 2006 Messia
607 1978 749 2012 teneant,
774 1974 903 2013 longius
927 1980 1036 2006 tamen
1055 1975 1173 2006 absunt
1196 1985 1214 2005 a
1231 1974 1370 2013 Christo,

400 2028 498 2058 quam
523 2018 549 2048 si
574 2027 736 2056 nunquam
762 2017 825 2047 illis
850 2017 995 2048 auditum
1016 2023 1099 2048 esset
1122 2028 1250 2048 nomen.
1286 2019 1368 2049 Nam

401 2060 613 2101 imaginarius
632 2061 776 2095 Messias,
802 2070 896 2098 quem
917 2060 976 2091 61111
994 2062 1169 2098 finxerunt,
1194 2071 1248 2091 eos
1267 2071 1284 2091 a
1305 2062 1369 2092 filio

234 2125 236 2132 ,
400 2103 463 2134 Dei
486 2113 616 2142 prorsus
641 2104 769 2133 avertit.
803 2103 847 2133 Et
870 2104 893 2133 si
919 2104 988 2142 quis
1007 2114 1046 2134 ex
1070 2103 1140 2143 lege
1157 2108 1189 2134 et
1206 2104 1370 2143 prophetis

233 2157 235 2186 1
399 2146 568 2177 Christum
593 2146 655 2176 illis
678 2145 847 2177 ostendere
874 2148 1010 2186 studeat,
1046 2146 1124 2177 nihil
1154 2156 1249 2185 quam
1281 2147 1370 2178 ludet

233 2198 234 2233 1
398 2199 539 2228 operam.
579 2189 729 2229 Papistae
754 2189 992 2220 Antichristum
1017 2190 1184 2229 imaginati
1208 2195 1292 2227 sunt,
1316 2191 1369 2230 qui

400 2242 457 2271 per
481 2238 546 2262 tres
570 2242 671 2262 annos
692 2238 723 2262 61
747 2231 913 2262 dimidium
938 2237 1111 2262 vexaturus
1131 2233 1172 2263 sit
1191 2233 1368 2264 6661661361.

399 2274 523 2305 Omnes
548 2281 651 2312 notae,
675 2274 790 2313 quibus
807 2275 1044 2305 Antichristum
1067 2275 1214 2315 designat
1234 2277 1368 2315 spiritus

400 2317 473 2356 Dei,
497 2318 529 2347 in
554 2327 636 2357 papa
660 2317 744 2348 clare
769 2323 938 2356 apparent:
962 2317 1016 2348 sed
1041 2318 1093 2348 ille
1118 2318 1285 2349 triennalis
1302 2319 1369 2350 An-

400 2360 567 2391 tichristus
600 2360 715 2390 stultos
747 2360 887 2399 papistas
916 2364 1003 2392 tenet
1035 2366 1213 2400 occupatos,
1249 2372 1288 2392 ne
1322 2364 1367 2392 vi·
1395 2365 1396 2369 ’

399 2403 504 2433 dendo
540 2404 681 2433 videant.
739 2402 982 2433 Meminerimus
1018 2404 1135 2443 itaque,
1172 2415 1235 2435 non
1276 2404 1369 2435 modo

398 2445 574 2476 indicatum
599 2446 696 2476 fuisse
714 2456 731 2476 a
754 2446 867 2484 spiritu
884 2446 945 2476 Dei
965 2448 1213 2484 Antichristum‚
1238 2448 1292 2478 sod
1313 2448 1367 2479 ad-

92 2487 122 2504 ''⁴²
398 2489 536 2528 scriptas
560 2488 654 2518 simul
681 2488 777 2519 fuisse
801 2494 893 2519 notas
917 2490 1031 2528 quibus
1056 2490 1194 2520 discerni
1218 2496 1324 2530 queat.

94 2528 122 2546 '¹³
486 2531 592 2562 Etiam
616 2541 696 2561 nunc
718 2532 815 2562 multi.
852 2531 963 2563 Videri
988 2539 1094 2572 posset
1119 2533 1178 2564 1106
1202 2535 1368 2565 correctio-

67 2570 123 2593 ‘229'
398 2575 449 2605 nis
473 2575 541 2605 vice
564 2573 719 2611 additum,
744 2575 833 2614 quasi
859 2575 938 2606 falso
962 2576 1150 2606 existiment
1173 2587 1273 2607 unum
1299 2577 1366 2607 fore
1393 2586 1394 2619 J

94 2614 123 2635 ’Μ
396 2616 525 2657 aliquod
548 2627 699 2657 regnum:
732 2617 784 2648 sed
810 2628 872 2648 non
898 2619 942 2648 113
969 2624 1025 2649 est.
1072 2618 1137 2657 Qui
1171 2630 1270 2650 unum
1296 2625 1366 2650 tan-

396 2664 464 2690 tum
489 2659 651 2690 *nminem
676 2666 791 2700 putant
816 2661 890 2694 fore.
916 2661 1054 2692 delirant
1071 2662 1116 2692 illi
1141 2663 1286 2702 quidem:
1310 2663 1364 2693 sed

610 2755 625 2775 e
642 2749 777 2776 testatur
801 2752 922 2777 certum
940 2747 1006 2778 fore
1030 2758 1145 2787 corpus
1162 2755 1193 2778 61
1218 2759 1363 2788 regnum.

627 2788 631 2793 '
656 2789 672 2801 '⁴
711 2788 915 2820 *ofeetionem
949 2801 1028 2829 quae
1062 2802 1117 2830 per
1141 2797 1239 2822 totam
1265 2791 1363 2822 eccle·

821 2876 985 2906 6066111611
1000 2877 1219 2908 adversarium
1232 2877 1364 2914 Christi,

1036 3092 1119 3122 611161
1149 3102 1221 3122 eum
1256 3093 1361 3122 verbis

1038 3134 1237 3165 ›renuntiatT'

1013 3306 1135 3344 reliqui,
1170 3308 1236 3337 61116
1267 3309 1357 3346 regni

1295 852 1442 883 CAPUT
1467 853 1510 883 Il.

412 952 525 982 aetatis
550 961 624 982 suae
656 951 801 981 hominos
831 950 959 981 lactavit
990 959 1045 987 spe
1077 948 1176 987 inani,
1212 958 1315 987 neque
1346 949 1375 979 in
1405 950 1407 970 f

411 1000 575 1034 posterum
611 994 709 1024 voluit
750 993 935 1024 abscindere
973 991 1123 1022 ecelesiae
1161 1001 1307 1027 cursum,
1346 996 1406 1033 611

411 1037 529 1067 multas
553 1036 949 1071 366611116666666610666,
974 1033 1091 1073 quibus
1109 1033 1170 1064 huc
1195 1044 1294 1073 usque
1318 1033 1374 1064 du·
1404 1038 1405 1055 ἲ

703 1546 758 1577 Sic
781 1547 866 1576 enim
891 1546 1009 1576 tentari
1034 1547 1124 1577 Deus
1148 1547 1252 1577 voluit
1275 1547 1370 1578 eccle·
1397 1549 1399 1554 ‘

591 2713 633 2733 ‘m
650 2709 803 2733 venturae
820 2703 1008 2735 defectionis
1025 2706 1170 2735 meminit
1194 2705 1235 2745 (2.
1254 2705 1365 2736 Thess.
1392 2713 1393 2750 J

815 2832 857 2862 sit
889 2834 978 2872 (111361
1010 2834 1131 2864 malum
1164 2834 1364 2865 universale:
1390 2852 1392 2872 ‚¹

912 2930 1028 2949 11116611
1053 2926 1084 2949 61
1113 2920 1239 2950 divinos
1265 2920 1361 2950 hono·
1390 2919 1391 2922 ’

938 2973 1004 2992 nus
1035 2970 1147 3001 sponte
1176 2974 1292 3000 errare,
1323 2974 1361 2993 ex
1390 2987 1391 3000 3

940 3006 1075 3035 ι1116111111
1101 3008 1272 3045 agnoscere
1302 3006 1361 3036 dis·
1389 3016 1391 3026 ³

1020 3059 1082 3079 ’166
1099 3050 1201 3079 obiter
1218 3049 1362 3089 attigisse

1284 3135 1361 3165 Res·
1388 3146 1389 3149 ¹

1034 3177 1061 3213 d,
1087 3188 1183 3216 quam
1208 3178 1361 3217 speciales
1387 3187 1389 3213 1,

1023 3225 1121 3250 iturae
1146 3221 1360 3259 dissipationis
1387 3229 1388 3256 ζ

1016 3263 1165 3303 1361111166,
1204 3264 1359 3299 Marcion.
1386 3300 1387 3306 ἵ

2340 859 2403 889 3ῡὲ

1433 950 1577 980 membra
1595 958 1694 987 erant,
1720 954 1801 992 quod
1823 954 1966 985 diabolus
1988 960 2096 993 postea
2116 955 2270 985 adversus
2288 956 2400 986 Chris—

1433 998 1499 1022 tum
1525 995 1636 1024 crexit.
1672 995 1804 1035 l'roprie
1822 996 1991 1035 loquendo,
2018 997 2160 1027 nondum
2180 998 2400 1029 Antichristus

1432 1036 1594 1066 exstabat:
1625 1038 1679 1067 sed
1704 1049 1857 1069 areanum
1882 1050 1958 1069 suae
1987 1041 2160 1079 impietatis
2185 1040 2265 1071 clam
2292 1041 2400 1071 molie-

1433 1077 1534 1109 batur.
1575 1078 1697 1110 Verum
1722 1081 1882 1112 lohannes
1907 1083 2007 1112 utitur
2031 1083 2089 1113 hoc
2113 1084 2251 1119 nomine,
2277 1090 2310 1112 ut
2335 1084 2399 1122 pio-

1430 1130 1501 1150 rum
1526 1121 1669 1151 studium
1694 1130 1723 1152 et
1747 1124 1997 1155 sollicitudinem
2022 1126 2060 1155 ad
2090 1125 2288 1164 repellendas
2313 1127 2398 1156 frau—

1430 1162 1484 1193 des
1516 1164 1619 1202 magis
1650 1171 1750 1195 acuat.
1800 1167 1893 1205 Quod
1929 1168 1954 1197 si
1990 1168 2051 1197 iam
2085 1173 2161 1198 11166
2192 1169 2223 1198 in
2254 1169 2398 1199 excubiis

1428 1210 1515 1235 stare
1539 1206 1649 1236 fideles
1674 1209 1798 1238 iubebat
1826 1209 1885 1240 Dei
1909 1210 2051 1249 spiritus,
2076 1220 2173 1249 quum
2198 1212 2292 1250 signa
2316 1211 2396 1241 dun-

1400 1250 1402 1257 '
1428 1253 1517 1278 taxat
1543 1250 1669 1279 venturi
1696 1251 1794 1281 hostis
1820 1253 1929 1290 procul
1950 1258 2136 1283 cernerent:
2161 1254 2264 1283 multo
2291 1255 2397 1285 minus

1399 1290 1401 1330 J
1428 1300 1512 1320 nunc
1536 1291 1714 1322 dormiendi
1740 1299 1867 1333 teinpus
1892 1299 1941 1326 est
1963 1295 2090 1334 quando
2114 1295 2280 1326 ecclesiam
2299 1307 2397 1327 saeva.

1427 1334 1600 1372 tyrannide
1635 1345 1819 1374 oppressam
1852 1342 1949 1374 tenet,
1985 1348 2020 1369 ac
2051 1337 2156 1377 palam
2188 1338 2319 1369 Christo
2352 1341 2398 1370 in-

1425 1376 1533 1406 sultat.

1514 1420 1561 1450 19.
1588 1419 1641 1450 Ex
1657 1420 1743 1451 uobis
1762 1423 1876 1461 egressi
1897 1426 1978 1453 sunl.
2016 1423 2163 1454 Alteram
2183 1423 2394 1454 obiectionem

1426 1463 1610 1500 praevertit,
1629 1463 1711 1502 quod
1730 1470 1834 1503 pestes
1857 1465 1926 1496 illas
1945 1466 2113 1497 videbatur
2130 1466 2279 1506 genuisse
2296 1468 2394 1497 66616-

1426 1504 1485 1542 sia,
1515 1510 1547 1535 et
1571 1506 1605 1535 in
1628 1507 1701 1536 sinu
1725 1517 1783 1536 suo
1815 1507 1853 1537 ad
1879 1513 2004 1547 ternpus
2029 1509 2155 1540 fovisse.
2202 1509 2283 1540 Nam
2309 1513 2395 1540 certe

1426 1547 1486 1578 hoc
1510 1548 1547 1578 ad
1570 1548 1745 1579 turbandos
1770 1550 1914 1581 infirmos
1939 1552 2009 1590 plus
2034 1552 2128 1588 valet,
2152 1552 2179 1582 si
2204 1562 2285 1583 unus
2308 1553 2395 1592 quis-

1397 1592 1399 1627 ξ
1426 1591 1510 1629 piam
1532 1591 1696 1622 nobiscum
1716 1602 1823 1622 veram
1843 1593 1936 1623 tidem
1952 1594 2120 1633 professus,
2142 1595 2276 1631 deficiat,
2297 1605 2393 1634 quam

1087 1633 1187 1671 Atqui
1223 1632 1371 1663 videmus
1397 1638 1398 1646 ¹

1425 1632 1452 1663 si
1477 1633 1563 1664 mille
1583 1635 1729 1665 extranei
1750 1635 1781 1665 in
1800 1645 1856 1665 nos
1874 1637 2066 1675 conspirent.
2106 1637 2161 1668 Sic
2180 1648 2256 1678 ergo
2276 1638 2395 1668 fatetur

1397 1702 1398 1708 ,
1426 1686 1478 1706 666
1503 1676 1657 1715 prodiisse
1681 1687 1721 1707 ex
1749 1677 1901 1708 ecclesiae
1924 1680 2061 1719 gremio,
2094 1685 2128 1710 ut
2160 1685 2267 1711 tamen
2299 1687 2395 1720 neget

1426 1718 1525 1749 fuisse
1546 1730 1686 1758 unquam
1708 1730 1747 1751 ex
1768 1721 1909 1752 ecelesia.
1955 1722 2055 1752 Porro
2076 1722 2273 1754 diducendae
2293 1724 2393 1754 obiec-

1426 1761 1524 1792 tionis
1548 1763 1628 1793 ratio
1652 1768 1709 1800 est,
1734 1763 1817 1802 quod
1837 1774 1965 1803 semper
1988 1764 2061 1795 huic
2085 1765 2169 1795 malo
2192 1766 2331 1797 obnoxia
2353 1766 2396 1797 sit

1427 1805 1577 1840 ecclesia,
1610 1810 1645 1835 ut
1676 1806 1794 1837 multos
1826 1807 1909 1837 ferre
1939 1813 2072 1847 cogatur
2102 1807 2306 1848 hypocritas,
2340 1810 2394 1849 qui

1398 1879 1399 1883 ,
1427 1857 1502 1877 vere
1526 1847 1693 1879 Christum
1725 1859 1790 1879 11011
1822 1849 1953 1888 habent,
1984 1855 2146 1889 utcunque
2178 1852 2246 1882 eius
2277 1862 2394 1882 nomen

868 1889 956 1919 Idem
991 1889 1112 1920 scilicet
1145 1890 1274 1919 omnino
1309 1890 1370 1921 illis
1397 1886 1399 1916 l

1426 1898 1481 1919 ore
1498 1892 1711 1929 profiteantur
1734 1891 1773 1922 ad
1796 1896 1932 1931 tempus.
1979 1893 2088 1931 Quum
2106 1894 2192 1930 dicit,
2217 1905 2393 1934 egressos

1397 1962 1398 1973 ἢ
1425 1944 1515 1964 6666
1546 1944 1563 1963 3
1594 1935 1727 1970 nobis,
1756 1935 1918 1975 significat
1948 1936 2053 1966 locum
2082 1936 2114 1966 16
2145 1937 2277 1968 ecclesia
2301 1938 2392 1977 prius

1425 1986 1606 2016 occupasse,
1632 1982 1663 2007 et
1679 1977 1805 2008 habitos
1825 1989 1892 2009 6666
1912 1979 1943 2009 16
1965 1979 2089 2017 piorum
2109 1990 2251 2010 numero.
2288 1980 2394 2021 Negat

1425 2024 1533 2050 tamen
1558 2020 1655 2051 fuisse
1678 2031 1717 2050 ex
1742 2021 1841 2057 nobis,
1866 2022 1918 2060 qui
1942 2021 2020 2052 falso
2047 2032 2163 2052 nomen
2187 2023 2393 2054 obtenderint

1424 2062 1582 2093 fidelium:
1614 2063 1708 2093 sicuti
1740 2063 1863 2103 paleae,
1899 2064 1968 2095 licet
1991 2064 2096 2095 tritico
2127 2065 2157 2095 in
2183 2065 2294 2095 eadem
2319 2076 2393 2097 area

1424 2106 1597 2144 permistae
1622 2106 1688 2136 sint
1702 2106 1733 2147 ¹),
1758 2117 1815 2137 uon
1838 2109 1937 2137 έαυιεη
1962 2108 1996 2138 in
2020 2108 2121 2138 tritico
2146 2111 2313 2138 censentur.

1511 2147 1548 2178 Si
1569 2149 1703 2187 fuissent
1725 2159 1761 2180 ex
1783 2150 1878 2180 nobis.
1922 2150 2043 2189 Aperte
2074 2151 2280 2189 pronuntiat,
2312 2161 2393 2181 nun-

1424 2201 1518 2230 quam
1534 2192 1630 2222 fuisse
1647 2192 1799 2223 ecclesiae
1813 2193 1955 2223 membra
1975 2193 2027 2232 qui
2050 2192 2210 2224 deficiunt.
2243 2195 2286 2224 At
2306 2199 2392 2225 certe

1396 2264 1397 2276 ἶ
1424 2234 1566 2274 sigillum
1587 2234 1657 2270 Dei,
1681 2235 1741 2265 sub
1764 2245 1825 2274 11110
1845 2246 1919 2265 suos
1939 2235 2089 2273 custodit,
2114 2237 2244 2267 firmum
2267 2242 2389 2268 manet:

1395 2280 1397 2319 ξ
1423 2280 1459 2307 ut
1490 2277 1595 2316 inquit
1624 2278 1744 2308 Paulus
1775 2278 1816 2318 (2.
1837 2279 1918 2309 Tim.
1944 2278 1971 2313 2,
1998 2279 2060 2319 19).

2110 2279 2175 2310 Sed
2207 2279 2257 2310 hic
2288 2281 2393 2311 oritur

1423 2319 1605 2351 difficultas.
1652 2320 1772 2351 Multos
1796 2322 1896 2360 enim,
1928 2321 1982 2360 qui
2008 2321 2201 2352 videbantur
2224 2322 2392 2353 Christum

1423 2363 1573 2402 amplexi,
1597 2374 1691 2402 saepe
1715 2364 1862 2394 excidere
1888 2364 2054 2404 contingit.
2100 2365 2303 2404 Respondeo,
2328 2370 2393 2396 tres

1423 2416 1532 2436 eorum
1553 2416 1622 2437 esse
1638 2406 1756 2446 gradus
1777 2407 1830 2446 qui
1851 2407 2053 2447 evangelium
2076 2408 2274 2446 profitentur.
2306 2407 2393 2439 Sunt

1423 2449 1508 2479 enim
1543 2450 1595 2488 qui
1632 2450 1781 2488 pietatem
1814 2450 1986 2486 simulant,
2030 2460 2126 2489 quum
2166 2456 2271 2481 tamen
2308 2451 2392 2482 mala

1422 2493 1605 2522 eonscienta
1636 2492 1721 2522 intus
1750 2502 1804 2522 666
1835 2498 1959 2532 arguat.
2006 2492 2155 2523 Aliorum
2180 2494 2282 2533 magis
2307 2495 2393 2524 frau-

1394 2560 1395 2566 ,
1422 2534 1554 2565 (16161113
1574 2534 1767 2574 hypocrisis:
1792 2535 1845 2574 qui
1870 2545 1934 2565 non
1954 2536 2048 2566 modo
2072 2536 2181 2566 fucum
2207 2537 2391 2567 hominibus

1422 2578 1525 2608 facere
1550 2582 1683 2613 tentant,
1709 2578 1763 2608 sed
1788 2578 1897 2609 oculos
1921 2579 1981 2609 sibi
2005 2580 2244 2618 perstringunt,
2270 2585 2305 2609 ut
2329 2579 2388 2609 sibi

1422 2620 1594 2651 videantur
1618 2624 1703 2651 recte
1723 2620 1828 2651 Deum
1852 2621 1966 2651 colere.
2012 2622 2112 2651 Tertii
2137 2622 2243 2652 vivam
2270 2622 2389 2652 habent

1421 2663 1493 2693 fidei
1512 2664 1661 2701 radicem,
1681 2674 1717 2694 ac
1733 2674 1808 2694 61136
1828 2664 2011 2703 adoptionis
2028 2665 2243 2694 testimonium
2259 2666 2388 2704 penitus

1420 2707 1521 2736 fixum
1553 2707 1702 2736 cordibus
1730 2712 1856 2745 gerunt.
1902 2707 2032 2737 Priores
2064 2707 2125 2737 duo
2156 2707 2284 2738 ordines
2308 2707 2387 2738 nihil

1391 2781 1393 2797 ἶ
1419 2749 1600 2779 stabilitatis
1625 2749 1760 2779 habent:
1793 2749 1830 2779 de
1855 2751 2024 2788 postremis
2048 2750 2190 2789 loquitur
2213 2750 2387 2786 Iohannes,

1419 2802 1516 2831 quum
1555 2792 1749 2830 impossibile
1786 2802 1853 2822 esse
1890 2792 1968 2822 dicit
2002 2793 2040 2823 ab
2074 2793 2208 2824 ecclesia
2241 2794 2386 2824 alienari.

1420 2835 1530 2874 Neque
1547 2836 1630 2864 66161
1652 2835 1803 2874 sigillum,
1821 2835 1905 2874 quod
1928 2836 2015 2866 Deus
2034 2836 2147 2874 spiritu
2168 2846 2224 2866 6110
2244 2836 2385 2875 insculp-

1418 2878 1460 2908 sit
1486 2888 1594 2907 611111111
1621 2878 1835 2915 conscientiis,
1863 2878 1959 2908 deleri
1980 2883 2094 2917 potest.
2141 2878 2383 2909 8661661666-

1419 2921 1579 2959 ruptibile,
1605 2920 1689 2958 (111011
1715 2921 1854 2951 radicem
1880 2922 1954 2960 egit,
1979 2931 2043 2951 non
2069 2925 2171 2960 potest
2195 2921 2301 2958 evelli.
2328 2932 2385 2952 nec

1418 2964 1548 2993 aboleri.
1607 2962 1721 3002 Neque
1751 2964 1836 2993 enim
1867 2964 1917 2994 hie
1946 2964 1984 2994 de
2015 2964 2201 3001 hominum,
2234 2964 2288 2994 sed
2322 2964 2384 2995 Dei

1417 3006 1598 3037 constantia
1615 3006 1733 3046 agitur,
1758 3007 1848 3036 cuius
1868 3007 2054 3037 electionem
2076 3013 2177 3037 ratam
2199 3017 2268 3037 esse
2292 3016 2384 3046 opor—

1418 3054 1470 3079 tet.
1517 3049 1625 3086 Quare
1650 3059 1711 3079 non
1737 3049 1898 3079 immerito
1923 3049 2009 3086 dicit,
2037 3049 2090 3079 ubi
2114 3051 2225 3080 efficax
2251 3054 2299 3080 est
2323 3050 2384 3080 Dei

1418 3092 1549 3127 vocatio,
1570 3092 1633 3122 illic
1652 3098 1771 3122 certam
1792 3092 2064 3131 perseverantiam
2086 3093 2160 3122 fore.
2198 3092 2237 3122 In
2258 3103 2386 3123 summa

1416 3145 1579 3174 nunquam
1605 3135 1731 3173 penitus
1762 3135 1900 3165 imbutos
1925 3135 2022 3166 fuisse
2046 3135 2171 3165 Christi
2195 3136 2310 3166 notitia
2334 3136 2383 3165 in-

1416 3178 1540 3217 telligit,
1566 3178 1617 3216 (1111
1642 3178 1810 3209 deficiunt:
1834 3178 1888 3208 sed
1911 3178 2013 3208 levem
2039 3178 2197 3208 duntaxat
2220 3184 2252 3208 et
2276 3179 2384 3209 evani-

1416 3221 1491 3250 dum
1518 3221 1664 3251 habuisse
1689 3225 1828 3259 gustum.

1501 3318 1519 3341 ¹)
1539 3316 1597 3338 ¹suni
