<?xml version="1.0" encoding="UTF-8"?>
<!DOCTYPE html PUBLIC "-//W3C//DTD XHTML 1.0 Transitional//EN"
    "http://www.w3.org/TR/xhtml1/DTD/xhtml1-transitional.dtd">
<html xmlns="http://www.w3.org/1999/xhtml" xml:lang="en" lang="en">
 <head>
  <title>
</title>
<meta http-equiv="Content-Type" content="text/html;charset=utf-8" />
  <meta name='ocr-system' content='tesseract 3.04.00' />
  <meta name='ocr-capabilities' content='ocr_page ocr_carea ocr_par ocr_line ocrx_word'/>
</head>
<body>
  <div class='ocr_page' id='page_1' title='image "./ioanniscalviniop55calv_0134.png"; bbox 0 0 2513 3126; ppageno 0'>
   <div class='ocr_carea' id='block_1_1' title="bbox 284 220 342 250">
    <p class='ocr_par' dir='ltr' id='par_1_1' title="bbox 284 220 342 250">
     <span class='ocr_line' id='line_1_1' title="bbox 284 220 342 250; baseline 0 0"><span class='ocrx_word' id='word_1_1' title='bbox 284 220 342 250; x_wconf 75' lang='lat'><strong>231</strong></span> 
     </span>
    </p>
   </div>
   <div class='ocr_carea' id='block_1_2' title="bbox 285 313 1286 353">
    <p class='ocr_par' dir='ltr' id='par_1_2' title="bbox 285 313 1286 353">
     <span class='ocr_line' id='line_1_2' title="bbox 285 313 1286 353; baseline -0.005 -5"><span class='ocrx_word' id='word_1_2' title='bbox 285 317 413 351; x_wconf 74' lang='lat' dir='ltr'><strong>Petrus,</strong></span> <span class='ocrx_word' id='word_1_3' title='bbox 439 316 556 346; x_wconf 82' lang='lat' dir='ltr'><strong>vobis</strong></span> <span class='ocrx_word' id='word_1_4' title='bbox 580 313 874 343; x_wconf 80' lang='lat' dir='ltr'><strong>annuntiatum</strong></span> <span class='ocrx_word' id='word_1_5' title='bbox 900 319 973 349; x_wconf 85' lang='lat' dir='ltr'><strong>est,</strong></span> <span class='ocrx_word' id='word_1_6' title='bbox 995 313 1166 353; x_wconf 83' lang='lat' dir='ltr'><strong>significat,</strong></span> <span class='ocrx_word' id='word_1_7' title='bbox 1187 323 1258 343; x_wconf 89' lang='lat' dir='ltr'><strong>ver·</strong></span> <span class='ocrx_word' id='word_1_8' title='bbox 1284 315 1286 335; x_wconf 53' lang='grc' dir='ltr'>ἒ</span> 
     </span>
    </p>
   </div>
   <div class='ocr_carea' id='block_1_3' title="bbox 286 355 1258 395">
    <p class='ocr_par' dir='ltr' id='par_1_3' title="bbox 286 355 1258 395">
     <span class='ocr_line' id='line_1_3' title="bbox 286 355 1258 395; baseline -0.004 -5"><span class='ocrx_word' id='word_1_9' title='bbox 286 360 360 390; x_wconf 87' lang='lat' dir='ltr'><strong>bum</strong></span> <span class='ocrx_word' id='word_1_10' title='bbox 392 369 454 389; x_wconf 87' lang='lat' dir='ltr'><strong>non</strong></span> <span class='ocrx_word' id='word_1_11' title='bbox 477 357 550 388; x_wconf 78' lang='lat' dir='ltr'><strong>alibi</strong></span> <span class='ocrx_word' id='word_1_12' title='bbox 582 366 677 395; x_wconf 79' lang='lat' dir='ltr'><strong>quam</strong></span> <span class='ocrx_word' id='word_1_13' title='bbox 708 356 739 385; x_wconf 89' lang='lat' dir='ltr'><strong>in</strong></span> <span class='ocrx_word' id='word_1_14' title='bbox 772 355 1019 394; x_wconf 78' lang='lat' dir='ltr'><strong>praedicatione,</strong></span> <span class='ocrx_word' id='word_1_15' title='bbox 1054 365 1136 395; x_wconf 85' lang='lat' dir='ltr'><strong>quae</strong></span> <span class='ocrx_word' id='word_1_16' title='bbox 1167 355 1258 386; x_wconf 84' lang='lat' dir='ltr'><strong>uobis</strong></span> 
     </span>
    </p>
   </div>
   <div class='ocr_carea' id='block_1_4' title="bbox 286 398 1285 439">
    <p class='ocr_par' dir='ltr' id='par_1_4' title="bbox 286 398 1285 439">
     <span class='ocr_line' id='line_1_4' title="bbox 286 398 1285 439; baseline -0.004 -7"><span class='ocrx_word' id='word_1_17' title='bbox 286 403 430 438; x_wconf 84' lang='lat' dir='ltr'><strong>otl&#39;crtur,</strong></span> <span class='ocrx_word' id='word_1_18' title='bbox 461 399 683 439; x_wconf 79' lang='lat' dir='ltr'><strong>qiiacrendum</strong></span> <span class='ocrx_word' id='word_1_19' title='bbox 716 409 799 429; x_wconf 79' lang='lat' dir='ltr'><strong>csse:</strong></span> <span class='ocrx_word' id='word_1_20' title='bbox 832 405 863 428; x_wconf 86' lang='lat' dir='ltr'><strong>ct</strong></span> <span class='ocrx_word' id='word_1_21' title='bbox 886 408 964 429; x_wconf 85' lang='lat' dir='ltr'><strong>sane</strong></span> <span class='ocrx_word' id='word_1_22' title='bbox 988 408 1051 429; x_wconf 91' lang='lat' dir='ltr'><strong>non</strong></span> <span class='ocrx_word' id='word_1_23' title='bbox 1077 398 1171 428; x_wconf 82' lang='lat' dir='ltr'><strong>aliter</strong></span> <span class='ocrx_word' id='word_1_24' title='bbox 1193 399 1257 429; x_wconf 89' lang='lat' dir='ltr'><strong>vim</strong></span> <span class='ocrx_word' id='word_1_25' title='bbox 1284 418 1285 424; x_wconf 32' lang='grc' dir='ltr'>ι</span> 
     </span>
    </p>
   </div>
   <div class='ocr_carea' id='block_1_5' title="bbox 285 440 1258 610">
    <p class='ocr_par' dir='ltr' id='par_1_5' title="bbox 285 440 1258 610">
     <span class='ocr_line' id='line_1_5' title="bbox 286 440 1258 480; baseline -0.003 -5"><span class='ocrx_word' id='word_1_26' title='bbox 286 445 374 475; x_wconf 83' lang='lat' dir='ltr'><strong>illam</strong></span> <span class='ocrx_word' id='word_1_27' title='bbox 398 441 597 473; x_wconf 78' lang='lat' dir='ltr'><strong>noter-nitatis</strong></span> <span class='ocrx_word' id='word_1_28' title='bbox 622 442 780 472; x_wconf 88' lang='lat' dir='ltr'><strong>sentimus</strong></span> <span class='ocrx_word' id='word_1_29' title='bbox 804 451 899 480; x_wconf 84' lang='lat' dir='ltr'><strong>quam</strong></span> <span class='ocrx_word' id='word_1_30' title='bbox 925 440 995 472; x_wconf 86' lang='lat' dir='ltr'><strong>fide.</strong></span> <span class='ocrx_word' id='word_1_31' title='bbox 1045 441 1145 480; x_wconf 84' lang='lat' dir='ltr'>Atqui</span> <span class='ocrx_word' id='word_1_32' title='bbox 1170 441 1258 472; x_wconf 87' lang='lat' dir='ltr'><strong>nulla</strong></span> 
     </span>
     <span class='ocr_line' id='line_1_6' title="bbox 286 483 1257 520; baseline -0.003 -3"><span class='ocrx_word' id='word_1_33' title='bbox 286 488 344 518; x_wconf 76' lang='lat' dir='ltr'><strong>erit</strong></span> <span class='ocrx_word' id='word_1_34' title='bbox 383 485 477 520; x_wconf 81' lang='lat' dir='ltr'><strong>fides,</strong></span> <span class='ocrx_word' id='word_1_35' title='bbox 517 484 579 514; x_wconf 88' lang='lat' dir='ltr'><strong>nisi</strong></span> <span class='ocrx_word' id='word_1_36' title='bbox 615 483 750 514; x_wconf 79' lang='lat' dir='ltr'><strong>verbum</strong></span> <span class='ocrx_word' id='word_1_37' title='bbox 789 483 945 515; x_wconf 84' lang='lat' dir='ltr'><strong>destinari</strong></span> <span class='ocrx_word' id='word_1_38' title='bbox 983 483 1075 514; x_wconf 89' lang='lat' dir='ltr'><strong>nobis</strong></span> <span class='ocrx_word' id='word_1_39' title='bbox 1109 483 1257 515; x_wconf 85' lang='lat' dir='ltr'><strong>sciamus.</strong></span> 
     </span>
     <span class='ocr_line' id='line_1_7' title="bbox 288 526 1256 567; baseline -0.002 -8"><span class='ocrx_word' id='word_1_40' title='bbox 288 529 407 560; x_wconf 81' lang='lat' dir='ltr'><strong>Eodem</strong></span> <span class='ocrx_word' id='word_1_41' title='bbox 439 527 580 567; x_wconf 81' lang='lat' dir='ltr'>pertinet</span> <span class='ocrx_word' id='word_1_42' title='bbox 609 526 694 566; x_wconf 75' lang='lat' dir='ltr'><strong>quod</strong></span> <span class='ocrx_word' id='word_1_43' title='bbox 726 526 850 557; x_wconf 82' lang='lat' dir='ltr'><strong>dicebat</strong></span> <span class='ocrx_word' id='word_1_44' title='bbox 873 526 982 557; x_wconf 86' lang='lat' dir='ltr'><strong>Moses</strong></span> <span class='ocrx_word' id='word_1_45' title='bbox 1007 526 1124 566; x_wconf 90' lang='lat' dir='ltr'><strong>populo</strong></span> <span class='ocrx_word' id='word_1_46' title='bbox 1146 526 1256 567; x_wconf 90' lang='lat' dir='ltr'><strong>(Deut.</strong></span> 
     </span>
     <span class='ocr_line' id='line_1_8' title="bbox 285 568 1256 610; baseline -0.001 -9"><span class='ocrx_word' id='word_1_47' title='bbox 285 573 335 609; x_wconf 77' lang='lat'><strong>30,</strong></span> <span class='ocrx_word' id='word_1_48' title='bbox 361 570 430 610; x_wconf 78' lang='lat'>12):</span> <span class='ocrx_word' id='word_1_49' title='bbox 462 580 503 600; x_wconf 91' lang='lat' dir='ltr'><strong>ne</strong></span> <span class='ocrx_word' id='word_1_50' title='bbox 526 570 645 600; x_wconf 81' lang='lat' dir='ltr'>dixeris</span> <span class='ocrx_word' id='word_1_51' title='bbox 669 569 699 599; x_wconf 91' lang='lat' dir='ltr'><strong>in</strong></span> <span class='ocrx_word' id='word_1_52' title='bbox 723 569 818 600; x_wconf 83' lang='lat' dir='ltr'><strong>corde</strong></span> <span class='ocrx_word' id='word_1_53' title='bbox 843 574 907 606; x_wconf 91' lang='lat' dir='ltr'><strong>tuo,</strong></span> <span class='ocrx_word' id='word_1_54' title='bbox 931 569 1004 608; x_wconf 90' lang='lat' dir='ltr'><strong>quis</strong></span> <span class='ocrx_word' id='word_1_55' title='bbox 1028 568 1202 600; x_wconf 76' lang='lat' dir='ltr'><strong>adscendet</strong></span> <span class='ocrx_word' id='word_1_56' title='bbox 1224 570 1256 600; x_wconf 91' lang='lat' dir='ltr'><strong>in</strong></span> 
     </span>
    </p>
   </div>
   <div class='ocr_carea' id='block_1_6' title="bbox 285 612 1284 653">
    <p class='ocr_par' dir='ltr' id='par_1_6' title="bbox 285 612 1284 653">
     <span class='ocr_line' id='line_1_9' title="bbox 285 612 1284 653; baseline -0.002 -9"><span class='ocrx_word' id='word_1_57' title='bbox 285 613 420 653; x_wconf 83' lang='lat' dir='ltr'><strong>coelum,</strong></span> <span class='ocrx_word' id='word_1_58' title='bbox 452 619 510 644; x_wconf 89' lang='lat' dir='ltr'><strong>eto.</strong></span> <span class='ocrx_word' id='word_1_59' title='bbox 557 612 661 651; x_wconf 83' lang='lat' dir='ltr'>Prope</span> <span class='ocrx_word' id='word_1_60' title='bbox 691 617 739 642; x_wconf 87' lang='lat' dir='ltr'><strong>est</strong></span> <span class='ocrx_word' id='word_1_61' title='bbox 767 612 903 643; x_wconf 86' lang='lat' dir='ltr'><strong>verbum</strong></span> <span class='ocrx_word' id='word_1_62' title='bbox 935 612 968 642; x_wconf 94' lang='lat' dir='ltr'><strong>in</strong></span> <span class='ocrx_word' id='word_1_63' title='bbox 1000 622 1054 643; x_wconf 91' lang='lat' dir='ltr'><strong>ore</strong></span> <span class='ocrx_word' id='word_1_64' title='bbox 1083 615 1140 642; x_wconf 90' lang='lat' dir='ltr'><strong>tuo</strong></span> <span class='ocrx_word' id='word_1_65' title='bbox 1168 613 1256 643; x_wconf 89' lang='lat' dir='ltr'><strong>etin</strong></span> <span class='ocrx_word' id='word_1_66' title='bbox 1283 620 1284 623; x_wconf 74' lang='grc'>’</span> 
     </span>
    </p>
   </div>
   <div class='ocr_carea' id='block_1_7' title="bbox 284 654 1257 1209">
    <p class='ocr_par' dir='ltr' id='par_1_7' title="bbox 284 654 1257 1209">
     <span class='ocr_line' id='line_1_10' title="bbox 284 654 1256 687; baseline -0.001 0"><span class='ocrx_word' id='word_1_67' title='bbox 284 656 378 687; x_wconf 86' lang='lat' dir='ltr'><strong>corde</strong></span> <span class='ocrx_word' id='word_1_68' title='bbox 410 662 477 686; x_wconf 91' lang='lat' dir='ltr'><strong>tuo.</strong></span> <span class='ocrx_word' id='word_1_69' title='bbox 523 655 616 686; x_wconf 87' lang='lat' dir='ltr'><strong>Illam</strong></span> <span class='ocrx_word' id='word_1_70' title='bbox 648 655 733 685; x_wconf 89' lang='lat' dir='ltr'><strong>enim</strong></span> <span class='ocrx_word' id='word_1_71' title='bbox 765 655 952 686; x_wconf 81' lang='lat' dir='ltr'><strong>concionem</strong></span> <span class='ocrx_word' id='word_1_72' title='bbox 983 664 1056 686; x_wconf 92' lang='lat' dir='ltr'><strong>cum</strong></span> <span class='ocrx_word' id='word_1_73' title='bbox 1084 654 1144 686; x_wconf 90' lang='lat' dir='ltr'><strong>hac</strong></span> <span class='ocrx_word' id='word_1_74' title='bbox 1167 655 1256 686; x_wconf 87' lang='lat' dir='ltr'><strong>Petri</strong></span> 
     </span>
     <span class='ocr_line' id='line_1_11' title="bbox 284 697 1257 739; baseline -0.002 -9"><span class='ocrx_word' id='word_1_75' title='bbox 284 709 464 739; x_wconf 79' lang='lat' dir='ltr'><strong>congruere</strong></span> <span class='ocrx_word' id='word_1_76' title='bbox 480 698 602 729; x_wconf 83' lang='lat' dir='ltr'><strong>Paulus</strong></span> <span class='ocrx_word' id='word_1_77' title='bbox 626 697 778 736; x_wconf 86' lang='lat' dir='ltr'><strong>ostendit,</strong></span> <span class='ocrx_word' id='word_1_78' title='bbox 802 697 899 728; x_wconf 87' lang='lat' dir='ltr'><strong>Rom.</strong></span> <span class='ocrx_word' id='word_1_79' title='bbox 918 698 967 736; x_wconf 90' lang='lat'><strong>10,</strong></span> <span class='ocrx_word' id='word_1_80' title='bbox 989 698 1019 735; x_wconf 89' lang='lat'><strong>6,</strong></span> <span class='ocrx_word' id='word_1_81' title='bbox 1041 708 1140 737; x_wconf 92' lang='lat' dir='ltr'><strong>quum</strong></span> <span class='ocrx_word' id='word_1_82' title='bbox 1159 697 1257 728; x_wconf 88' lang='lat' dir='ltr'><strong>tradit</strong></span> 
     </span>
     <span class='ocr_line' id='line_1_12' title="bbox 285 739 1257 780; baseline -0.001 -8"><span class='ocrx_word' id='word_1_83' title='bbox 285 742 364 772; x_wconf 87' lang='lat' dir='ltr'><strong>illud</strong></span> <span class='ocrx_word' id='word_1_84' title='bbox 389 751 458 772; x_wconf 87' lang='lat' dir='ltr'><strong>esse</strong></span> <span class='ocrx_word' id='word_1_85' title='bbox 482 741 554 772; x_wconf 83' lang='lat' dir='ltr'><strong>fidei</strong></span> <span class='ocrx_word' id='word_1_86' title='bbox 573 741 705 771; x_wconf 90' lang='lat' dir='ltr'><strong>verbum</strong></span> <span class='ocrx_word' id='word_1_87' title='bbox 730 739 813 780; x_wconf 91' lang='lat' dir='ltr'><strong>quod</strong></span> <span class='ocrx_word' id='word_1_88' title='bbox 834 740 1048 780; x_wconf 84' lang='lat' dir='ltr'><strong>praedicabat.</strong></span> <span class='ocrx_word' id='word_1_89' title='bbox 1083 740 1257 771; x_wconf 87' lang='lat' dir='ltr'><strong>Praeterea</strong></span> 
     </span>
     <span class='ocr_line' id='line_1_13' title="bbox 285 783 1255 823; baseline -0.001 -8"><span class='ocrx_word' id='word_1_90' title='bbox 285 785 337 816; x_wconf 90' lang='lat' dir='ltr'><strong>hic</strong></span> <span class='ocrx_word' id='word_1_91' title='bbox 368 794 432 815; x_wconf 91' lang='lat' dir='ltr'><strong>non</strong></span> <span class='ocrx_word' id='word_1_92' title='bbox 457 783 584 823; x_wconf 81' lang='lat' dir='ltr'><strong>vulgari</strong></span> <span class='ocrx_word' id='word_1_93' title='bbox 608 783 712 823; x_wconf 88' lang='lat' dir='ltr'><strong>elogio</strong></span> <span class='ocrx_word' id='word_1_94' title='bbox 734 788 869 814; x_wconf 83' lang='lat' dir='ltr'><strong>externa</strong></span> <span class='ocrx_word' id='word_1_95' title='bbox 897 783 1092 823; x_wconf 82' lang='lat' dir='ltr'><strong>praedicatio</strong></span> <span class='ocrx_word' id='word_1_96' title='bbox 1112 789 1255 819; x_wconf 85' lang='lat' dir='ltr'><strong>ornatur,</strong></span> 
     </span>
     <span class='ocr_line' id='line_1_14' title="bbox 285 825 1257 867; baseline -0.002 -9"><span class='ocrx_word' id='word_1_97' title='bbox 285 838 382 867; x_wconf 87' lang='lat' dir='ltr'><strong>quum</strong></span> <span class='ocrx_word' id='word_1_98' title='bbox 401 827 516 858; x_wconf 87' lang='lat' dir='ltr'><strong>Petrus</strong></span> <span class='ocrx_word' id='word_1_99' title='bbox 540 826 628 857; x_wconf 84' lang='lat' dir='ltr'><strong>illam</strong></span> <span class='ocrx_word' id='word_1_100' title='bbox 653 836 722 857; x_wconf 89' lang='lat' dir='ltr'><strong>esse</strong></span> <span class='ocrx_word' id='word_1_101' title='bbox 742 826 905 857; x_wconf 82' lang='lat' dir='ltr'><strong>vivificam</strong></span> <span class='ocrx_word' id='word_1_102' title='bbox 925 826 1123 866; x_wconf 77' lang='lat' dir='ltr'><strong>pronuntiat.</strong></span> <span class='ocrx_word' id='word_1_103' title='bbox 1159 825 1257 857; x_wconf 84' lang='lat' dir='ltr'><strong>Solus</strong></span> 
     </span>
     <span class='ocr_line' id='line_1_15' title="bbox 285 868 1255 909; baseline -0.002 -9"><span class='ocrx_word' id='word_1_104' title='bbox 285 870 413 909; x_wconf 89' lang='lat' dir='ltr'><strong>quidem</strong></span> <span class='ocrx_word' id='word_1_105' title='bbox 443 875 491 900; x_wconf 90' lang='lat' dir='ltr'><strong>est</strong></span> <span class='ocrx_word' id='word_1_106' title='bbox 515 868 606 900; x_wconf 91' lang='lat' dir='ltr'><strong>Deus</strong></span> <span class='ocrx_word' id='word_1_107' title='bbox 635 869 691 908; x_wconf 88' lang='lat' dir='ltr'><strong>qui</strong></span> <span class='ocrx_word' id='word_1_108' title='bbox 723 879 780 900; x_wconf 92' lang='lat' dir='ltr'><strong>nos</strong></span> <span class='ocrx_word' id='word_1_109' title='bbox 811 874 998 909; x_wconf 84' lang='lat' dir='ltr'><strong>regenerat,</strong></span> <span class='ocrx_word' id='word_1_110' title='bbox 1029 869 1086 900; x_wconf 91' lang='lat' dir='ltr'><strong>sed</strong></span> <span class='ocrx_word' id='word_1_111' title='bbox 1116 868 1156 899; x_wconf 91' lang='lat' dir='ltr'><strong>ad</strong></span> <span class='ocrx_word' id='word_1_112' title='bbox 1186 878 1255 899; x_wconf 82' lang='lat' dir='ltr'><strong>eam</strong></span> 
     </span>
     <span class='ocr_line' id='line_1_16' title="bbox 285 911 1256 951; baseline -0.002 -8"><span class='ocrx_word' id='word_1_113' title='bbox 285 923 353 944; x_wconf 88' lang='lat' dir='ltr'><strong>rem</strong></span> <span class='ocrx_word' id='word_1_114' title='bbox 384 913 485 943; x_wconf 84' lang='lat' dir='ltr'><strong>utitur</strong></span> <span class='ocrx_word' id='word_1_115' title='bbox 515 911 683 943; x_wconf 89' lang='lat' dir='ltr'><strong>hominum</strong></span> <span class='ocrx_word' id='word_1_116' title='bbox 708 911 897 943; x_wconf 90' lang='lat' dir='ltr'><strong>ministerio.</strong></span> <span class='ocrx_word' id='word_1_117' title='bbox 943 911 1018 950; x_wconf 82' lang='lat' dir='ltr'><strong>Qua</strong></span> <span class='ocrx_word' id='word_1_118' title='bbox 1041 912 1166 942; x_wconf 90' lang='lat' dir='ltr'><strong>ratione</strong></span> <span class='ocrx_word' id='word_1_119' title='bbox 1189 911 1256 951; x_wconf 87' lang='lat' dir='ltr'><strong>glo-</strong></span> 
     </span>
     <span class='ocr_line' id='line_1_17' title="bbox 284 954 1257 994; baseline -0.002 -8"><span class='ocrx_word' id='word_1_120' title='bbox 284 956 387 986; x_wconf 87' lang='lat' dir='ltr'><strong>riatur</strong></span> <span class='ocrx_word' id='word_1_121' title='bbox 417 954 540 986; x_wconf 87' lang='lat' dir='ltr'><strong>Paulus</strong></span> <span class='ocrx_word' id='word_1_122' title='bbox 564 954 752 986; x_wconf 85' lang='lat' dir='ltr'><strong>Corinthios</strong></span> <span class='ocrx_word' id='word_1_123' title='bbox 782 954 995 994; x_wconf 78' lang='lat' dir='ltr'><strong>spiritualiter</strong></span> <span class='ocrx_word' id='word_1_124' title='bbox 1024 965 1042 985; x_wconf 92' lang='lat' dir='ltr'><strong>a</strong></span> <span class='ocrx_word' id='word_1_125' title='bbox 1070 964 1103 985; x_wconf 89' lang='lat' dir='ltr'><strong>se</strong></span> <span class='ocrx_word' id='word_1_126' title='bbox 1131 955 1257 993; x_wconf 82' lang='lat' dir='ltr'><strong>genitos</strong></span> 
     </span>
     <span class='ocr_line' id='line_1_18' title="bbox 284 996 1256 1038; baseline -0.002 -10"><span class='ocrx_word' id='word_1_127' title='bbox 284 998 327 1038; x_wconf 89' lang='lat'><strong>(1.</strong></span> <span class='ocrx_word' id='word_1_128' title='bbox 351 998 423 1029; x_wconf 82' lang='lat' dir='ltr'><strong>Cor.</strong></span> <span class='ocrx_word' id='word_1_129' title='bbox 447 997 477 1034; x_wconf 88' lang='lat'><strong>4,</strong></span> <span class='ocrx_word' id='word_1_130' title='bbox 502 997 564 1038; x_wconf 85' lang='lat'><strong>15).</strong></span> <span class='ocrx_word' id='word_1_131' title='bbox 611 997 744 1029; x_wconf 85' lang='lat' dir='ltr'><strong>Certum</strong></span> <span class='ocrx_word' id='word_1_132' title='bbox 776 997 906 1037; x_wconf 91' lang='lat' dir='ltr'><strong>quidem</strong></span> <span class='ocrx_word' id='word_1_133' title='bbox 937 1002 986 1029; x_wconf 85' lang='lat' dir='ltr'><strong>cst</strong></span> <span class='ocrx_word' id='word_1_134' title='bbox 1012 1007 1065 1028; x_wconf 89' lang='lat' dir='ltr'><strong>eos</strong></span> <span class='ocrx_word' id='word_1_135' title='bbox 1088 997 1142 1035; x_wconf 90' lang='lat' dir='ltr'><strong>qui</strong></span> <span class='ocrx_word' id='word_1_136' title='bbox 1167 996 1256 1035; x_wconf 90' lang='lat' dir='ltr'><strong>plan-</strong></span> 
     </span>
     <span class='ocr_line' id='line_1_19' title="bbox 285 1038 1257 1081; baseline -0.003 -10"><span class='ocrx_word' id='word_1_137' title='bbox 285 1046 355 1071; x_wconf 82' lang='lat' dir='ltr'><strong>tant</strong></span> <span class='ocrx_word' id='word_1_138' title='bbox 389 1047 420 1071; x_wconf 88' lang='lat' dir='ltr'><strong>et</strong></span> <span class='ocrx_word' id='word_1_139' title='bbox 454 1041 579 1081; x_wconf 83' lang='lat' dir='ltr'><strong>rigant,</strong></span> <span class='ocrx_word' id='word_1_140' title='bbox 613 1040 695 1071; x_wconf 88' lang='lat' dir='ltr'><strong>nihil</strong></span> <span class='ocrx_word' id='word_1_141' title='bbox 729 1049 816 1071; x_wconf 88' lang='lat' dir='ltr'><strong>esse:</strong></span> <span class='ocrx_word' id='word_1_142' title='bbox 852 1040 907 1071; x_wconf 87' lang='lat' dir='ltr'><strong>sed</strong></span> <span class='ocrx_word' id='word_1_143' title='bbox 942 1041 1065 1079; x_wconf 89' lang='lat' dir='ltr'><strong>quoties</strong></span> <span class='ocrx_word' id='word_1_144' title='bbox 1096 1038 1257 1069; x_wconf 85' lang='lat' dir='ltr'><strong>Dominus</strong></span> 
     </span>
     <span class='ocr_line' id='line_1_20' title="bbox 284 1082 1257 1122; baseline -0.003 -8"><span class='ocrx_word' id='word_1_145' title='bbox 284 1082 472 1114; x_wconf 88' lang='lat' dir='ltr'><strong>benedicere</strong></span> <span class='ocrx_word' id='word_1_146' title='bbox 502 1083 574 1114; x_wconf 83' lang='lat' dir='ltr'><strong>vult</strong></span> <span class='ocrx_word' id='word_1_147' title='bbox 604 1091 716 1114; x_wconf 89' lang='lat' dir='ltr'><strong>eorum</strong></span> <span class='ocrx_word' id='word_1_148' title='bbox 749 1082 866 1121; x_wconf 88' lang='lat' dir='ltr'><strong>labori,</strong></span> <span class='ocrx_word' id='word_1_149' title='bbox 899 1083 1032 1122; x_wconf 87' lang='lat' dir='ltr'><strong>spiritus</strong></span> <span class='ocrx_word' id='word_1_150' title='bbox 1062 1082 1110 1113; x_wconf 88' lang='lat' dir='ltr'><strong>sui</strong></span> <span class='ocrx_word' id='word_1_151' title='bbox 1136 1082 1257 1112; x_wconf 88' lang='lat' dir='ltr'><strong>virtute</strong></span> 
     </span>
     <span class='ocr_line' id='line_1_21' title="bbox 284 1125 1257 1164; baseline -0.003 -7"><span class='ocrx_word' id='word_1_152' title='bbox 284 1126 358 1157; x_wconf 85' lang='lat' dir='ltr'><strong>facit</strong></span> <span class='ocrx_word' id='word_1_153' title='bbox 392 1132 428 1157; x_wconf 90' lang='lat' dir='ltr'><strong>ut</strong></span> <span class='ocrx_word' id='word_1_154' title='bbox 462 1126 577 1158; x_wconf 80' lang='lat' dir='ltr'><strong>efficax</strong></span> <span class='ocrx_word' id='word_1_155' title='bbox 612 1125 655 1157; x_wconf 89' lang='lat' dir='ltr'><strong>sit</strong></span> <span class='ocrx_word' id='word_1_156' title='bbox 685 1135 794 1157; x_wconf 85' lang='lat' dir='ltr'><strong>eorum</strong></span> <span class='ocrx_word' id='word_1_157' title='bbox 823 1125 984 1156; x_wconf 90' lang='lat' dir='ltr'><strong>doctrina:</strong></span> <span class='ocrx_word' id='word_1_158' title='bbox 1019 1130 1051 1155; x_wconf 88' lang='lat' dir='ltr'><strong>et</strong></span> <span class='ocrx_word' id='word_1_159' title='bbox 1080 1134 1143 1155; x_wconf 81' lang='lat' dir='ltr'><strong>vox</strong></span> <span class='ocrx_word' id='word_1_160' title='bbox 1174 1133 1257 1164; x_wconf 86' lang='lat' dir='ltr'><strong>quae</strong></span> 
     </span>
     <span class='ocr_line' id='line_1_22' title="bbox 284 1169 1170 1209; baseline -0.003 -9"><span class='ocrx_word' id='word_1_161' title='bbox 284 1179 341 1209; x_wconf 90' lang='lat' dir='ltr'><strong>per</strong></span> <span class='ocrx_word' id='word_1_162' title='bbox 364 1179 397 1200; x_wconf 89' lang='lat' dir='ltr'><strong>se</strong></span> <span class='ocrx_word' id='word_1_163' title='bbox 422 1174 551 1200; x_wconf 86' lang='lat' dir='ltr'><strong>mortua</strong></span> <span class='ocrx_word' id='word_1_164' title='bbox 574 1173 633 1207; x_wconf 88' lang='lat' dir='ltr'><strong>est,</strong></span> <span class='ocrx_word' id='word_1_165' title='bbox 657 1169 742 1199; x_wconf 88' lang='lat' dir='ltr'><strong>vitae</strong></span> <span class='ocrx_word' id='word_1_166' title='bbox 766 1174 915 1199; x_wconf 78' lang='lat' dir='ltr'><strong>aeternae</strong></span> <span class='ocrx_word' id='word_1_167' title='bbox 938 1169 979 1199; x_wconf 88' lang='lat' dir='ltr'><strong>sit</strong></span> <span class='ocrx_word' id='word_1_168' title='bbox 1002 1177 1170 1208; x_wconf 83' lang='lat' dir='ltr'><strong>organum.</strong></span> 
     </span>
    </p>
   </div>
   <div class='ocr_carea' id='block_1_8' title="bbox 643 1296 898 1336">
    <p class='ocr_par' dir='ltr' id='par_1_8' title="bbox 643 1296 898 1336">
     <span class='ocr_line' id='line_1_23' title="bbox 643 1296 898 1336; baseline -0.008 0"><span class='ocrx_word' id='word_1_169' title='bbox 643 1297 821 1336; x_wconf 86' lang='lat' dir='ltr'><strong>CAPUT</strong></span> <span class='ocrx_word' id='word_1_170' title='bbox 845 1296 898 1334; x_wconf 90' lang='lat' dir='ltr'><strong>ll.</strong></span> 
     </span>
    </p>
   </div>
   <div class='ocr_carea' id='block_1_9' title="bbox 283 1380 1259 1842">
    <p class='ocr_par' dir='ltr' id='par_1_9' title="bbox 283 1380 1259 1842">
     <span class='ocr_line' id='line_1_24' title="bbox 372 1380 1256 1422; baseline 0 -10"><span class='ocrx_word' id='word_1_171' title='bbox 372 1382 400 1412; x_wconf 89' lang='lat'><strong>1.</strong></span> <span class='ocrx_word' id='word_1_172' title='bbox 426 1381 564 1413; x_wconf 75' lang='lat' dir='ltr'><strong>Proinde</strong></span> <span class='ocrx_word' id='word_1_173' title='bbox 586 1382 726 1422; x_wconf 60' lang='lat' dir='ltr'><strong>deposita</strong></span> <span class='ocrx_word' id='word_1_174' title='bbox 748 1381 831 1412; x_wconf 75' lang='lat' dir='ltr'><strong>omni</strong></span> <span class='ocrx_word' id='word_1_175' title='bbox 855 1380 990 1420; x_wconf 79' lang='lat' dir='ltr'><strong>malitia,</strong></span> <span class='ocrx_word' id='word_1_176' title='bbox 1020 1383 1048 1412; x_wconf 76' lang='lat' dir='ltr'><strong>et</strong></span> <span class='ocrx_word' id='word_1_177' title='bbox 1070 1380 1154 1411; x_wconf 81' lang='lat' dir='ltr'><strong>omni</strong></span> <span class='ocrx_word' id='word_1_178' title='bbox 1176 1380 1256 1419; x_wconf 79' lang='lat' dir='ltr'><strong>dolo,</strong></span> 
     </span>
     <span class='ocr_line' id='line_1_25' title="bbox 284 1423 1257 1463; baseline -0.002 -7"><span class='ocrx_word' id='word_1_179' title='bbox 284 1427 311 1456; x_wconf 75' lang='lat' dir='ltr'><strong>et</strong></span> <span class='ocrx_word' id='word_1_180' title='bbox 332 1424 592 1462; x_wconf 74' lang='lat' dir='ltr'><strong>simulationibus,</strong></span> <span class='ocrx_word' id='word_1_181' title='bbox 616 1427 642 1456; x_wconf 80' lang='lat' dir='ltr'><strong>et</strong></span> <span class='ocrx_word' id='word_1_182' title='bbox 664 1424 804 1463; x_wconf 73' lang='lat' dir='ltr'><strong>invidiis,</strong></span> <span class='ocrx_word' id='word_1_183' title='bbox 828 1426 854 1454; x_wconf 77' lang='lat' dir='ltr'><strong>et</strong></span> <span class='ocrx_word' id='word_1_184' title='bbox 876 1423 1017 1454; x_wconf 79' lang='lat' dir='ltr'><strong>omnibus</strong></span> <span class='ocrx_word' id='word_1_185' title='bbox 1040 1423 1257 1454; x_wconf 76' lang='lat' dir='ltr'><strong>obtrectationi-</strong></span> 
     </span>
     <span class='ocr_line' id='line_1_26' title="bbox 284 1466 1257 1507; baseline 0 -9"><span class='ocrx_word' id='word_1_186' title='bbox 284 1467 349 1507; x_wconf 80' lang='lat' dir='ltr'><strong>bus,</strong></span> <span class='ocrx_word' id='word_1_187' title='bbox 395 1468 424 1498; x_wconf 85' lang='grc'><strong>2.</strong></span> <span class='ocrx_word' id='word_1_188' title='bbox 448 1469 595 1507; x_wconf 78' lang='lat' dir='ltr'><strong>tanquam</strong></span> <span class='ocrx_word' id='word_1_189' title='bbox 624 1467 713 1498; x_wconf 82' lang='lat' dir='ltr'><strong>modo</strong></span> <span class='ocrx_word' id='word_1_190' title='bbox 740 1466 838 1507; x_wconf 74' lang='lat' dir='ltr'><strong>qeniti</strong></span> <span class='ocrx_word' id='word_1_191' title='bbox 860 1466 1006 1506; x_wconf 77' lang='lat' dir='ltr'><strong>infantes,</strong></span> <span class='ocrx_word' id='word_1_192' title='bbox 1035 1466 1083 1498; x_wconf 83' lang='lat' dir='ltr'><strong>lac</strong></span> <span class='ocrx_word' id='word_1_193' title='bbox 1105 1466 1257 1498; x_wconf 76' lang='lat' dir='ltr'><strong>rationale</strong></span> 
     </span>
     <span class='ocr_line' id='line_1_27' title="bbox 284 1509 1257 1550; baseline -0.001 -9"><span class='ocrx_word' id='word_1_194' title='bbox 284 1513 311 1541; x_wconf 75' lang='lat' dir='ltr'><strong>et</strong></span> <span class='ocrx_word' id='word_1_195' title='bbox 340 1510 409 1541; x_wconf 85' lang='lat' dir='ltr'><strong>dolo</strong></span> <span class='ocrx_word' id='word_1_196' title='bbox 437 1520 567 1541; x_wconf 83' lang='lat' dir='ltr'><strong>vacuam</strong></span> <span class='ocrx_word' id='word_1_197' title='bbox 599 1510 744 1550; x_wconf 75' lang='lat' dir='ltr'><strong>appetite,</strong></span> <span class='ocrx_word' id='word_1_198' title='bbox 778 1511 812 1540; x_wconf 76' lang='lat' dir='ltr'><strong>ut</strong></span> <span class='ocrx_word' id='word_1_199' title='bbox 839 1518 900 1548; x_wconf 76' lang='lat' dir='ltr'><strong>per</strong></span> <span class='ocrx_word' id='word_1_200' title='bbox 932 1509 1013 1541; x_wconf 73' lang='lat' dir='ltr'><strong>illud</strong></span> <span class='ocrx_word' id='word_1_201' title='bbox 1041 1509 1257 1540; x_wconf 69' lang='lat' dir='ltr'><strong>subolesoatis:</strong></span> 
     </span>
     <span class='ocr_line' id='line_1_28' title="bbox 284 1551 1257 1593; baseline -0.001 -9"><span class='ocrx_word' id='word_1_202' title='bbox 284 1553 314 1584; x_wconf 88' lang='lat'><strong>3.</strong></span> <span class='ocrx_word' id='word_1_203' title='bbox 340 1552 376 1584; x_wconf 85' lang='lat' dir='ltr'><strong>Si</strong></span> <span class='ocrx_word' id='word_1_204' title='bbox 405 1553 529 1592; x_wconf 81' lang='lat' dir='ltr'><strong>quidem</strong></span> <span class='ocrx_word' id='word_1_205' title='bbox 557 1553 708 1593; x_wconf 74' lang='lat' dir='ltr'><strong>qustastis</strong></span> <span class='ocrx_word' id='word_1_206' title='bbox 736 1552 817 1591; x_wconf 78' lang='lat' dir='ltr'><strong>quod</strong></span> <span class='ocrx_word' id='word_1_207' title='bbox 845 1552 994 1592; x_wconf 77' lang='lat' dir='ltr'><strong>beniynus</strong></span> <span class='ocrx_word' id='word_1_208' title='bbox 1023 1552 1064 1584; x_wconf 72' lang='lat' dir='ltr'><strong>sit</strong></span> <span class='ocrx_word' id='word_1_209' title='bbox 1085 1551 1257 1583; x_wconf 76' lang='lat' dir='ltr'><strong>Dominus:</strong></span> 
     </span>
     <span class='ocr_line' id='line_1_29' title="bbox 283 1594 1258 1636; baseline 0.001 -10"><span class='ocrx_word' id='word_1_210' title='bbox 283 1596 314 1627; x_wconf 88' lang='lat'><strong>4.</strong></span> <span class='ocrx_word' id='word_1_211' title='bbox 338 1595 393 1626; x_wconf 79' lang='lat' dir='ltr'><strong>Ad</strong></span> <span class='ocrx_word' id='word_1_212' title='bbox 421 1605 510 1636; x_wconf 76' lang='lat' dir='ltr'><strong>quem</strong></span> <span class='ocrx_word' id='word_1_213' title='bbox 536 1595 719 1635; x_wconf 81' lang='lat' dir='ltr'><strong>accedentes,</strong></span> <span class='ocrx_word' id='word_1_214' title='bbox 750 1595 805 1634; x_wconf 77' lang='lat' dir='ltr'><strong>qui</strong></span> <span class='ocrx_word' id='word_1_215' title='bbox 836 1597 880 1625; x_wconf 76' lang='lat' dir='ltr'><strong>est</strong></span> <span class='ocrx_word' id='word_1_216' title='bbox 901 1594 984 1635; x_wconf 75' lang='lat' dir='ltr'><strong>lapis</strong></span> <span class='ocrx_word' id='word_1_217' title='bbox 1005 1595 1109 1631; x_wconf 85' lang='lat' dir='ltr'><strong>vivus,</strong></span> <span class='ocrx_word' id='word_1_218' title='bbox 1140 1594 1178 1626; x_wconf 84' lang='lat' dir='ltr'><strong>ab</strong></span> <span class='ocrx_word' id='word_1_219' title='bbox 1207 1594 1258 1627; x_wconf 80' lang='lat' dir='ltr'><strong>ho-</strong></span> 
     </span>
     <span class='ocr_line' id='line_1_30' title="bbox 283 1637 1258 1678; baseline 0 -9"><span class='ocrx_word' id='word_1_220' title='bbox 283 1638 422 1669; x_wconf 84' lang='lat' dir='ltr'><strong>minibus</strong></span> <span class='ocrx_word' id='word_1_221' title='bbox 450 1638 572 1678; x_wconf 77' lang='lat' dir='ltr'><strong>quidem</strong></span> <span class='ocrx_word' id='word_1_222' title='bbox 600 1638 793 1678; x_wconf 73' lang='lat' dir='ltr'><strong>reprobatus,</strong></span> <span class='ocrx_word' id='word_1_223' title='bbox 821 1637 906 1677; x_wconf 77' lang='lat' dir='ltr'><strong>apud</strong></span> <span class='ocrx_word' id='word_1_224' title='bbox 928 1637 1032 1669; x_wconf 80' lang='lat' dir='ltr'><strong>Deum</strong></span> <span class='ocrx_word' id='word_1_225' title='bbox 1058 1647 1129 1669; x_wconf 82' lang='lat' dir='ltr'><strong>vero</strong></span> <span class='ocrx_word' id='word_1_226' title='bbox 1150 1637 1258 1669; x_wconf 72' lang='lat' dir='ltr'><strong>electus</strong></span> 
     </span>
     <span class='ocr_line' id='line_1_31' title="bbox 285 1680 1258 1721; baseline -0.002 -8"><span class='ocrx_word' id='word_1_227' title='bbox 285 1690 322 1713; x_wconf 83' lang='lat' dir='ltr'><strong>ac</strong></span> <span class='ocrx_word' id='word_1_228' title='bbox 346 1682 519 1721; x_wconf 74' lang='lat' dir='ltr'><strong>pretiosus.-</strong></span> <span class='ocrx_word' id='word_1_229' title='bbox 562 1681 592 1713; x_wconf 84' lang='lat'><strong>5.</strong></span> <span class='ocrx_word' id='word_1_230' title='bbox 622 1681 686 1721; x_wconf 71' lang='lat' dir='ltr'><strong>ipsi</strong></span> <span class='ocrx_word' id='word_1_231' title='bbox 720 1690 839 1721; x_wconf 80' lang='lat' dir='ltr'><strong>quoque</strong></span> <span class='ocrx_word' id='word_1_232' title='bbox 868 1682 1018 1720; x_wconf 76' lang='lat' dir='ltr'><strong>tanquam</strong></span> <span class='ocrx_word' id='word_1_233' title='bbox 1045 1681 1110 1711; x_wconf 85' lang='lat' dir='ltr'><strong>vivi</strong></span> <span class='ocrx_word' id='word_1_234' title='bbox 1139 1680 1258 1721; x_wconf 80' lang='lat' dir='ltr'><strong>lapides</strong></span> 
     </span>
     <span class='ocr_line' id='line_1_32' title="bbox 285 1723 1258 1764; baseline 0 -9"><span class='ocrx_word' id='word_1_235' title='bbox 285 1723 503 1764; x_wconf 77' lang='lat' dir='ltr'><strong>aedificamini,</strong></span> <span class='ocrx_word' id='word_1_236' title='bbox 530 1724 641 1756; x_wconf 79' lang='lat' dir='ltr'><strong>domus</strong></span> <span class='ocrx_word' id='word_1_237' title='bbox 663 1723 852 1763; x_wconf 73' lang='lat' dir='ltr'><strong>spiritualis,</strong></span> <span class='ocrx_word' id='word_1_238' title='bbox 881 1724 1088 1756; x_wconf 77' lang='lat' dir='ltr'><strong>sacerdotium</strong></span> <span class='ocrx_word' id='word_1_239' title='bbox 1110 1725 1258 1763; x_wconf 77' lang='lat' dir='ltr'><strong>sanctum,</strong></span> 
     </span>
     <span class='ocr_line' id='line_1_33' title="bbox 286 1765 1259 1807; baseline 0.002 -10"><span class='ocrx_word' id='word_1_240' title='bbox 286 1767 328 1798; x_wconf 80' lang='lat' dir='ltr'><strong>ad</strong></span> <span class='ocrx_word' id='word_1_241' title='bbox 362 1766 534 1807; x_wconf 78' lang='lat' dir='ltr'><strong>offerendas</strong></span> <span class='ocrx_word' id='word_1_242' title='bbox 562 1766 745 1807; x_wconf 76' lang='lat' dir='ltr'><strong>spirituales</strong></span> <span class='ocrx_word' id='word_1_243' title='bbox 775 1765 907 1803; x_wconf 79' lang='lat' dir='ltr'><strong>hostias,</strong></span> <span class='ocrx_word' id='word_1_244' title='bbox 942 1769 1081 1806; x_wconf 75' lang='lat' dir='ltr'><strong>acceptas</strong></span> <span class='ocrx_word' id='word_1_245' title='bbox 1110 1766 1177 1799; x_wconf 86' lang='lat' dir='ltr'><strong>Deo</strong></span> <span class='ocrx_word' id='word_1_246' title='bbox 1199 1776 1259 1806; x_wconf 79' lang='lat' dir='ltr'><strong>per</strong></span> 
     </span>
     <span class='ocr_line' id='line_1_34' title="bbox 287 1809 585 1842; baseline 0.003 -2"><span class='ocrx_word' id='word_1_247' title='bbox 287 1809 394 1841; x_wconf 81' lang='lat' dir='ltr'><strong>Iesum</strong></span> <span class='ocrx_word' id='word_1_248' title='bbox 418 1809 585 1842; x_wconf 74' lang='lat' dir='ltr'><strong>Christum.</strong></span> 
     </span>
    </p>
   </div>
   <div class='ocr_carea' id='block_1_10' title="bbox 289 1894 1262 2706">
    <p class='ocr_par' dir='ltr' id='par_1_10' title="bbox 289 1894 1262 2706">
     <span class='ocr_line' id='line_1_35' title="bbox 374 1894 1259 1937; baseline 0 -11"><span class='ocrx_word' id='word_1_249' title='bbox 374 1895 551 1935; x_wconf 85' lang='lat' dir='ltr'><strong>Postquam</strong></span> <span class='ocrx_word' id='word_1_250' title='bbox 575 1894 686 1926; x_wconf 88' lang='lat' dir='ltr'><strong>fideles</strong></span> <span class='ocrx_word' id='word_1_251' title='bbox 709 1894 819 1926; x_wconf 90' lang='lat' dir='ltr'><strong>docuit</strong></span> <span class='ocrx_word' id='word_1_252' title='bbox 841 1894 939 1927; x_wconf 90' lang='lat' dir='ltr'><strong>verbo</strong></span> <span class='ocrx_word' id='word_1_253' title='bbox 955 1895 1018 1926; x_wconf 90' lang='lat' dir='ltr'><strong>Dei</strong></span> <span class='ocrx_word' id='word_1_254' title='bbox 1041 1905 1111 1927; x_wconf 86' lang='lat' dir='ltr'><strong>esse</strong></span> <span class='ocrx_word' id='word_1_255' title='bbox 1134 1895 1259 1937; x_wconf 88' lang='lat' dir='ltr'><strong>regeni-</strong></span> 
     </span>
     <span class='ocr_line' id='line_1_36' title="bbox 289 1937 1259 1979; baseline 0 -10"><span class='ocrx_word' id='word_1_256' title='bbox 289 1943 346 1976; x_wconf 87' lang='lat' dir='ltr'><strong>tos,</strong></span> <span class='ocrx_word' id='word_1_257' title='bbox 374 1947 461 1969; x_wconf 89' lang='lat' dir='ltr'><strong>nunc</strong></span> <span class='ocrx_word' id='word_1_258' title='bbox 491 1937 644 1968; x_wconf 86' lang='lat' dir='ltr'><strong>hortatur</strong></span> <span class='ocrx_word' id='word_1_259' title='bbox 673 1938 713 1968; x_wconf 86' lang='lat' dir='ltr'><strong>ad</strong></span> <span class='ocrx_word' id='word_1_260' title='bbox 737 1938 916 1969; x_wconf 82' lang='lat' dir='ltr'><strong>ducendam</strong></span> <span class='ocrx_word' id='word_1_261' title='bbox 941 1938 1040 1969; x_wconf 90' lang='lat' dir='ltr'><strong>vitam</strong></span> <span class='ocrx_word' id='word_1_262' title='bbox 1064 1948 1147 1979; x_wconf 90' lang='lat' dir='ltr'><strong>quae</strong></span> <span class='ocrx_word' id='word_1_263' title='bbox 1169 1939 1259 1979; x_wconf 92' lang='lat' dir='ltr'><strong>geni-</strong></span> 
     </span>
     <span class='ocr_line' id='line_1_37' title="bbox 289 1980 1259 2021; baseline 0.001 -11"><span class='ocrx_word' id='word_1_264' title='bbox 289 1985 380 2011; x_wconf 84' lang='lat' dir='ltr'><strong>turae</strong></span> <span class='ocrx_word' id='word_1_265' title='bbox 410 1980 614 2020; x_wconf 81' lang='lat' dir='ltr'><strong>respondeat.</strong></span> <span class='ocrx_word' id='word_1_266' title='bbox 662 1980 697 2012; x_wconf 87' lang='lat' dir='ltr'><strong>Si</strong></span> <span class='ocrx_word' id='word_1_267' title='bbox 728 1981 813 2012; x_wconf 87' lang='lat' dir='ltr'><strong>enim</strong></span> <span class='ocrx_word' id='word_1_268' title='bbox 837 1981 955 2021; x_wconf 87' lang='lat' dir='ltr'><strong>spiritu</strong></span> <span class='ocrx_word' id='word_1_269' title='bbox 978 1981 1131 2019; x_wconf 85' lang='lat' dir='ltr'><strong>vivimus,</strong></span> <span class='ocrx_word' id='word_1_270' title='bbox 1161 1981 1259 2013; x_wconf 86' lang='lat' dir='ltr'><strong>etiam</strong></span> 
     </span>
     <span class='ocr_line' id='line_1_38' title="bbox 291 2022 1258 2065; baseline 0.003 -13"><span class='ocrx_word' id='word_1_271' title='bbox 291 2023 406 2062; x_wconf 86' lang='lat' dir='ltr'><strong>spiritu</strong></span> <span class='ocrx_word' id='word_1_272' title='bbox 422 2022 652 2054; x_wconf 89' lang='lat' dir='ltr'><strong>ambulandum</strong></span> <span class='ocrx_word' id='word_1_273' title='bbox 669 2027 726 2062; x_wconf 89' lang='lat' dir='ltr'><strong>est,</strong></span> <span class='ocrx_word' id='word_1_274' title='bbox 745 2029 782 2054; x_wconf 91' lang='lat' dir='ltr'><strong>ut</strong></span> <span class='ocrx_word' id='word_1_275' title='bbox 798 2024 904 2064; x_wconf 90' lang='lat' dir='ltr'><strong>inquit</strong></span> <span class='ocrx_word' id='word_1_276' title='bbox 916 2024 1038 2055; x_wconf 89' lang='lat' dir='ltr'><strong>Paulus</strong></span> <span class='ocrx_word' id='word_1_277' title='bbox 1051 2024 1139 2065; x_wconf 85' lang='lat' dir='ltr'><strong>(Gal.</strong></span> <span class='ocrx_word' id='word_1_278' title='bbox 1152 2024 1181 2061; x_wconf 82' lang='lat'><strong>5,</strong></span> <span class='ocrx_word' id='word_1_279' title='bbox 1194 2023 1258 2065; x_wconf 82' lang='lat'><strong>25).</strong></span> 
     </span>
     <span class='ocr_line' id='line_1_39' title="bbox 289 2065 1260 2105; baseline 0.003 -10"><span class='ocrx_word' id='word_1_280' title='bbox 289 2065 378 2105; x_wconf 84' lang='lat' dir='ltr'><strong>Ergo</strong></span> <span class='ocrx_word' id='word_1_281' title='bbox 410 2075 474 2096; x_wconf 90' lang='lat' dir='ltr'><strong>non</strong></span> <span class='ocrx_word' id='word_1_282' title='bbox 504 2066 624 2097; x_wconf 89' lang='lat' dir='ltr'><strong>sufficit</strong></span> <span class='ocrx_word' id='word_1_283' title='bbox 654 2077 712 2097; x_wconf 90' lang='lat' dir='ltr'><strong>nos</strong></span> <span class='ocrx_word' id='word_1_284' title='bbox 742 2066 841 2098; x_wconf 89' lang='lat' dir='ltr'><strong>semel</strong></span> <span class='ocrx_word' id='word_1_285' title='bbox 871 2077 889 2097; x_wconf 91' lang='lat' dir='ltr'><strong>a</strong></span> <span class='ocrx_word' id='word_1_286' title='bbox 919 2066 1062 2098; x_wconf 91' lang='lat' dir='ltr'><strong>Domino</strong></span> <span class='ocrx_word' id='word_1_287' title='bbox 1090 2071 1260 2099; x_wconf 84' lang='lat' dir='ltr'><strong>renovatos</strong></span> 
     </span>
     <span class='ocr_line' id='line_1_40' title="bbox 290 2108 1261 2145; baseline 0.003 -7"><span class='ocrx_word' id='word_1_288' title='bbox 290 2117 370 2145; x_wconf 87' lang='lat' dir='ltr'><strong>esse,</strong></span> <span class='ocrx_word' id='word_1_289' title='bbox 394 2108 458 2138; x_wconf 90' lang='lat' dir='ltr'><strong>nisi</strong></span> <span class='ocrx_word' id='word_1_290' title='bbox 482 2108 630 2140; x_wconf 85' lang='lat' dir='ltr'><strong>vivamus</strong></span> <span class='ocrx_word' id='word_1_291' title='bbox 653 2114 689 2140; x_wconf 89' lang='lat' dir='ltr'><strong>ut</strong></span> <span class='ocrx_word' id='word_1_292' title='bbox 711 2118 814 2141; x_wconf 83' lang='lat' dir='ltr'><strong>novas</strong></span> <span class='ocrx_word' id='word_1_293' title='bbox 837 2115 1002 2141; x_wconf 88' lang='lat' dir='ltr'><strong>creaturas</strong></span> <span class='ocrx_word' id='word_1_294' title='bbox 1025 2109 1125 2141; x_wconf 87' lang='lat' dir='ltr'><strong>decet.</strong></span> <span class='ocrx_word' id='word_1_295' title='bbox 1170 2109 1261 2141; x_wconf 88' lang='lat' dir='ltr'><strong>Haec</strong></span> 
     </span>
     <span class='ocr_line' id='line_1_41' title="bbox 290 2151 1260 2192; baseline 0.004 -12"><span class='ocrx_word' id='word_1_296' title='bbox 290 2159 418 2182; x_wconf 90' lang='lat' dir='ltr'><strong>summa</strong></span> <span class='ocrx_word' id='word_1_297' title='bbox 440 2155 498 2182; x_wconf 86' lang='lat' dir='ltr'><strong>est.</strong></span> <span class='ocrx_word' id='word_1_298' title='bbox 545 2151 667 2182; x_wconf 88' lang='lat' dir='ltr'><strong>Verum</strong></span> <span class='ocrx_word' id='word_1_299' title='bbox 692 2152 776 2192; x_wconf 92' lang='lat' dir='ltr'><strong>quod</strong></span> <span class='ocrx_word' id='word_1_300' title='bbox 800 2153 940 2192; x_wconf 84' lang='lat' dir='ltr'><strong>pertinet</strong></span> <span class='ocrx_word' id='word_1_301' title='bbox 966 2152 1006 2183; x_wconf 90' lang='lat' dir='ltr'><strong>ad</strong></span> <span class='ocrx_word' id='word_1_302' title='bbox 1030 2153 1138 2192; x_wconf 88' lang='lat' dir='ltr'><strong>verba,</strong></span> <span class='ocrx_word' id='word_1_303' title='bbox 1161 2157 1260 2184; x_wconf 85' lang='lat' dir='ltr'><strong>meta-</strong></span> 
     </span>
     <span class='ocr_line' id='line_1_42' title="bbox 289 2192 1260 2241; baseline 0.004 -18"><span class='ocrx_word' id='word_1_304' title='bbox 289 2192 426 2241; x_wconf 83' lang='lat' dir='ltr'><strong>phoram</strong></span> <span class='ocrx_word' id='word_1_305' title='bbox 450 2203 542 2225; x_wconf 86' lang='lat' dir='ltr'><strong>suam</strong></span> <span class='ocrx_word' id='word_1_306' title='bbox 565 2195 730 2226; x_wconf 86' lang='lat' dir='ltr'><strong>continuat</strong></span> <span class='ocrx_word' id='word_1_307' title='bbox 750 2195 922 2235; x_wconf 87' lang='lat' dir='ltr'><strong>apostolus.</strong></span> <span class='ocrx_word' id='word_1_308' title='bbox 956 2195 1041 2226; x_wconf 88' lang='lat' dir='ltr'><strong>Nam</strong></span> <span class='ocrx_word' id='word_1_309' title='bbox 1058 2196 1133 2235; x_wconf 89' lang='lat' dir='ltr'><strong>quia</strong></span> <span class='ocrx_word' id='word_1_310' title='bbox 1149 2205 1260 2227; x_wconf 89' lang='lat' dir='ltr'><strong>sumus</strong></span> 
     </span>
     <span class='ocr_line' id='line_1_43' title="bbox 291 2236 1260 2279; baseline 0.004 -13"><span class='ocrx_word' id='word_1_311' title='bbox 291 2236 438 2276; x_wconf 84' lang='lat' dir='ltr'><strong>regeniti,</strong></span> <span class='ocrx_word' id='word_1_312' title='bbox 461 2236 617 2277; x_wconf 88' lang='lat' dir='ltr'><strong>puerilem</strong></span> <span class='ocrx_word' id='word_1_313' title='bbox 642 2247 661 2268; x_wconf 91' lang='lat' dir='ltr'><strong>a</strong></span> <span class='ocrx_word' id='word_1_314' title='bbox 683 2238 776 2269; x_wconf 89' lang='lat' dir='ltr'><strong>nobis</strong></span> <span class='ocrx_word' id='word_1_315' title='bbox 800 2239 899 2269; x_wconf 89' lang='lat' dir='ltr'><strong>vitam</strong></span> <span class='ocrx_word' id='word_1_316' title='bbox 923 2238 1041 2279; x_wconf 77' lang='lat' dir='ltr'><strong>exigit:</strong></span> <span class='ocrx_word' id='word_1_317' title='bbox 1072 2248 1135 2279; x_wconf 90' lang='lat' dir='ltr'><strong>quo</strong></span> <span class='ocrx_word' id='word_1_318' title='bbox 1158 2238 1260 2279; x_wconf 85' lang='lat' dir='ltr'><strong>signi-</strong></span> 
     </span>
     <span class='ocr_line' id='line_1_44' title="bbox 291 2278 1260 2321; baseline 0.004 -12"><span class='ocrx_word' id='word_1_319' title='bbox 291 2278 367 2309; x_wconf 89' lang='lat' dir='ltr'><strong>ficat</strong></span> <span class='ocrx_word' id='word_1_320' title='bbox 394 2279 578 2310; x_wconf 83' lang='lat' dir='ltr'><strong>exuendum</strong></span> <span class='ocrx_word' id='word_1_321' title='bbox 613 2290 683 2311; x_wconf 87' lang='lat' dir='ltr'><strong>esse</strong></span> <span class='ocrx_word' id='word_1_322' title='bbox 716 2290 788 2311; x_wconf 89' lang='lat' dir='ltr'><strong>cum</strong></span> <span class='ocrx_word' id='word_1_323' title='bbox 822 2281 973 2321; x_wconf 89' lang='lat' dir='ltr'><strong>operibus</strong></span> <span class='ocrx_word' id='word_1_324' title='bbox 1013 2282 1080 2313; x_wconf 85' lang='lat' dir='ltr'><strong>suis</strong></span> <span class='ocrx_word' id='word_1_325' title='bbox 1118 2285 1260 2313; x_wconf 86' lang='lat' dir='ltr'><strong>veterem</strong></span> 
     </span>
     <span class='ocr_line' id='line_1_45' title="bbox 291 2321 1261 2363; baseline 0.002 -11"><span class='ocrx_word' id='word_1_326' title='bbox 291 2321 467 2353; x_wconf 88' lang='lat' dir='ltr'><strong>hominem.</strong></span> <span class='ocrx_word' id='word_1_327' title='bbox 516 2321 594 2353; x_wconf 90' lang='lat' dir='ltr'><strong>Ideo</strong></span> <span class='ocrx_word' id='word_1_328' title='bbox 625 2323 774 2363; x_wconf 88' lang='lat' dir='ltr'><strong>congruit</strong></span> <span class='ocrx_word' id='word_1_329' title='bbox 801 2323 880 2355; x_wconf 89' lang='lat' dir='ltr'><strong>haec</strong></span> <span class='ocrx_word' id='word_1_330' title='bbox 910 2324 1073 2355; x_wconf 85' lang='lat' dir='ltr'><strong>sententia</strong></span> <span class='ocrx_word' id='word_1_331' title='bbox 1102 2334 1176 2356; x_wconf 88' lang='lat' dir='ltr'><strong>cum</strong></span> <span class='ocrx_word' id='word_1_332' title='bbox 1206 2324 1261 2355; x_wconf 88' lang='lat' dir='ltr'><strong>illa</strong></span> 
     </span>
     <span class='ocr_line' id='line_1_46' title="bbox 291 2363 1260 2415; baseline 0.004 -21"><span class='ocrx_word' id='word_1_333' title='bbox 291 2363 413 2396; x_wconf 86' lang='lat' dir='ltr'><strong>Christi</strong></span> <span class='ocrx_word' id='word_1_334' title='bbox 445 2364 577 2405; x_wconf 82' lang='lat' dir='ltr'><strong>(Matth.</strong></span> <span class='ocrx_word' id='word_1_335' title='bbox 604 2365 653 2403; x_wconf 90' lang='grc'><strong>18,</strong></span> <span class='ocrx_word' id='word_1_336' title='bbox 682 2365 733 2406; x_wconf 83' lang='grc'><strong>2);</strong></span> <span class='ocrx_word' id='word_1_337' title='bbox 767 2366 831 2397; x_wconf 87' lang='lat' dir='ltr'><strong>nisi</strong></span> <span class='ocrx_word' id='word_1_338' title='bbox 861 2366 1045 2398; x_wconf 90' lang='lat' dir='ltr'><strong>efficiamini</strong></span> <span class='ocrx_word' id='word_1_339' title='bbox 1076 2367 1158 2398; x_wconf 90' lang='lat' dir='ltr'><strong>sicut</strong></span> <span class='ocrx_word' id='word_1_340' title='bbox 1188 2377 1260 2415; x_wconf 84' lang='lat' dir='ltr'><strong>par-</strong></span> 
     </span>
     <span class='ocr_line' id='line_1_47' title="bbox 290 2407 1260 2449; baseline 0.004 -12"><span class='ocrx_word' id='word_1_341' title='bbox 290 2407 388 2438; x_wconf 82' lang='lat' dir='ltr'><strong>vulus</strong></span> <span class='ocrx_word' id='word_1_342' title='bbox 417 2407 487 2446; x_wconf 87' lang='lat' dir='ltr'><strong>iste,</strong></span> <span class='ocrx_word' id='word_1_343' title='bbox 519 2418 583 2439; x_wconf 91' lang='lat' dir='ltr'><strong>non</strong></span> <span class='ocrx_word' id='word_1_344' title='bbox 606 2408 769 2439; x_wconf 89' lang='lat' dir='ltr'><strong>intrabitis</strong></span> <span class='ocrx_word' id='word_1_345' title='bbox 792 2409 825 2439; x_wconf 91' lang='lat' dir='ltr'><strong>in</strong></span> <span class='ocrx_word' id='word_1_346' title='bbox 848 2419 985 2449; x_wconf 83' lang='lat' dir='ltr'><strong>regnum</strong></span> <span class='ocrx_word' id='word_1_347' title='bbox 1009 2409 1082 2441; x_wconf 89' lang='lat' dir='ltr'><strong>Dei.</strong></span> <span class='ocrx_word' id='word_1_348' title='bbox 1126 2410 1170 2441; x_wconf 89' lang='lat' dir='ltr'><strong>Et</strong></span> <span class='ocrx_word' id='word_1_349' title='bbox 1196 2410 1260 2440; x_wconf 91' lang='lat' dir='ltr'><strong>in-</strong></span> 
     </span>
     <span class='ocr_line' id='line_1_48' title="bbox 291 2449 1261 2493; baseline 0.004 -13"><span class='ocrx_word' id='word_1_350' title='bbox 291 2449 305 2480; x_wconf 92' lang='lat' dir='ltr'><strong>f</strong></span> <span class='ocrx_word' id='word_1_351' title='bbox 311 2449 426 2481; x_wconf 83' lang='lat' dir='ltr'><strong>antia</strong></span> <span class='ocrx_word' id='word_1_352' title='bbox 450 2450 538 2488; x_wconf 87' lang='lat' dir='ltr'><strong>haec,</strong></span> <span class='ocrx_word' id='word_1_353' title='bbox 561 2451 668 2482; x_wconf 87' lang='lat' dir='ltr'><strong>carnis</strong></span> <span class='ocrx_word' id='word_1_354' title='bbox 684 2451 846 2489; x_wconf 89' lang='lat' dir='ltr'><strong>vetustati,</strong></span> <span class='ocrx_word' id='word_1_355' title='bbox 871 2462 951 2492; x_wconf 86' lang='lat' dir='ltr'><strong>quae</strong></span> <span class='ocrx_word' id='word_1_356' title='bbox 967 2452 1008 2484; x_wconf 88' lang='lat' dir='ltr'><strong>ad</strong></span> <span class='ocrx_word' id='word_1_357' title='bbox 1024 2453 1261 2493; x_wconf 83' lang='lat' dir='ltr'><strong>corruptionem</strong></span> 
     </span>
     <span class='ocr_line' id='line_1_49' title="bbox 292 2476 1261 2535; baseline 0.004 -12"><span class='ocrx_word' id='word_1_358' title='bbox 292 2492 407 2531; x_wconf 83' lang='lat' dir='ltr'><strong>tendit,</strong></span> <span class='ocrx_word' id='word_1_359' title='bbox 436 2502 454 2523; x_wconf 92' lang='lat' dir='ltr'><strong>a</strong></span> <span class='ocrx_word' id='word_1_360' title='bbox 476 2493 576 2524; x_wconf 89' lang='lat' dir='ltr'><strong>Petro</strong></span> <span class='ocrx_word' id='word_1_361' title='bbox 607 2494 792 2535; x_wconf 90' lang='lat' dir='ltr'><strong>opponitur.</strong></span> <span class='ocrx_word' id='word_1_362' title='bbox 838 2476 983 2526; x_wconf 78' lang='lat' dir='ltr'><strong>&#39;Laetis</strong></span> <span class='ocrx_word' id='word_1_363' title='bbox 1013 2505 1092 2527; x_wconf 84' lang='lat' dir='ltr'><strong>vero</strong></span> <span class='ocrx_word' id='word_1_364' title='bbox 1121 2495 1261 2533; x_wconf 86' lang='lat' dir='ltr'><strong>nomine,</strong></span> 
     </span>
     <span class='ocr_line' id='line_1_50' title="bbox 291 2534 1262 2578; baseline 0.002 -12"><span class='ocrx_word' id='word_1_365' title='bbox 291 2534 426 2567; x_wconf 81' lang='lat' dir='ltr'><strong>affectus</strong></span> <span class='ocrx_word' id='word_1_366' title='bbox 454 2546 565 2568; x_wconf 90' lang='lat' dir='ltr'><strong>omnes</strong></span> <span class='ocrx_word' id='word_1_367' title='bbox 595 2536 773 2576; x_wconf 87' lang='lat' dir='ltr'><strong>spiritualis</strong></span> <span class='ocrx_word' id='word_1_368' title='bbox 795 2537 882 2568; x_wconf 81' lang='lat' dir='ltr'><strong>vitae</strong></span> <span class='ocrx_word' id='word_1_369' title='bbox 904 2537 1158 2578; x_wconf 88' lang='lat' dir='ltr'><strong>comprehendit.</strong></span> <span class='ocrx_word' id='word_1_370' title='bbox 1201 2538 1262 2569; x_wconf 89' lang='lat' dir='ltr'><strong>Est</strong></span> 
     </span>
     <span class='ocr_line' id='line_1_51' title="bbox 292 2577 1261 2621; baseline 0.003 -13"><span class='ocrx_word' id='word_1_371' title='bbox 292 2577 377 2608; x_wconf 84' lang='lat' dir='ltr'><strong>enim</strong></span> <span class='ocrx_word' id='word_1_372' title='bbox 411 2578 446 2608; x_wconf 89' lang='lat' dir='ltr'><strong>in</strong></span> <span class='ocrx_word' id='word_1_373' title='bbox 479 2578 540 2610; x_wconf 89' lang='lat' dir='ltr'><strong>hac</strong></span> <span class='ocrx_word' id='word_1_374' title='bbox 573 2589 700 2620; x_wconf 89' lang='lat' dir='ltr'><strong>quoque</strong></span> <span class='ocrx_word' id='word_1_375' title='bbox 733 2583 825 2620; x_wconf 87' lang='lat' dir='ltr'><strong>parte</strong></span> <span class='ocrx_word' id='word_1_376' title='bbox 856 2580 1027 2612; x_wconf 81' lang='lat' dir='ltr'><strong>antithesis</strong></span> <span class='ocrx_word' id='word_1_377' title='bbox 1061 2582 1146 2613; x_wconf 90' lang='lat' dir='ltr'><strong>inter</strong></span> <span class='ocrx_word' id='word_1_378' title='bbox 1169 2581 1261 2621; x_wconf 86' lang='lat' dir='ltr'><strong>vitia,</strong></span> 
     </span>
     <span class='ocr_line' id='line_1_52' title="bbox 292 2622 1261 2661; baseline 0.004 -10"><span class='ocrx_word' id='word_1_379' title='bbox 292 2629 374 2660; x_wconf 86' lang='lat' dir='ltr'><strong>quae</strong></span> <span class='ocrx_word' id='word_1_380' title='bbox 407 2626 567 2659; x_wconf 86' lang='lat' dir='ltr'><strong>recenset,</strong></span> <span class='ocrx_word' id='word_1_381' title='bbox 606 2626 638 2653; x_wconf 91' lang='lat' dir='ltr'><strong>et</strong></span> <span class='ocrx_word' id='word_1_382' title='bbox 670 2622 721 2654; x_wconf 88' lang='lat' dir='ltr'><strong>lae</strong></span> <span class='ocrx_word' id='word_1_383' title='bbox 753 2622 922 2654; x_wconf 85' lang='lat' dir='ltr'><strong>rationale.</strong></span> <span class='ocrx_word' id='word_1_384' title='bbox 976 2623 1026 2655; x_wconf 88' lang='lat' dir='ltr'><strong>Ac</strong></span> <span class='ocrx_word' id='word_1_385' title='bbox 1059 2624 1086 2655; x_wconf 93' lang='lat' dir='ltr'><strong>si</strong></span> <span class='ocrx_word' id='word_1_386' title='bbox 1119 2624 1261 2661; x_wconf 85' lang='lat' dir='ltr'><strong>dixisset,</strong></span> 
     </span>
     <span class='ocr_line' id='line_1_53' title="bbox 293 2662 1262 2706; baseline 0.006 -13"><span class='ocrx_word' id='word_1_387' title='bbox 293 2662 417 2694; x_wconf 86' lang='lat' dir='ltr'><strong>malitia</strong></span> <span class='ocrx_word' id='word_1_388' title='bbox 448 2669 479 2694; x_wconf 88' lang='lat' dir='ltr'><strong>et</strong></span> <span class='ocrx_word' id='word_1_389' title='bbox 508 2665 672 2696; x_wconf 83' lang='lat' dir='ltr'><strong>simulatio</strong></span> <span class='ocrx_word' id='word_1_390' title='bbox 703 2675 814 2697; x_wconf 89' lang='lat' dir='ltr'><strong>eorum</strong></span> <span class='ocrx_word' id='word_1_391' title='bbox 839 2670 896 2703; x_wconf 88' lang='lat' dir='ltr'><strong>est,</strong></span> <span class='ocrx_word' id='word_1_392' title='bbox 921 2666 976 2706; x_wconf 90' lang='lat' dir='ltr'><strong>qui</strong></span> <span class='ocrx_word' id='word_1_393' title='bbox 997 2666 1111 2698; x_wconf 86' lang='lat' dir='ltr'><strong>mundi</strong></span> <span class='ocrx_word' id='word_1_394' title='bbox 1133 2676 1262 2706; x_wconf 86' lang='lat' dir='ltr'><strong>corrup-</strong></span> 
     </span>
    </p>
   </div>
   <div class='ocr_carea' id='block_1_11' title="bbox 1109 215 1449 247">
    <p class='ocr_par' dir='ltr' id='par_1_11' title="bbox 1109 215 1449 247">
     <span class='ocr_line' id='line_1_54' title="bbox 1109 215 1449 247; baseline 0 -1"><span class='ocrx_word' id='word_1_395' title='bbox 1109 217 1134 246; x_wconf 77' lang='lat' dir='ltr'>E</span> <span class='ocrx_word' id='word_1_396' title='bbox 1142 216 1250 247; x_wconf 78' lang='lat' dir='ltr'><strong>PIST.</strong></span> <span class='ocrx_word' id='word_1_397' title='bbox 1276 215 1409 247; x_wconf 80' lang='lat' dir='ltr'>PETRI</span> <span class='ocrx_word' id='word_1_398' title='bbox 1436 216 1449 246; x_wconf 94' lang='lat'><em>1</em></span> 
     </span>
    </p>
   </div>
   <div class='ocr_carea' id='block_1_12' title="bbox 1282 353 1287 1111">
    <p class='ocr_par' dir='ltr' id='par_1_12' title="bbox 1282 353 1287 1111">
     <span class='ocr_line' id='line_1_55' title="bbox 1282 353 1287 1111; baseline 0 0"><span class='ocrx_word' id='word_1_399' title='bbox 1282 353 1287 1111; x_wconf 95' lang='lat' dir='ltr'><strong> </strong></span> 
     </span>
    </p>
   </div>
   <div class='ocr_carea' id='block_1_13' title="bbox 1283 1340 1291 2654">
    <p class='ocr_par' dir='ltr' id='par_1_13' title="bbox 1283 1340 1291 2654">
     <span class='ocr_line' id='line_1_56' title="bbox 1283 1340 1291 2654; baseline 0 0"><span class='ocrx_word' id='word_1_400' title='bbox 1283 1340 1291 2654; x_wconf 95' lang='lat' dir='ltr'><strong> </strong></span> 
     </span>
    </p>
   </div>
   <div class='ocr_carea' id='block_1_14' title="bbox 2220 216 2282 248">
    <p class='ocr_par' dir='ltr' id='par_1_14' title="bbox 2220 216 2282 248">
     <span class='ocr_line' id='line_1_57' title="bbox 2220 216 2282 248; baseline 0 -1"><span class='ocrx_word' id='word_1_401' title='bbox 2220 216 2282 248; x_wconf 76' lang='lat'><strong>232</strong></span> 
     </span>
    </p>
   </div>
   <div class='ocr_carea' id='block_1_15' title="bbox 1310 311 2286 1892">
    <p class='ocr_par' dir='ltr' id='par_1_15' title="bbox 1311 311 2284 736">
     <span class='ocr_line' id='line_1_58' title="bbox 1313 311 2283 345; baseline 0.001 -1"><span class='ocrx_word' id='word_1_402' title='bbox 1313 313 1384 344; x_wconf 86' lang='lat' dir='ltr'><strong>telis</strong></span> <span class='ocrx_word' id='word_1_403' title='bbox 1430 312 1599 343; x_wconf 79' lang='lat' dir='ltr'><strong>assuefacti</strong></span> <span class='ocrx_word' id='word_1_404' title='bbox 1641 311 1719 344; x_wconf 83' lang='lat' dir='ltr'><strong>haec</strong></span> <span class='ocrx_word' id='word_1_405' title='bbox 1765 312 1845 342; x_wconf 86' lang='lat' dir='ltr'><strong>vitia</strong></span> <span class='ocrx_word' id='word_1_406' title='bbox 1878 312 2090 343; x_wconf 87' lang='lat' dir='ltr'><strong>imbiberunt:</strong></span> <span class='ocrx_word' id='word_1_407' title='bbox 2128 312 2283 345; x_wconf 83' lang='lat' dir='ltr'><strong>infantiae</strong></span> 
     </span>
     <span class='ocr_line' id='line_1_59' title="bbox 1312 354 2282 395; baseline 0.001 -9"><span class='ocrx_word' id='word_1_408' title='bbox 1312 356 1437 386; x_wconf 85' lang='lat' dir='ltr'><strong>sincera</strong></span> <span class='ocrx_word' id='word_1_409' title='bbox 1472 361 1502 385; x_wconf 88' lang='lat' dir='ltr'><strong>et</strong></span> <span class='ocrx_word' id='word_1_410' title='bbox 1540 354 1627 385; x_wconf 91' lang='lat' dir='ltr'><strong>omni</strong></span> <span class='ocrx_word' id='word_1_411' title='bbox 1666 355 1738 386; x_wconf 88' lang='lat' dir='ltr'><strong>dolo</strong></span> <span class='ocrx_word' id='word_1_412' title='bbox 1777 365 1857 394; x_wconf 83' lang='lat' dir='ltr'><strong>pura</strong></span> <span class='ocrx_word' id='word_1_413' title='bbox 1894 355 2085 395; x_wconf 84' lang='lat' dir='ltr'><strong>simplicitas</strong></span> <span class='ocrx_word' id='word_1_414' title='bbox 2119 356 2282 387; x_wconf 88' lang='lat' dir='ltr'><strong>convenit.</strong></span> 
     </span>
     <span class='ocr_line' id='line_1_60' title="bbox 1312 397 2284 435; baseline 0 -6"><span class='ocrx_word' id='word_1_415' title='bbox 1312 398 1470 429; x_wconf 84' lang='lat' dir='ltr'><strong>Homines</strong></span> <span class='ocrx_word' id='word_1_416' title='bbox 1505 397 1559 427; x_wconf 93' lang='lat' dir='ltr'><strong>diu</strong></span> <span class='ocrx_word' id='word_1_417' title='bbox 1593 398 1732 428; x_wconf 86' lang='lat' dir='ltr'><strong>vivendo</strong></span> <span class='ocrx_word' id='word_1_418' title='bbox 1763 398 1953 428; x_wconf 86' lang='lat' dir='ltr'><strong>imbuuntur</strong></span> <span class='ocrx_word' id='word_1_419' title='bbox 1987 397 2122 435; x_wconf 87' lang='lat' dir='ltr'><strong>invidia,</strong></span> <span class='ocrx_word' id='word_1_420' title='bbox 2158 397 2284 429; x_wconf 86' lang='lat' dir='ltr'><strong>discunt</strong></span> 
     </span>
     <span class='ocr_line' id='line_1_61' title="bbox 1311 439 2282 476; baseline 0.001 -5"><span class='ocrx_word' id='word_1_421' title='bbox 1311 440 1491 472; x_wconf 83' lang='lat' dir='ltr'><strong>obtrectare</strong></span> <span class='ocrx_word' id='word_1_422' title='bbox 1522 440 1575 470; x_wconf 85' lang='lat' dir='ltr'><strong>alii</strong></span> <span class='ocrx_word' id='word_1_423' title='bbox 1607 440 1692 476; x_wconf 89' lang='lat' dir='ltr'><strong>aliis,</strong></span> <span class='ocrx_word' id='word_1_424' title='bbox 1727 440 1922 471; x_wconf 90' lang='lat' dir='ltr'><strong>erudiuntur</strong></span> <span class='ocrx_word' id='word_1_425' title='bbox 1952 440 1990 471; x_wconf 90' lang='lat' dir='ltr'><strong>ad</strong></span> <span class='ocrx_word' id='word_1_426' title='bbox 2022 439 2156 471; x_wconf 88' lang='lat' dir='ltr'><strong>nocendi</strong></span> <span class='ocrx_word' id='word_1_427' title='bbox 2180 447 2282 472; x_wconf 86' lang='lat' dir='ltr'><strong>artes:</strong></span> 
     </span>
     <span class='ocr_line' id='line_1_62' title="bbox 1312 483 2284 524; baseline 0 -11"><span class='ocrx_word' id='word_1_428' title='bbox 1312 484 1449 523; x_wconf 86' lang='lat' dir='ltr'><strong>denique</strong></span> <span class='ocrx_word' id='word_1_429' title='bbox 1471 483 1510 513; x_wconf 82' lang='lat' dir='ltr'><strong>ad</strong></span> <span class='ocrx_word' id='word_1_430' title='bbox 1535 492 1631 514; x_wconf 86' lang='lat' dir='ltr'><strong>omne</strong></span> <span class='ocrx_word' id='word_1_431' title='bbox 1655 483 1730 514; x_wconf 90' lang='lat' dir='ltr'><strong>mali</strong></span> <span class='ocrx_word' id='word_1_432' title='bbox 1753 493 1857 524; x_wconf 87' lang='lat' dir='ltr'><strong>genus</strong></span> <span class='ocrx_word' id='word_1_433' title='bbox 1882 485 2078 514; x_wconf 85' lang='lat' dir='ltr'><strong>veteratores</strong></span> <span class='ocrx_word' id='word_1_434' title='bbox 2101 484 2201 513; x_wconf 89' lang='lat' dir='ltr'><strong>fiunt:</strong></span> <span class='ocrx_word' id='word_1_435' title='bbox 2237 484 2284 513; x_wconf 93' lang='lat' dir='ltr'><strong>in-</strong></span> 
     </span>
     <span class='ocr_line' id='line_1_63' title="bbox 1311 525 2282 565; baseline 0 -9"><span class='ocrx_word' id='word_1_436' title='bbox 1311 527 1429 562; x_wconf 82' lang='lat' dir='ltr'><strong>fantes,</strong></span> <span class='ocrx_word' id='word_1_437' title='bbox 1463 525 1605 556; x_wconf 91' lang='lat' dir='ltr'><strong>nondum</strong></span> <span class='ocrx_word' id='word_1_438' title='bbox 1636 535 1692 565; x_wconf 87' lang='lat' dir='ltr'><strong>per</strong></span> <span class='ocrx_word' id='word_1_439' title='bbox 1723 532 1861 557; x_wconf 83' lang='lat' dir='ltr'><strong>aetatem</strong></span> <span class='ocrx_word' id='word_1_440' title='bbox 1890 526 2025 565; x_wconf 88' lang='lat' dir='ltr'><strong>capiunt</strong></span> <span class='ocrx_word' id='word_1_441' title='bbox 2054 525 2131 565; x_wconf 88' lang='lat' dir='ltr'><strong>quid</strong></span> <span class='ocrx_word' id='word_1_442' title='bbox 2161 526 2204 556; x_wconf 88' lang='lat' dir='ltr'><strong>sit</strong></span> <span class='ocrx_word' id='word_1_443' title='bbox 2235 526 2282 556; x_wconf 89' lang='lat' dir='ltr'><strong>in-</strong></span> 
     </span>
     <span class='ocr_line' id='line_1_64' title="bbox 1312 567 2282 609; baseline 0.001 -10"><span class='ocrx_word' id='word_1_444' title='bbox 1312 569 1434 608; x_wconf 88' lang='lat' dir='ltr'><strong>videre,</strong></span> <span class='ocrx_word' id='word_1_445' title='bbox 1470 578 1598 605; x_wconf 89' lang='lat' dir='ltr'><strong>nocere,</strong></span> <span class='ocrx_word' id='word_1_446' title='bbox 1633 574 1666 599; x_wconf 90' lang='lat' dir='ltr'><strong>et</strong></span> <span class='ocrx_word' id='word_1_447' title='bbox 1695 569 1822 600; x_wconf 84' lang='lat' dir='ltr'><strong>similia.</strong></span> <span class='ocrx_word' id='word_1_448' title='bbox 1878 567 1966 599; x_wconf 81' lang='lat' dir='ltr'><strong>Vitia</strong></span> <span class='ocrx_word' id='word_1_449' title='bbox 1995 578 2072 609; x_wconf 87' lang='lat' dir='ltr'><strong>ergo</strong></span> <span class='ocrx_word' id='word_1_450' title='bbox 2103 569 2137 599; x_wconf 92' lang='lat' dir='ltr'><strong>in</strong></span> <span class='ocrx_word' id='word_1_451' title='bbox 2167 569 2282 608; x_wconf 88' lang='lat' dir='ltr'><strong>quibus</strong></span> 
     </span>
     <span class='ocr_line' id='line_1_65' title="bbox 1311 610 2282 649; baseline 0 -7"><span class='ocrx_word' id='word_1_452' title='bbox 1311 613 1487 643; x_wconf 82' lang='lat' dir='ltr'><strong>exercitata</strong></span> <span class='ocrx_word' id='word_1_453' title='bbox 1515 617 1563 642; x_wconf 88' lang='lat' dir='ltr'><strong>est</strong></span> <span class='ocrx_word' id='word_1_454' title='bbox 1592 611 1700 643; x_wconf 86' lang='lat' dir='ltr'><strong>carnis</strong></span> <span class='ocrx_word' id='word_1_455' title='bbox 1730 616 1886 649; x_wconf 86' lang='lat' dir='ltr'><strong>vetustas,</strong></span> <span class='ocrx_word' id='word_1_456' title='bbox 1919 611 2060 642; x_wconf 89' lang='lat' dir='ltr'><strong>robustis</strong></span> <span class='ocrx_word' id='word_1_457' title='bbox 2087 610 2165 642; x_wconf 85' lang='lat' dir='ltr'><strong>cibis</strong></span> <span class='ocrx_word' id='word_1_458' title='bbox 2195 621 2282 642; x_wconf 90' lang='lat' dir='ltr'><strong>com-</strong></span> 
     </span>
     <span class='ocr_line' id='line_1_66' title="bbox 1311 654 2283 694; baseline -0.001 -9"><span class='ocrx_word' id='word_1_459' title='bbox 1311 659 1418 694; x_wconf 84' lang='lat' dir='ltr'><strong>parat:</strong></span> <span class='ocrx_word' id='word_1_460' title='bbox 1450 654 1498 685; x_wconf 81' lang='lat' dir='ltr'><strong>lat·</strong></span> <span class='ocrx_word' id='word_1_461' title='bbox 1521 658 1628 684; x_wconf 87' lang='lat' dir='ltr'><strong>autem</strong></span> <span class='ocrx_word' id='word_1_462' title='bbox 1652 659 1788 686; x_wconf 91' lang='lat' dir='ltr'><strong>vocatur</strong></span> <span class='ocrx_word' id='word_1_463' title='bbox 1810 659 2029 685; x_wconf 89' lang='lat' dir='ltr'><strong>consentanea</strong></span> <span class='ocrx_word' id='word_1_464' title='bbox 2053 654 2206 685; x_wconf 82' lang='lat' dir='ltr'><strong>innoxiae</strong></span> <span class='ocrx_word' id='word_1_465' title='bbox 2230 665 2283 685; x_wconf 87' lang='lat' dir='ltr'><strong>na-</strong></span> 
     </span>
     <span class='ocr_line' id='line_1_67' title="bbox 1312 696 2069 736; baseline -0.001 -8"><span class='ocrx_word' id='word_1_466' title='bbox 1312 704 1401 728; x_wconf 87' lang='lat' dir='ltr'><strong>turae</strong></span> <span class='ocrx_word' id='word_1_467' title='bbox 1424 702 1456 728; x_wconf 92' lang='lat' dir='ltr'><strong>et</strong></span> <span class='ocrx_word' id='word_1_468' title='bbox 1479 696 1617 736; x_wconf 88' lang='lat' dir='ltr'><strong>simplici</strong></span> <span class='ocrx_word' id='word_1_469' title='bbox 1641 697 1797 729; x_wconf 83' lang='lat' dir='ltr'><strong>infantiae</strong></span> <span class='ocrx_word' id='word_1_470' title='bbox 1821 696 1955 728; x_wconf 82' lang='lat' dir='ltr'><strong>vivendi</strong></span> <span class='ocrx_word' id='word_1_471' title='bbox 1977 697 2069 727; x_wconf 86' lang='lat' dir='ltr'><strong>ratio.</strong></span> 
     </span>
    </p>

    <p class='ocr_par' dir='ltr' id='par_1_16' title="bbox 1310 739 2284 1463">
     <span class='ocr_line' id='line_1_68' title="bbox 1398 739 2282 779; baseline 0 -9"><span class='ocrx_word' id='word_1_472' title='bbox 1398 741 1424 771; x_wconf 91' lang='lat'><strong>1.</strong></span> <span class='ocrx_word' id='word_1_473' title='bbox 1464 740 1556 771; x_wconf 82' lang='lat' dir='ltr'><strong>Omni</strong></span> <span class='ocrx_word' id='word_1_474' title='bbox 1589 739 1724 771; x_wconf 64' lang='lat' dir='ltr'><strong>malitia.</strong></span> <span class='ocrx_word' id='word_1_475' title='bbox 1780 740 1853 771; x_wconf 91' lang='lat' dir='ltr'><strong>Non</strong></span> <span class='ocrx_word' id='word_1_476' title='bbox 1891 746 1940 771; x_wconf 89' lang='lat' dir='ltr'><strong>est</strong></span> <span class='ocrx_word' id='word_1_477' title='bbox 1978 739 2105 779; x_wconf 83' lang='lat' dir='ltr'><strong>integra</strong></span> <span class='ocrx_word' id='word_1_478' title='bbox 2137 739 2282 770; x_wconf 90' lang='lat' dir='ltr'><strong>omnium</strong></span> 
     </span>
     <span class='ocr_line' id='line_1_69' title="bbox 1310 781 2282 823; baseline -0.001 -9"><span class='ocrx_word' id='word_1_479' title='bbox 1310 783 1513 814; x_wconf 87' lang='lat' dir='ltr'><strong>enumeratio</strong></span> <span class='ocrx_word' id='word_1_480' title='bbox 1536 792 1617 822; x_wconf 87' lang='lat' dir='ltr'><strong>quae</strong></span> <span class='ocrx_word' id='word_1_481' title='bbox 1641 782 1758 823; x_wconf 90' lang='lat' dir='ltr'><strong>deponi</strong></span> <span class='ocrx_word' id='word_1_482' title='bbox 1782 793 1801 814; x_wconf 88' lang='lat' dir='ltr'><strong>a</strong></span> <span class='ocrx_word' id='word_1_483' title='bbox 1823 782 1916 814; x_wconf 91' lang='lat' dir='ltr'><strong>nobis</strong></span> <span class='ocrx_word' id='word_1_484' title='bbox 1938 787 2082 822; x_wconf 90' lang='lat' dir='ltr'><strong>oportet:</strong></span> <span class='ocrx_word' id='word_1_485' title='bbox 2106 781 2162 813; x_wconf 88' lang='lat' dir='ltr'><strong>sed</strong></span> <span class='ocrx_word' id='word_1_486' title='bbox 2181 792 2282 822; x_wconf 91' lang='lat' dir='ltr'><strong>quum</strong></span> 
     </span>
     <span class='ocr_line' id='line_1_70' title="bbox 1311 824 2284 866; baseline -0.001 -10"><span class='ocrx_word' id='word_1_487' title='bbox 1311 826 1350 856; x_wconf 91' lang='lat' dir='ltr'><strong>de</strong></span> <span class='ocrx_word' id='word_1_488' title='bbox 1374 826 1474 857; x_wconf 87' lang='lat' dir='ltr'><strong>veteri</strong></span> <span class='ocrx_word' id='word_1_489' title='bbox 1499 826 1630 856; x_wconf 89' lang='lat' dir='ltr'><strong>homine</strong></span> <span class='ocrx_word' id='word_1_490' title='bbox 1653 825 1822 865; x_wconf 88' lang='lat' dir='ltr'><strong>disputant</strong></span> <span class='ocrx_word' id='word_1_491' title='bbox 1844 825 1988 866; x_wconf 88' lang='lat' dir='ltr'><strong>apostoli,</strong></span> <span class='ocrx_word' id='word_1_492' title='bbox 2019 824 2179 864; x_wconf 87' lang='lat' dir='ltr'><strong>quaedam</strong></span> <span class='ocrx_word' id='word_1_493' title='bbox 2204 825 2284 856; x_wconf 85' lang='lat' dir='ltr'><strong>vitia</strong></span> 
     </span>
     <span class='ocr_line' id='line_1_71' title="bbox 1311 868 2283 908; baseline -0.001 -9"><span class='ocrx_word' id='word_1_494' title='bbox 1311 873 1496 908; x_wconf 90' lang='lat' dir='ltr'><strong>proponunt</strong></span> <span class='ocrx_word' id='word_1_495' title='bbox 1527 869 1560 899; x_wconf 93' lang='lat' dir='ltr'><strong>in</strong></span> <span class='ocrx_word' id='word_1_496' title='bbox 1595 868 1797 907; x_wconf 84' lang='lat' dir='ltr'><strong>exemplum,</strong></span> <span class='ocrx_word' id='word_1_497' title='bbox 1832 868 1948 908; x_wconf 90' lang='lat' dir='ltr'><strong>quibus</strong></span> <span class='ocrx_word' id='word_1_498' title='bbox 1978 871 2081 899; x_wconf 90' lang='lat' dir='ltr'><strong>totum</strong></span> <span class='ocrx_word' id='word_1_499' title='bbox 2112 868 2201 898; x_wconf 89' lang='lat' dir='ltr'><strong>illius</strong></span> <span class='ocrx_word' id='word_1_500' title='bbox 2233 868 2283 898; x_wconf 91' lang='lat' dir='ltr'><strong>in·</strong></span> 
     </span>
     <span class='ocr_line' id='line_1_72' title="bbox 1310 910 2283 951; baseline -0.001 -9"><span class='ocrx_word' id='word_1_501' title='bbox 1310 911 1440 951; x_wconf 84' lang='lat' dir='ltr'><strong>genium</strong></span> <span class='ocrx_word' id='word_1_502' title='bbox 1471 911 1650 951; x_wconf 86' lang='lat' dir='ltr'><strong>designant.</strong></span> <span class='ocrx_word' id='word_1_503' title='bbox 1696 910 1782 942; x_wconf 82' lang='lat' dir='ltr'><strong>Nota</strong></span> <span class='ocrx_word' id='word_1_504' title='bbox 1810 916 1887 942; x_wconf 86' lang='lat' dir='ltr'><strong>sunt</strong></span> <span class='ocrx_word' id='word_1_505' title='bbox 1908 911 2015 942; x_wconf 85' lang='lat' dir='ltr'><strong>carnis</strong></span> <span class='ocrx_word' id='word_1_506' title='bbox 2039 920 2147 951; x_wconf 84' lang='lat' dir='ltr'><strong>opera,</strong></span> <span class='ocrx_word' id='word_1_507' title='bbox 2177 911 2283 950; x_wconf 88' lang='lat' dir='ltr'><strong>inquit</strong></span> 
     </span>
     <span class='ocr_line' id='line_1_73' title="bbox 1311 953 2283 994; baseline -0.001 -9"><span class='ocrx_word' id='word_1_508' title='bbox 1311 953 1433 985; x_wconf 87' lang='lat' dir='ltr'><strong>Paulus</strong></span> <span class='ocrx_word' id='word_1_509' title='bbox 1456 953 1542 994; x_wconf 85' lang='lat' dir='ltr'><strong>(Gal.</strong></span> <span class='ocrx_word' id='word_1_510' title='bbox 1565 954 1594 991; x_wconf 83' lang='lat'><strong>5,</strong></span> <span class='ocrx_word' id='word_1_511' title='bbox 1620 953 1689 994; x_wconf 85' lang='lat'>19):</span> <span class='ocrx_word' id='word_1_512' title='bbox 1717 963 1821 994; x_wconf 90' lang='lat' dir='ltr'><strong>neque</strong></span> <span class='ocrx_word' id='word_1_513' title='bbox 1845 958 1952 984; x_wconf 86' lang='lat' dir='ltr'><strong>tamen</strong></span> <span class='ocrx_word' id='word_1_514' title='bbox 1975 954 2084 984; x_wconf 89' lang='lat' dir='ltr'><strong>omnia</strong></span> <span class='ocrx_word' id='word_1_515' title='bbox 2106 953 2172 985; x_wconf 86' lang='lat' dir='ltr'><strong>illic</strong></span> <span class='ocrx_word' id='word_1_516' title='bbox 2194 954 2283 984; x_wconf 88' lang='lat' dir='ltr'><strong>colli-</strong></span> 
     </span>
     <span class='ocr_line' id='line_1_74' title="bbox 1310 996 2282 1037; baseline 0 -11"><span class='ocrx_word' id='word_1_517' title='bbox 1310 996 1367 1036; x_wconf 86' lang='lat' dir='ltr'><strong>git,</strong></span> <span class='ocrx_word' id='word_1_518' title='bbox 1401 997 1456 1028; x_wconf 85' lang='lat' dir='ltr'><strong>sed</strong></span> <span class='ocrx_word' id='word_1_519' title='bbox 1479 998 1512 1027; x_wconf 91' lang='lat' dir='ltr'><strong>in</strong></span> <span class='ocrx_word' id='word_1_520' title='bbox 1537 997 1647 1037; x_wconf 88' lang='lat' dir='ltr'><strong>paucis</strong></span> <span class='ocrx_word' id='word_1_521' title='bbox 1670 996 1744 1034; x_wconf 83' lang='lat' dir='ltr'><strong>illis,</strong></span> <span class='ocrx_word' id='word_1_522' title='bbox 1772 996 1864 1036; x_wconf 89' lang='lat' dir='ltr'><strong>quasi</strong></span> <span class='ocrx_word' id='word_1_523' title='bbox 1886 996 1920 1027; x_wconf 91' lang='lat' dir='ltr'><strong>in</strong></span> <span class='ocrx_word' id='word_1_524' title='bbox 1944 996 2073 1036; x_wconf 89' lang='lat' dir='ltr'><strong>speculo</strong></span> <span class='ocrx_word' id='word_1_525' title='bbox 2096 996 2282 1036; x_wconf 85' lang='lat' dir='ltr'><strong>conspicere</strong></span> 
     </span>
     <span class='ocr_line' id='line_1_75' title="bbox 1311 1039 2284 1079; baseline 0.001 -10"><span class='ocrx_word' id='word_1_526' title='bbox 1311 1039 1385 1070; x_wconf 87' lang='lat' dir='ltr'><strong>licet</strong></span> <span class='ocrx_word' id='word_1_527' title='bbox 1419 1040 1610 1070; x_wconf 84' lang='lat' dir='ltr'><strong>immensam</strong></span> <span class='ocrx_word' id='word_1_528' title='bbox 1646 1039 1817 1071; x_wconf 84' lang='lat' dir='ltr'><strong>colluviem</strong></span> <span class='ocrx_word' id='word_1_529' title='bbox 1851 1049 1935 1079; x_wconf 85' lang='lat' dir='ltr'><strong>quae</strong></span> <span class='ocrx_word' id='word_1_530' title='bbox 1969 1049 2010 1070; x_wconf 80' lang='lat' dir='ltr'><strong>ex</strong></span> <span class='ocrx_word' id='word_1_531' title='bbox 2043 1048 2139 1071; x_wconf 88' lang='lat' dir='ltr'><strong>carne</strong></span> <span class='ocrx_word' id='word_1_532' title='bbox 2172 1045 2284 1070; x_wconf 84' lang='lat' dir='ltr'><strong>nostra</strong></span> 
     </span>
     <span class='ocr_line' id='line_1_76' title="bbox 1311 1081 2280 1122; baseline 0 -10"><span class='ocrx_word' id='word_1_533' title='bbox 1311 1083 1457 1113; x_wconf 83' lang='lat' dir='ltr'><strong>scaturit.</strong></span> <span class='ocrx_word' id='word_1_534' title='bbox 1491 1082 1544 1113; x_wconf 85' lang='lat' dir='ltr'><strong>Ita</strong></span> <span class='ocrx_word' id='word_1_535' title='bbox 1567 1088 1599 1113; x_wconf 92' lang='lat' dir='ltr'><strong>et</strong></span> <span class='ocrx_word' id='word_1_536' title='bbox 1622 1082 1694 1113; x_wconf 90' lang='lat' dir='ltr'><strong>aliis</strong></span> <span class='ocrx_word' id='word_1_537' title='bbox 1713 1082 1800 1122; x_wconf 81' lang='lat' dir='ltr'><strong>locis,</strong></span> <span class='ocrx_word' id='word_1_538' title='bbox 1823 1083 1878 1113; x_wconf 91' lang='lat' dir='ltr'><strong>ubi</strong></span> <span class='ocrx_word' id='word_1_539' title='bbox 1898 1081 2074 1113; x_wconf 87' lang='lat' dir='ltr'><strong>reformare</strong></span> <span class='ocrx_word' id='word_1_540' title='bbox 2090 1082 2161 1113; x_wconf 89' lang='lat' dir='ltr'><strong>vult</strong></span> <span class='ocrx_word' id='word_1_541' title='bbox 2176 1086 2280 1113; x_wconf 87' lang='lat' dir='ltr'><strong>totam</strong></span> 
     </span>
     <span class='ocr_line' id='line_1_77' title="bbox 1311 1123 2282 1165; baseline 0 -10"><span class='ocrx_word' id='word_1_542' title='bbox 1311 1124 1453 1156; x_wconf 89' lang='lat' dir='ltr'><strong>hominis</strong></span> <span class='ocrx_word' id='word_1_543' title='bbox 1477 1125 1587 1165; x_wconf 90' lang='lat' dir='ltr'><strong>vitam,</strong></span> <span class='ocrx_word' id='word_1_544' title='bbox 1617 1135 1736 1165; x_wconf 90' lang='lat' dir='ltr'><strong>paucas</strong></span> <span class='ocrx_word' id='word_1_545' title='bbox 1767 1132 1875 1156; x_wconf 87' lang='lat' dir='ltr'><strong>tamen</strong></span> <span class='ocrx_word' id='word_1_546' title='bbox 1905 1125 2027 1164; x_wconf 86' lang='lat' dir='ltr'><strong>species</strong></span> <span class='ocrx_word' id='word_1_547' title='bbox 2051 1123 2211 1155; x_wconf 80' lang='lat' dir='ltr'><strong>duntaxat</strong></span> <span class='ocrx_word' id='word_1_548' title='bbox 2234 1131 2282 1155; x_wconf 90' lang='lat' dir='ltr'><strong>at-</strong></span> 
     </span>
     <span class='ocr_line' id='line_1_78' title="bbox 1312 1167 2283 1209; baseline 0 -11"><span class='ocrx_word' id='word_1_549' title='bbox 1312 1167 1418 1207; x_wconf 88' lang='lat' dir='ltr'><strong>tingit,</strong></span> <span class='ocrx_word' id='word_1_550' title='bbox 1441 1168 1527 1199; x_wconf 90' lang='lat' dir='ltr'><strong>unde</strong></span> <span class='ocrx_word' id='word_1_551' title='bbox 1550 1168 1689 1208; x_wconf 87' lang='lat' dir='ltr'><strong>intelligi</strong></span> <span class='ocrx_word' id='word_1_552' title='bbox 1713 1168 1813 1208; x_wconf 90' lang='lat' dir='ltr'><strong>possit</strong></span> <span class='ocrx_word' id='word_1_553' title='bbox 1836 1177 1940 1209; x_wconf 87' lang='lat' dir='ltr'><strong>genus</strong></span> <span class='ocrx_word' id='word_1_554' title='bbox 1963 1168 2164 1199; x_wconf 85' lang='lat' dir='ltr'><strong>universum.</strong></span> <span class='ocrx_word' id='word_1_555' title='bbox 2206 1167 2283 1198; x_wconf 82' lang='lat' dir='ltr'><strong>Per-</strong></span> 
     </span>
     <span class='ocr_line' id='line_1_79' title="bbox 1310 1210 2284 1251; baseline 0 -11"><span class='ocrx_word' id='word_1_556' title='bbox 1310 1210 1385 1240; x_wconf 88' lang='lat' dir='ltr'><strong>inde</strong></span> <span class='ocrx_word' id='word_1_557' title='bbox 1416 1220 1492 1251; x_wconf 85' lang='lat' dir='ltr'><strong>ergo</strong></span> <span class='ocrx_word' id='word_1_558' title='bbox 1517 1211 1604 1242; x_wconf 89' lang='lat' dir='ltr'><strong>valet</strong></span> <span class='ocrx_word' id='word_1_559' title='bbox 1628 1211 1712 1251; x_wconf 91' lang='lat' dir='ltr'><strong>quod</strong></span> <span class='ocrx_word' id='word_1_560' title='bbox 1736 1211 1829 1242; x_wconf 88' lang='lat' dir='ltr'><strong>dicit:</strong></span> <span class='ocrx_word' id='word_1_561' title='bbox 1861 1210 1970 1250; x_wconf 89' lang='lat' dir='ltr'><strong>Atque</strong></span> <span class='ocrx_word' id='word_1_562' title='bbox 1994 1210 2146 1250; x_wconf 90' lang='lat' dir='ltr'><strong>depositis</strong></span> <span class='ocrx_word' id='word_1_563' title='bbox 2169 1210 2284 1249; x_wconf 90' lang='lat' dir='ltr'><strong>prioris</strong></span> 
     </span>
     <span class='ocr_line' id='line_1_80' title="bbox 1311 1252 2283 1294; baseline 0 -11"><span class='ocrx_word' id='word_1_564' title='bbox 1311 1253 1396 1283; x_wconf 86' lang='lat' dir='ltr'><strong>vitae</strong></span> <span class='ocrx_word' id='word_1_565' title='bbox 1420 1252 1586 1289; x_wconf 88' lang='lat' dir='ltr'><strong>fructibus,</strong></span> <span class='ocrx_word' id='word_1_566' title='bbox 1618 1254 1728 1294; x_wconf 88' lang='lat' dir='ltr'><strong>quales</strong></span> <span class='ocrx_word' id='word_1_567' title='bbox 1751 1256 1837 1291; x_wconf 90' lang='lat' dir='ltr'><strong>sunt,</strong></span> <span class='ocrx_word' id='word_1_568' title='bbox 1869 1253 2002 1291; x_wconf 87' lang='lat' dir='ltr'><strong>malitia,</strong></span> <span class='ocrx_word' id='word_1_569' title='bbox 2027 1253 2127 1289; x_wconf 85' lang='lat' dir='ltr'><strong>dolus,</strong></span> <span class='ocrx_word' id='word_1_570' title='bbox 2150 1252 2283 1284; x_wconf 86' lang='lat' dir='ltr'><strong>simula-</strong></span> 
     </span>
     <span class='ocr_line' id='line_1_81' title="bbox 1311 1295 2284 1335; baseline 0 -9"><span class='ocrx_word' id='word_1_571' title='bbox 1311 1296 1426 1335; x_wconf 88' lang='lat' dir='ltr'><strong>tiones,</strong></span> <span class='ocrx_word' id='word_1_572' title='bbox 1459 1296 1619 1334; x_wconf 89' lang='lat' dir='ltr'><strong>invidiae,</strong></span> <span class='ocrx_word' id='word_1_573' title='bbox 1650 1302 1683 1327; x_wconf 91' lang='lat' dir='ltr'><strong>et</strong></span> <span class='ocrx_word' id='word_1_574' title='bbox 1713 1296 1871 1328; x_wconf 88' lang='lat' dir='ltr'><strong>eiusmodi</strong></span> <span class='ocrx_word' id='word_1_575' title='bbox 1899 1295 2034 1335; x_wconf 88' lang='lat' dir='ltr'><strong>reliqua,</strong></span> <span class='ocrx_word' id='word_1_576' title='bbox 2065 1295 2203 1327; x_wconf 84' lang='lat' dir='ltr'><strong>addicite</strong></span> <span class='ocrx_word' id='word_1_577' title='bbox 2226 1305 2284 1326; x_wconf 85' lang='lat' dir='ltr'><strong>vos</strong></span> 
     </span>
     <span class='ocr_line' id='line_1_82' title="bbox 1311 1338 2284 1376; baseline -0.002 -6"><span class='ocrx_word' id='word_1_578' title='bbox 1311 1339 1482 1370; x_wconf 80' lang='lat' dir='ltr'><strong>contrariis</strong></span> <span class='ocrx_word' id='word_1_579' title='bbox 1498 1338 1626 1370; x_wconf 87' lang='lat' dir='ltr'><strong>studiis:</strong></span> <span class='ocrx_word' id='word_1_580' title='bbox 1643 1339 1829 1376; x_wconf 87' lang='lat' dir='ltr'><strong>bonitatem,</strong></span> <span class='ocrx_word' id='word_1_581' title='bbox 1847 1339 2080 1375; x_wconf 88' lang='lat' dir='ltr'><strong>sinceritatem,</strong></span> <span class='ocrx_word' id='word_1_582' title='bbox 2093 1339 2284 1369; x_wconf 83' lang='lat' dir='ltr'><strong>modestiam</strong></span> 
     </span>
     <span class='ocr_line' id='line_1_83' title="bbox 1310 1380 2282 1421; baseline 0.001 -10"><span class='ocrx_word' id='word_1_583' title='bbox 1310 1380 1414 1412; x_wconf 89' lang='lat' dir='ltr'><strong>colite.</strong></span> <span class='ocrx_word' id='word_1_584' title='bbox 1449 1381 1599 1421; x_wconf 89' lang='lat' dir='ltr'><strong>Denique</strong></span> <span class='ocrx_word' id='word_1_585' title='bbox 1622 1381 1682 1413; x_wconf 87' lang='lat' dir='ltr'><strong>hoe</strong></span> <span class='ocrx_word' id='word_1_586' title='bbox 1705 1381 1881 1420; x_wconf 87' lang='lat' dir='ltr'><strong>contendit,</strong></span> <span class='ocrx_word' id='word_1_587' title='bbox 1905 1387 1941 1412; x_wconf 90' lang='lat' dir='ltr'><strong>ut</strong></span> <span class='ocrx_word' id='word_1_588' title='bbox 1963 1391 2083 1413; x_wconf 90' lang='lat' dir='ltr'><strong>novam</strong></span> <span class='ocrx_word' id='word_1_589' title='bbox 2106 1381 2210 1412; x_wconf 82' lang='lat' dir='ltr'><strong>vitam</strong></span> <span class='ocrx_word' id='word_1_590' title='bbox 2234 1391 2282 1412; x_wconf 90' lang='lat' dir='ltr'><strong>se-</strong></span> 
     </span>
     <span class='ocr_line' id='line_1_84' title="bbox 1310 1425 1690 1463; baseline 0.003 -9"><span class='ocrx_word' id='word_1_591' title='bbox 1310 1426 1452 1463; x_wconf 87' lang='lat' dir='ltr'><strong>quantur</strong></span> <span class='ocrx_word' id='word_1_592' title='bbox 1476 1425 1551 1455; x_wconf 90' lang='lat' dir='ltr'><strong>novi</strong></span> <span class='ocrx_word' id='word_1_593' title='bbox 1574 1434 1690 1456; x_wconf 88' lang='lat' dir='ltr'><strong>mores.</strong></span> 
     </span>
    </p>

    <p class='ocr_par' dir='ltr' id='par_1_17' title="bbox 1310 1466 2286 1892">
     <span class='ocr_line' id='line_1_85' title="bbox 1395 1466 2284 1508; baseline -0.001 -10"><span class='ocrx_word' id='word_1_594' title='bbox 1395 1467 1424 1497; x_wconf 82' lang='lat'><strong>2.</strong></span> <span class='ocrx_word' id='word_1_595' title='bbox 1449 1466 1515 1498; x_wconf 80' lang='lat' dir='ltr'><strong>Lac</strong></span> <span class='ocrx_word' id='word_1_596' title='bbox 1535 1467 1699 1498; x_wconf 82' lang='lat' dir='ltr'><strong>rationale.</strong></span> <span class='ocrx_word' id='word_1_597' title='bbox 1743 1466 1849 1507; x_wconf 85' lang='lat' dir='ltr'><strong>Vulgo</strong></span> <span class='ocrx_word' id='word_1_598' title='bbox 1872 1471 2040 1508; x_wconf 86' lang='lat' dir='ltr'><strong>exponunt</strong></span> <span class='ocrx_word' id='word_1_599' title='bbox 2063 1467 2150 1498; x_wconf 90' lang='lat' dir='ltr'><strong>hunc</strong></span> <span class='ocrx_word' id='word_1_600' title='bbox 2168 1466 2284 1504; x_wconf 90' lang='lat' dir='ltr'><strong>locum,</strong></span> 
     </span>
     <span class='ocr_line' id='line_1_86' title="bbox 1310 1508 2284 1550; baseline 0 -11"><span class='ocrx_word' id='word_1_601' title='bbox 1310 1509 1447 1550; x_wconf 88' lang='lat' dir='ltr'><strong>qualiter</strong></span> <span class='ocrx_word' id='word_1_602' title='bbox 1477 1510 1636 1541; x_wconf 87' lang='lat' dir='ltr'><strong>Erasmus</strong></span> <span class='ocrx_word' id='word_1_603' title='bbox 1667 1509 1843 1547; x_wconf 86' lang='lat' dir='ltr'><strong>transtulit,</strong></span> <span class='ocrx_word' id='word_1_604' title='bbox 1874 1509 1924 1541; x_wconf 85' lang='lat' dir='ltr'><strong>lac</strong></span> <span class='ocrx_word' id='word_1_605' title='bbox 1953 1519 2020 1540; x_wconf 92' lang='lat' dir='ltr'><strong>non</strong></span> <span class='ocrx_word' id='word_1_606' title='bbox 2043 1509 2195 1549; x_wconf 86' lang='lat' dir='ltr'><strong>corporis,</strong></span> <span class='ocrx_word' id='word_1_607' title='bbox 2227 1508 2284 1540; x_wconf 84' lang='lat' dir='ltr'><strong>sed</strong></span> 
     </span>
     <span class='ocr_line' id='line_1_87' title="bbox 1310 1551 2283 1592; baseline 0 -10"><span class='ocrx_word' id='word_1_608' title='bbox 1310 1552 1451 1583; x_wconf 87' lang='lat' dir='ltr'><strong>animae:</strong></span> <span class='ocrx_word' id='word_1_609' title='bbox 1483 1553 1573 1592; x_wconf 87' lang='lat' dir='ltr'><strong>quasi</strong></span> <span class='ocrx_word' id='word_1_610' title='bbox 1602 1553 1768 1592; x_wconf 87' lang='lat' dir='ltr'><strong>apostolus</strong></span> <span class='ocrx_word' id='word_1_611' title='bbox 1797 1552 1858 1584; x_wconf 89' lang='lat' dir='ltr'><strong>hoc</strong></span> <span class='ocrx_word' id='word_1_612' title='bbox 1880 1553 1979 1584; x_wconf 89' lang='lat' dir='ltr'><strong>verbo</strong></span> <span class='ocrx_word' id='word_1_613' title='bbox 2006 1561 2040 1583; x_wconf 89' lang='lat' dir='ltr'><strong>se</strong></span> <span class='ocrx_word' id='word_1_614' title='bbox 2064 1551 2283 1591; x_wconf 87' lang='lat' dir='ltr'><strong>metaphorice</strong></span> 
     </span>
     <span class='ocr_line' id='line_1_88' title="bbox 1310 1594 2283 1636; baseline 0 -10"><span class='ocrx_word' id='word_1_615' title='bbox 1310 1595 1397 1635; x_wconf 89' lang='lat' dir='ltr'><strong>loqui</strong></span> <span class='ocrx_word' id='word_1_616' title='bbox 1424 1595 1604 1626; x_wconf 87' lang='lat' dir='ltr'><strong>admoneat.</strong></span> <span class='ocrx_word' id='word_1_617' title='bbox 1650 1595 1720 1636; x_wconf 85' lang='lat' dir='ltr'><strong>Ego</strong></span> <span class='ocrx_word' id='word_1_618' title='bbox 1749 1595 1855 1635; x_wconf 87' lang='lat' dir='ltr'><strong>potius</strong></span> <span class='ocrx_word' id='word_1_619' title='bbox 1885 1595 1945 1626; x_wconf 92' lang='lat' dir='ltr'><strong>hoc</strong></span> <span class='ocrx_word' id='word_1_620' title='bbox 1969 1594 2104 1627; x_wconf 85' lang='lat' dir='ltr'><strong>verbum</strong></span> <span class='ocrx_word' id='word_1_621' title='bbox 2132 1594 2283 1626; x_wconf 83' lang='lat' dir='ltr'><strong>existimo</strong></span> 
     </span>
     <span class='ocr_line' id='line_1_89' title="bbox 1310 1636 2282 1679; baseline -0.003 -9"><span class='ocrx_word' id='word_1_622' title='bbox 1310 1638 1485 1670; x_wconf 86' lang='lat' dir='ltr'><strong>convenire</strong></span> <span class='ocrx_word' id='word_1_623' title='bbox 1508 1648 1583 1670; x_wconf 90' lang='lat' dir='ltr'><strong>cum</strong></span> <span class='ocrx_word' id='word_1_624' title='bbox 1606 1637 1663 1669; x_wconf 89' lang='lat' dir='ltr'><strong>illa</strong></span> <span class='ocrx_word' id='word_1_625' title='bbox 1686 1638 1781 1669; x_wconf 88' lang='lat' dir='ltr'><strong>Pauli</strong></span> <span class='ocrx_word' id='word_1_626' title='bbox 1804 1638 1965 1669; x_wconf 86' lang='lat' dir='ltr'><strong>sententia</strong></span> <span class='ocrx_word' id='word_1_627' title='bbox 1987 1636 2029 1679; x_wconf 91' lang='grc'><strong>(1.</strong></span> <span class='ocrx_word' id='word_1_628' title='bbox 2047 1638 2120 1670; x_wconf 79' lang='lat' dir='ltr'><strong>Gor.</strong></span> <span class='ocrx_word' id='word_1_629' title='bbox 2138 1637 2189 1676; x_wconf 87' lang='lat'><strong>14,</strong></span> <span class='ocrx_word' id='word_1_630' title='bbox 2210 1636 2282 1678; x_wconf 85' lang='lat' dir='ltr'><strong>2o):</strong></span> 
     </span>
     <span class='ocr_line' id='line_1_90' title="bbox 1312 1680 2283 1721; baseline -0.001 -9"><span class='ocrx_word' id='word_1_631' title='bbox 1312 1680 1361 1712; x_wconf 91' lang='lat' dir='ltr'><strong>Ne</strong></span> <span class='ocrx_word' id='word_1_632' title='bbox 1391 1681 1462 1712; x_wconf 87' lang='lat' dir='ltr'><strong>sitis</strong></span> <span class='ocrx_word' id='word_1_633' title='bbox 1492 1681 1583 1721; x_wconf 92' lang='lat' dir='ltr'><strong>pueri</strong></span> <span class='ocrx_word' id='word_1_634' title='bbox 1614 1691 1728 1719; x_wconf 88' lang='lat' dir='ltr'><strong>sensu,</strong></span> <span class='ocrx_word' id='word_1_635' title='bbox 1760 1680 1816 1712; x_wconf 87' lang='lat' dir='ltr'><strong>sed</strong></span> <span class='ocrx_word' id='word_1_636' title='bbox 1847 1680 1982 1712; x_wconf 82' lang='lat' dir='ltr'><strong>malitia.</strong></span> <span class='ocrx_word' id='word_1_637' title='bbox 2027 1680 2076 1712; x_wconf 89' lang='lat' dir='ltr'><strong>Ne</strong></span> <span class='ocrx_word' id='word_1_638' title='bbox 2099 1680 2173 1720; x_wconf 86' lang='lat' dir='ltr'><strong>quis</strong></span> <span class='ocrx_word' id='word_1_639' title='bbox 2195 1681 2283 1712; x_wconf 90' lang='lat' dir='ltr'><strong>enim</strong></span> 
     </span>
     <span class='ocr_line' id='line_1_91' title="bbox 1311 1723 2283 1765; baseline 0 -11"><span class='ocrx_word' id='word_1_640' title='bbox 1311 1727 1441 1763; x_wconf 88' lang='lat' dir='ltr'><strong>putaret</strong></span> <span class='ocrx_word' id='word_1_641' title='bbox 1463 1723 1697 1765; x_wconf 86' lang='lat' dir='ltr'><strong>intelligentiae</strong></span> <span class='ocrx_word' id='word_1_642' title='bbox 1720 1728 1885 1764; x_wconf 81' lang='lat' dir='ltr'><strong>expertem</strong></span> <span class='ocrx_word' id='word_1_643' title='bbox 1915 1724 2093 1761; x_wconf 86' lang='lat' dir='ltr'><strong>infantiam,</strong></span> <span class='ocrx_word' id='word_1_644' title='bbox 2125 1723 2283 1755; x_wconf 84' lang='lat' dir='ltr'><strong>fatuitatis</strong></span> 
     </span>
     <span class='ocr_line' id='line_1_92' title="bbox 1312 1766 2283 1806; baseline -0.001 -8"><span class='ocrx_word' id='word_1_645' title='bbox 1312 1776 1388 1798; x_wconf 83' lang='lat' dir='ltr'><strong>vero</strong></span> <span class='ocrx_word' id='word_1_646' title='bbox 1411 1766 1541 1806; x_wconf 89' lang='lat' dir='ltr'><strong>plenam</strong></span> <span class='ocrx_word' id='word_1_647' title='bbox 1565 1767 1604 1797; x_wconf 93' lang='lat' dir='ltr'><strong>ab</strong></span> <span class='ocrx_word' id='word_1_648' title='bbox 1628 1776 1665 1797; x_wconf 90' lang='lat' dir='ltr'><strong>eo</strong></span> <span class='ocrx_word' id='word_1_649' title='bbox 1684 1766 1820 1804; x_wconf 86' lang='lat' dir='ltr'><strong>laudari,</strong></span> <span class='ocrx_word' id='word_1_650' title='bbox 1844 1768 1971 1798; x_wconf 89' lang='lat' dir='ltr'><strong>mature</strong></span> <span class='ocrx_word' id='word_1_651' title='bbox 1988 1767 2142 1798; x_wconf 88' lang='lat' dir='ltr'><strong>occurrit:</strong></span> <span class='ocrx_word' id='word_1_652' title='bbox 2164 1766 2211 1797; x_wconf 88' lang='lat' dir='ltr'><strong>ita</strong></span> <span class='ocrx_word' id='word_1_653' title='bbox 2233 1766 2283 1798; x_wconf 88' lang='lat' dir='ltr'><strong>lac</strong></span> 
     </span>
     <span class='ocr_line' id='line_1_93' title="bbox 1313 1809 2286 1850; baseline 0 -10"><span class='ocrx_word' id='word_1_654' title='bbox 1313 1809 1384 1840; x_wconf 94' lang='lat' dir='ltr'><strong>dolo</strong></span> <span class='ocrx_word' id='word_1_655' title='bbox 1408 1819 1545 1840; x_wconf 83' lang='lat' dir='ltr'><strong>vacuum</strong></span> <span class='ocrx_word' id='word_1_656' title='bbox 1569 1809 1659 1841; x_wconf 91' lang='lat' dir='ltr'><strong>iubet</strong></span> <span class='ocrx_word' id='word_1_657' title='bbox 1681 1814 1842 1850; x_wconf 86' lang='lat' dir='ltr'><strong>appetere,</strong></span> <span class='ocrx_word' id='word_1_658' title='bbox 1867 1815 1904 1840; x_wconf 92' lang='lat' dir='ltr'><strong>ut</strong></span> <span class='ocrx_word' id='word_1_659' title='bbox 1927 1815 2037 1841; x_wconf 88' lang='lat' dir='ltr'><strong>tamen</strong></span> <span class='ocrx_word' id='word_1_660' title='bbox 2056 1814 2146 1842; x_wconf 88' lang='lat' dir='ltr'><strong>reeta</strong></span> <span class='ocrx_word' id='word_1_661' title='bbox 2167 1809 2286 1840; x_wconf 92' lang='lat' dir='ltr'><strong>intelli-</strong></span> 
     </span>
     <span class='ocr_line' id='line_1_94' title="bbox 1313 1851 2285 1892; baseline 0.001 -10"><span class='ocrx_word' id='word_1_662' title='bbox 1313 1852 1422 1892; x_wconf 87' lang='lat' dir='ltr'><strong>gentia</strong></span> <span class='ocrx_word' id='word_1_663' title='bbox 1444 1851 1610 1883; x_wconf 89' lang='lat' dir='ltr'><strong>conditum</strong></span> <span class='ocrx_word' id='word_1_664' title='bbox 1634 1853 1686 1884; x_wconf 91' lang='lat' dir='ltr'><strong>sit.</strong></span> <span class='ocrx_word' id='word_1_665' title='bbox 1731 1852 1827 1884; x_wconf 86' lang='lat' dir='ltr'><strong>Nunc</strong></span> <span class='ocrx_word' id='word_1_666' title='bbox 1852 1852 1998 1884; x_wconf 89' lang='lat' dir='ltr'><strong>videmus</strong></span> <span class='ocrx_word' id='word_1_667' title='bbox 2024 1862 2180 1892; x_wconf 87' lang='lat' dir='ltr'><strong>quorsum</strong></span> <span class='ocrx_word' id='word_1_668' title='bbox 2205 1852 2285 1884; x_wconf 83' lang='lat' dir='ltr'><strong>haec</strong></span> 
     </span>
    </p>
   </div>
   <div class='ocr_carea' id='block_1_16' title="bbox 1284 1894 2285 1937">
    <p class='ocr_par' dir='ltr' id='par_1_18' title="bbox 1284 1894 2285 1937">
     <span class='ocr_line' id='line_1_95' title="bbox 1284 1894 2285 1937; baseline 0.001 -12"><span class='ocrx_word' id='word_1_669' title='bbox 1284 1906 1286 1919; x_wconf 56' lang='grc' dir='ltr'>ι</span> <span class='ocrx_word' id='word_1_670' title='bbox 1313 1895 1377 1925; x_wconf 91' lang='lat' dir='ltr'><strong>duo</strong></span> <span class='ocrx_word' id='word_1_671' title='bbox 1408 1894 1552 1934; x_wconf 87' lang='lat' dir='ltr'><strong>epitheta</strong></span> <span class='ocrx_word' id='word_1_672' title='bbox 1581 1895 1679 1926; x_wconf 90' lang='lat' dir='ltr'><strong>simul</strong></span> <span class='ocrx_word' id='word_1_673' title='bbox 1707 1900 1889 1936; x_wconf 88' lang='lat' dir='ltr'><strong>connectat,</strong></span> <span class='ocrx_word' id='word_1_674' title='bbox 1918 1894 2049 1937; x_wconf 81' lang='grc' dir='ltr'>λογικὸν</span> <span class='ocrx_word' id='word_1_675' title='bbox 2079 1895 2134 1927; x_wconf 75' lang='grc' dir='ltr'><strong>καὶ</strong></span> <span class='ocrx_word' id='word_1_676' title='bbox 2159 1894 2285 1927; x_wconf 82' lang='grc' dir='ltr'>ἄδολον.</span> 
     </span>
    </p>
   </div>
   <div class='ocr_carea' id='block_1_17' title="bbox 1313 1936 2289 2706">
    <p class='ocr_par' dir='ltr' id='par_1_19' title="bbox 1313 1936 2289 2706">
     <span class='ocr_line' id='line_1_96' title="bbox 1313 1936 2288 1979; baseline 0.001 -10"><span class='ocrx_word' id='word_1_677' title='bbox 1313 1936 1400 1969; x_wconf 84' lang='lat' dir='ltr'><strong>Sunt</strong></span> <span class='ocrx_word' id='word_1_678' title='bbox 1429 1938 1515 1968; x_wconf 91' lang='lat' dir='ltr'><strong>enim</strong></span> <span class='ocrx_word' id='word_1_679' title='bbox 1544 1948 1595 1969; x_wconf 83' lang='lat' dir='ltr'><strong>res</strong></span> <span class='ocrx_word' id='word_1_680' title='bbox 1626 1938 1660 1969; x_wconf 89' lang='lat' dir='ltr'><strong>in</strong></span> <span class='ocrx_word' id='word_1_681' title='bbox 1687 1938 1828 1979; x_wconf 81' lang='lat' dir='ltr'><strong>speciem</strong></span> <span class='ocrx_word' id='word_1_682' title='bbox 1852 1938 2010 1978; x_wconf 85' lang='lat' dir='ltr'><strong>diversae,</strong></span> <span class='ocrx_word' id='word_1_683' title='bbox 2040 1938 2233 1979; x_wconf 87' lang='lat' dir='ltr'><strong>simplicitas</strong></span> <span class='ocrx_word' id='word_1_684' title='bbox 2255 1942 2288 1970; x_wconf 81' lang='lat' dir='ltr'><strong>et</strong></span> 
     </span>
     <span class='ocr_line' id='line_1_97' title="bbox 1313 1980 2287 2021; baseline 0.001 -10"><span class='ocrx_word' id='word_1_685' title='bbox 1313 1980 1554 2020; x_wconf 82' lang='lat' dir='ltr'><strong>perspicientia:</strong></span> <span class='ocrx_word' id='word_1_686' title='bbox 1584 1991 1700 2012; x_wconf 89' lang='lat' dir='ltr'><strong>verum</strong></span> <span class='ocrx_word' id='word_1_687' title='bbox 1729 1980 1828 2012; x_wconf 90' lang='lat' dir='ltr'><strong>simul</strong></span> <span class='ocrx_word' id='word_1_688' title='bbox 1859 1981 1988 2012; x_wconf 86' lang='lat' dir='ltr'><strong>misceri</strong></span> <span class='ocrx_word' id='word_1_689' title='bbox 2017 1984 2155 2021; x_wconf 86' lang='lat' dir='ltr'><strong>oportet,</strong></span> <span class='ocrx_word' id='word_1_690' title='bbox 2186 1986 2223 2012; x_wconf 85' lang='lat' dir='ltr'><strong>ut</strong></span> <span class='ocrx_word' id='word_1_691' title='bbox 2245 1990 2287 2012; x_wconf 86' lang='lat' dir='ltr'><strong>ne</strong></span> 
     </span>
     <span class='ocr_line' id='line_1_98' title="bbox 1313 2023 2286 2065; baseline 0.001 -12"><span class='ocrx_word' id='word_1_692' title='bbox 1313 2023 1453 2063; x_wconf 87' lang='lat' dir='ltr'><strong>insipida</strong></span> <span class='ocrx_word' id='word_1_693' title='bbox 1475 2024 1516 2054; x_wconf 89' lang='lat' dir='ltr'><strong>sit</strong></span> <span class='ocrx_word' id='word_1_694' title='bbox 1539 2024 1748 2064; x_wconf 86' lang='lat' dir='ltr'><strong>simplicitas:</strong></span> <span class='ocrx_word' id='word_1_695' title='bbox 1778 2034 1838 2055; x_wconf 86' lang='lat' dir='ltr'><strong>nec</strong></span> <span class='ocrx_word' id='word_1_696' title='bbox 1860 2034 1919 2064; x_wconf 91' lang='lat' dir='ltr'><strong>pro</strong></span> <span class='ocrx_word' id='word_1_697' title='bbox 1941 2024 2170 2065; x_wconf 86' lang='lat' dir='ltr'><strong>intelligentia,</strong></span> <span class='ocrx_word' id='word_1_698' title='bbox 2195 2023 2286 2055; x_wconf 89' lang='lat' dir='ltr'><strong>mali-</strong></span> 
     </span>
     <span class='ocr_line' id='line_1_99' title="bbox 1315 2066 2287 2107; baseline 0.001 -11"><span class='ocrx_word' id='word_1_699' title='bbox 1315 2066 1397 2097; x_wconf 89' lang='lat' dir='ltr'><strong>tiosa</strong></span> <span class='ocrx_word' id='word_1_700' title='bbox 1430 2066 1575 2098; x_wconf 85' lang='lat' dir='ltr'><strong>vafrities</strong></span> <span class='ocrx_word' id='word_1_701' title='bbox 1609 2067 1752 2107; x_wconf 86' lang='lat' dir='ltr'><strong>obrepat.</strong></span> <span class='ocrx_word' id='word_1_702' title='bbox 1806 2066 1861 2098; x_wconf 85' lang='lat' dir='ltr'><strong>Sic</strong></span> <span class='ocrx_word' id='word_1_703' title='bbox 1895 2067 1976 2098; x_wconf 87' lang='lat' dir='ltr'><strong>bene</strong></span> <span class='ocrx_word' id='word_1_704' title='bbox 2010 2071 2192 2107; x_wconf 84' lang='lat' dir='ltr'><strong>temperata</strong></span> <span class='ocrx_word' id='word_1_705' title='bbox 2224 2066 2287 2097; x_wconf 90' lang='lat' dir='ltr'><strong>erit</strong></span> 
     </span>
     <span class='ocr_line' id='line_1_100' title="bbox 1313 2108 2287 2149; baseline 0 -10"><span class='ocrx_word' id='word_1_706' title='bbox 1313 2108 1492 2149; x_wconf 84' lang='lat' dir='ltr'><strong>conditura,</strong></span> <span class='ocrx_word' id='word_1_707' title='bbox 1521 2109 1613 2141; x_wconf 80' lang='lat' dir='ltr'><strong>iuxta</strong></span> <span class='ocrx_word' id='word_1_708' title='bbox 1645 2109 1724 2141; x_wconf 92' lang='lat' dir='ltr'><strong>illud</strong></span> <span class='ocrx_word' id='word_1_709' title='bbox 1751 2109 1885 2147; x_wconf 87' lang='lat' dir='ltr'><strong>Christi,</strong></span> <span class='ocrx_word' id='word_1_710' title='bbox 1914 2113 2015 2140; x_wconf 86' lang='lat' dir='ltr'><strong>estote</strong></span> <span class='ocrx_word' id='word_1_711' title='bbox 2045 2109 2221 2148; x_wconf 86' lang='lat' dir='ltr'><strong>prudentes</strong></span> <span class='ocrx_word' id='word_1_712' title='bbox 2249 2110 2287 2139; x_wconf 94' lang='lat' dir='ltr'><strong>ut</strong></span> 
     </span>
     <span class='ocr_line' id='line_1_101' title="bbox 1313 2150 2287 2193; baseline 0 -11"><span class='ocrx_word' id='word_1_713' title='bbox 1313 2156 1490 2191; x_wconf 86' lang='lat' dir='ltr'><strong>serpentes,</strong></span> <span class='ocrx_word' id='word_1_714' title='bbox 1522 2157 1555 2183; x_wconf 85' lang='lat' dir='ltr'><strong>et</strong></span> <span class='ocrx_word' id='word_1_715' title='bbox 1578 2152 1742 2193; x_wconf 87' lang='lat' dir='ltr'><strong>simplices</strong></span> <span class='ocrx_word' id='word_1_716' title='bbox 1765 2157 1800 2183; x_wconf 90' lang='lat' dir='ltr'><strong>ut</strong></span> <span class='ocrx_word' id='word_1_717' title='bbox 1823 2152 1990 2184; x_wconf 89' lang='lat' dir='ltr'><strong>columbae</strong></span> <span class='ocrx_word' id='word_1_718' title='bbox 2013 2151 2145 2193; x_wconf 88' lang='lat' dir='ltr'><strong>(Matth.</strong></span> <span class='ocrx_word' id='word_1_719' title='bbox 2169 2151 2220 2190; x_wconf 90' lang='lat'><strong>10,</strong></span> <span class='ocrx_word' id='word_1_720' title='bbox 2242 2150 2287 2192; x_wconf 88' lang='lat'><strong>6).</strong></span> 
     </span>
     <span class='ocr_line' id='line_1_102' title="bbox 1314 2194 2286 2235; baseline 0.001 -11"><span class='ocrx_word' id='word_1_721' title='bbox 1314 2194 1424 2234; x_wconf 90' lang='lat' dir='ltr'><strong>Atque</strong></span> <span class='ocrx_word' id='word_1_722' title='bbox 1459 2194 1522 2227; x_wconf 87' lang='lat' dir='ltr'><strong>hoc</strong></span> <span class='ocrx_word' id='word_1_723' title='bbox 1555 2195 1648 2227; x_wconf 91' lang='lat' dir='ltr'><strong>modo</strong></span> <span class='ocrx_word' id='word_1_724' title='bbox 1682 2195 1820 2227; x_wconf 85' lang='lat' dir='ltr'><strong>solvitur</strong></span> <span class='ocrx_word' id='word_1_725' title='bbox 1853 2196 2013 2235; x_wconf 85' lang='lat' dir='ltr'><strong>quaestio,</strong></span> <span class='ocrx_word' id='word_1_726' title='bbox 2050 2204 2132 2234; x_wconf 90' lang='lat' dir='ltr'><strong>quae</strong></span> <span class='ocrx_word' id='word_1_727' title='bbox 2166 2194 2286 2234; x_wconf 90' lang='lat' dir='ltr'><strong>alioqui</strong></span> 
     </span>
     <span class='ocr_line' id='line_1_103' title="bbox 1314 2236 2288 2285; baseline -0.001 -17"><span class='ocrx_word' id='word_1_728' title='bbox 1314 2237 1408 2268; x_wconf 88' lang='lat' dir='ltr'><strong>obiici</strong></span> <span class='ocrx_word' id='word_1_729' title='bbox 1438 2240 1572 2285; x_wconf 76' lang='lat' dir='ltr'><strong>poterat.</strong></span> <span class='ocrx_word' id='word_1_730' title='bbox 1621 2238 1744 2270; x_wconf 90' lang='lat' dir='ltr'><strong>Paulus</strong></span> <span class='ocrx_word' id='word_1_731' title='bbox 1777 2238 1934 2278; x_wconf 80' lang='lat' dir='ltr'><strong>exprobat</strong></span> <span class='ocrx_word' id='word_1_732' title='bbox 1967 2237 2163 2275; x_wconf 87' lang='lat' dir='ltr'><strong>Corinthiis,</strong></span> <span class='ocrx_word' id='word_1_733' title='bbox 2201 2236 2288 2277; x_wconf 87' lang='lat' dir='ltr'><strong>quod</strong></span> 
     </span>
     <span class='ocr_line' id='line_1_104' title="bbox 1314 2279 2288 2321; baseline 0 -11"><span class='ocrx_word' id='word_1_734' title='bbox 1314 2280 1423 2320; x_wconf 89' lang='lat' dir='ltr'><strong>pueris</strong></span> <span class='ocrx_word' id='word_1_735' title='bbox 1453 2281 1520 2312; x_wconf 89' lang='lat' dir='ltr'><strong>sint</strong></span> <span class='ocrx_word' id='word_1_736' title='bbox 1553 2281 1688 2320; x_wconf 89' lang='lat' dir='ltr'><strong>similes,</strong></span> <span class='ocrx_word' id='word_1_737' title='bbox 1721 2281 1856 2321; x_wconf 88' lang='lat' dir='ltr'><strong>ideoque</strong></span> <span class='ocrx_word' id='word_1_738' title='bbox 1889 2280 2028 2312; x_wconf 89' lang='lat' dir='ltr'><strong>solidum</strong></span> <span class='ocrx_word' id='word_1_739' title='bbox 2061 2279 2168 2311; x_wconf 88' lang='lat' dir='ltr'><strong>cibum</strong></span> <span class='ocrx_word' id='word_1_740' title='bbox 2203 2280 2288 2311; x_wconf 89' lang='lat' dir='ltr'><strong>ferre</strong></span> 
     </span>
     <span class='ocr_line' id='line_1_105' title="bbox 1315 2322 2287 2365; baseline 0 -12"><span class='ocrx_word' id='word_1_741' title='bbox 1315 2328 1485 2363; x_wconf 87' lang='lat' dir='ltr'><strong>nequeant,</strong></span> <span class='ocrx_word' id='word_1_742' title='bbox 1509 2323 1565 2355; x_wconf 85' lang='lat' dir='ltr'><strong>sed</strong></span> <span class='ocrx_word' id='word_1_743' title='bbox 1584 2324 1667 2356; x_wconf 85' lang='lat' dir='ltr'><strong>lacte</strong></span> <span class='ocrx_word' id='word_1_744' title='bbox 1683 2324 1791 2355; x_wconf 90' lang='lat' dir='ltr'><strong>alendi</strong></span> <span class='ocrx_word' id='word_1_745' title='bbox 1808 2323 1874 2354; x_wconf 89' lang='lat' dir='ltr'><strong>sint</strong></span> <span class='ocrx_word' id='word_1_746' title='bbox 1887 2322 1932 2365; x_wconf 89' lang='lat'><strong>(1.</strong></span> <span class='ocrx_word' id='word_1_747' title='bbox 1948 2322 2021 2354; x_wconf 90' lang='lat' dir='ltr'><strong>Cor.</strong></span> <span class='ocrx_word' id='word_1_748' title='bbox 2036 2322 2067 2362; x_wconf 87' lang='lat'><strong>3,</strong></span> <span class='ocrx_word' id='word_1_749' title='bbox 2086 2322 2126 2364; x_wconf 87' lang='grc'><strong>1).</strong></span> <span class='ocrx_word' id='word_1_750' title='bbox 2161 2322 2287 2354; x_wconf 86' lang='lat' dir='ltr'><strong>Eadem</strong></span> 
     </span>
     <span class='ocr_line' id='line_1_106' title="bbox 1315 2365 2287 2407; baseline 0 -11"><span class='ocrx_word' id='word_1_751' title='bbox 1315 2366 1382 2396; x_wconf 83' lang='lat' dir='ltr'><strong>fere</strong></span> <span class='ocrx_word' id='word_1_752' title='bbox 1410 2367 1572 2398; x_wconf 84' lang='lat' dir='ltr'><strong>sententia</strong></span> <span class='ocrx_word' id='word_1_753' title='bbox 1602 2367 1739 2398; x_wconf 87' lang='lat' dir='ltr'><strong>habetur</strong></span> <span class='ocrx_word' id='word_1_754' title='bbox 1772 2366 1806 2398; x_wconf 89' lang='lat' dir='ltr'><strong>in</strong></span> <span class='ocrx_word' id='word_1_755' title='bbox 1840 2366 1975 2407; x_wconf 87' lang='lat' dir='ltr'><strong>epistola</strong></span> <span class='ocrx_word' id='word_1_756' title='bbox 2003 2365 2043 2396; x_wconf 90' lang='lat' dir='ltr'><strong>ad</strong></span> <span class='ocrx_word' id='word_1_757' title='bbox 2073 2365 2157 2397; x_wconf 88' lang='lat' dir='ltr'><strong>Heb.</strong></span> <span class='ocrx_word' id='word_1_758' title='bbox 2182 2366 2211 2404; x_wconf 88' lang='lat'><strong>5,</strong></span> <span class='ocrx_word' id='word_1_759' title='bbox 2237 2365 2287 2397; x_wconf 82' lang='lat'><strong>12.</strong></span> 
     </span>
     <span class='ocr_line' id='line_1_107' title="bbox 1316 2408 2288 2450; baseline 0 -11"><span class='ocrx_word' id='word_1_760' title='bbox 1316 2408 1440 2440; x_wconf 89' lang='lat' dir='ltr'><strong>Verum</strong></span> <span class='ocrx_word' id='word_1_761' title='bbox 1473 2408 1540 2441; x_wconf 89' lang='lat' dir='ltr'><strong>illic</strong></span> <span class='ocrx_word' id='word_1_762' title='bbox 1573 2409 1684 2450; x_wconf 87' lang='lat' dir='ltr'><strong>pueris</strong></span> <span class='ocrx_word' id='word_1_763' title='bbox 1717 2413 1961 2450; x_wconf 88' lang='lat' dir='ltr'><strong>comparantur,</strong></span> <span class='ocrx_word' id='word_1_764' title='bbox 1999 2408 2054 2448; x_wconf 91' lang='lat' dir='ltr'><strong>qui</strong></span> <span class='ocrx_word' id='word_1_765' title='bbox 2091 2408 2124 2439; x_wconf 93' lang='lat' dir='ltr'><strong>in</strong></span> <span class='ocrx_word' id='word_1_766' title='bbox 2159 2409 2288 2449; x_wconf 88' lang='lat' dir='ltr'><strong>pietatis</strong></span> 
     </span>
     <span class='ocr_line' id='line_1_108' title="bbox 1316 2450 2287 2493; baseline -0.001 -11"><span class='ocrx_word' id='word_1_767' title='bbox 1316 2451 1463 2483; x_wconf 91' lang='lat' dir='ltr'><strong>doctrina</strong></span> <span class='ocrx_word' id='word_1_768' title='bbox 1495 2462 1623 2493; x_wconf 88' lang='lat' dir='ltr'><strong>semper</strong></span> <span class='ocrx_word' id='word_1_769' title='bbox 1657 2452 1773 2484; x_wconf 88' lang='lat' dir='ltr'><strong>novitii</strong></span> <span class='ocrx_word' id='word_1_770' title='bbox 1806 2456 1882 2483; x_wconf 89' lang='lat' dir='ltr'><strong>sunt</strong></span> <span class='ocrx_word' id='word_1_771' title='bbox 1915 2461 1952 2483; x_wconf 89' lang='lat' dir='ltr'><strong>ac</strong></span> <span class='ocrx_word' id='word_1_772' title='bbox 1984 2450 2082 2483; x_wconf 88' lang='lat' dir='ltr'><strong>rudes</strong></span> <span class='ocrx_word' id='word_1_773' title='bbox 2113 2450 2287 2492; x_wconf 72' lang='lat' dir='ltr'><strong>tyruncufi,</strong></span> 
     </span>
     <span class='ocr_line' id='line_1_109' title="bbox 1315 2495 2287 2535; baseline -0.001 -10"><span class='ocrx_word' id='word_1_774' title='bbox 1315 2495 1370 2534; x_wconf 90' lang='lat' dir='ltr'><strong>qui</strong></span> <span class='ocrx_word' id='word_1_775' title='bbox 1393 2495 1428 2525; x_wconf 91' lang='lat' dir='ltr'><strong>in</strong></span> <span class='ocrx_word' id='word_1_776' title='bbox 1451 2495 1565 2535; x_wconf 90' lang='lat' dir='ltr'><strong>primis</strong></span> <span class='ocrx_word' id='word_1_777' title='bbox 1587 2495 1757 2527; x_wconf 90' lang='lat' dir='ltr'><strong>elementis</strong></span> <span class='ocrx_word' id='word_1_778' title='bbox 1779 2495 1924 2532; x_wconf 87' lang='lat' dir='ltr'><strong>haerent,</strong></span> <span class='ocrx_word' id='word_1_779' title='bbox 1948 2503 2008 2525; x_wconf 88' lang='lat' dir='ltr'><strong>nec</strong></span> <span class='ocrx_word' id='word_1_780' title='bbox 2026 2504 2169 2534; x_wconf 91' lang='lat' dir='ltr'><strong>unquam</strong></span> <span class='ocrx_word' id='word_1_781' title='bbox 2193 2503 2287 2534; x_wconf 88' lang='lat' dir='ltr'><strong>pene·</strong></span> 
     </span>
     <span class='ocr_line' id='line_1_110' title="bbox 1316 2537 2289 2569; baseline -0.002 0"><span class='ocrx_word' id='word_1_782' title='bbox 1316 2542 1404 2568; x_wconf 86' lang='lat' dir='ltr'><strong>trant</strong></span> <span class='ocrx_word' id='word_1_783' title='bbox 1426 2538 1461 2569; x_wconf 92' lang='lat' dir='ltr'><strong>in</strong></span> <span class='ocrx_word' id='word_1_784' title='bbox 1484 2538 1632 2569; x_wconf 86' lang='lat' dir='ltr'><strong>altiorem</strong></span> <span class='ocrx_word' id='word_1_785' title='bbox 1655 2537 1719 2569; x_wconf 89' lang='lat' dir='ltr'><strong>Dei</strong></span> <span class='ocrx_word' id='word_1_786' title='bbox 1741 2537 1899 2569; x_wconf 90' lang='lat' dir='ltr'><strong>notitiam.</strong></span> <span class='ocrx_word' id='word_1_787' title='bbox 1937 2537 2018 2568; x_wconf 84' lang='lat' dir='ltr'><strong>Lac</strong></span> <span class='ocrx_word' id='word_1_788' title='bbox 2044 2541 2178 2568; x_wconf 86' lang='lat' dir='ltr'><strong>vocatur</strong></span> <span class='ocrx_word' id='word_1_789' title='bbox 2201 2546 2289 2568; x_wconf 86' lang='lat' dir='ltr'><strong>cras-</strong></span> 
     </span>
     <span class='ocr_line' id='line_1_111' title="bbox 1315 2579 2289 2621; baseline -0.002 -10"><span class='ocrx_word' id='word_1_790' title='bbox 1315 2581 1380 2612; x_wconf 90' lang='lat' dir='ltr'><strong>sior</strong></span> <span class='ocrx_word' id='word_1_791' title='bbox 1410 2584 1442 2611; x_wconf 88' lang='lat' dir='ltr'><strong>et</strong></span> <span class='ocrx_word' id='word_1_792' title='bbox 1470 2580 1603 2621; x_wconf 90' lang='lat' dir='ltr'><strong>puerilis</strong></span> <span class='ocrx_word' id='word_1_793' title='bbox 1633 2579 1769 2613; x_wconf 86' lang='lat' dir='ltr'><strong>docendi</strong></span> <span class='ocrx_word' id='word_1_794' title='bbox 1798 2580 1910 2617; x_wconf 81' lang='lat' dir='ltr'><strong>forma,</strong></span> <span class='ocrx_word' id='word_1_795' title='bbox 1942 2590 2042 2620; x_wconf 90' lang='lat' dir='ltr'><strong>quum</strong></span> <span class='ocrx_word' id='word_1_796' title='bbox 2071 2579 2160 2611; x_wconf 88' lang='lat' dir='ltr'><strong>ultra</strong></span> <span class='ocrx_word' id='word_1_797' title='bbox 2182 2579 2289 2619; x_wconf 86' lang='lat' dir='ltr'><strong>prima</strong></span> 
     </span>
     <span class='ocr_line' id='line_1_112' title="bbox 1315 2622 2288 2664; baseline -0.003 -9"><span class='ocrx_word' id='word_1_798' title='bbox 1315 2623 1501 2655; x_wconf 86' lang='lat' dir='ltr'><strong>rudimenta</strong></span> <span class='ocrx_word' id='word_1_799' title='bbox 1529 2633 1696 2664; x_wconf 85' lang='lat' dir='ltr'><strong>nunquam</strong></span> <span class='ocrx_word' id='word_1_800' title='bbox 1725 2623 1763 2655; x_wconf 89' lang='lat' dir='ltr'><strong>fit</strong></span> <span class='ocrx_word' id='word_1_801' title='bbox 1791 2632 1992 2663; x_wconf 87' lang='lat' dir='ltr'><strong>progressus.</strong></span> <span class='ocrx_word' id='word_1_802' title='bbox 2037 2622 2158 2654; x_wconf 88' lang='lat' dir='ltr'><strong>Merito</strong></span> <span class='ocrx_word' id='word_1_803' title='bbox 2179 2622 2288 2661; x_wconf 88' lang='lat' dir='ltr'><strong>itaque</strong></span> 
     </span>
     <span class='ocr_line' id='line_1_113' title="bbox 1316 2664 2287 2706; baseline -0.004 -8"><span class='ocrx_word' id='word_1_804' title='bbox 1316 2665 1376 2698; x_wconf 90' lang='lat' dir='ltr'><strong>hoc</strong></span> <span class='ocrx_word' id='word_1_805' title='bbox 1397 2666 1477 2698; x_wconf 77' lang='lat' dir='ltr'><strong>vitio</strong></span> <span class='ocrx_word' id='word_1_806' title='bbox 1500 2671 1635 2698; x_wconf 83' lang='lat' dir='ltr'><strong>vertunt</strong></span> <span class='ocrx_word' id='word_1_807' title='bbox 1655 2671 1720 2698; x_wconf 84' lang='lat' dir='ltr'><strong>tam</strong></span> <span class='ocrx_word' id='word_1_808' title='bbox 1744 2665 1868 2697; x_wconf 90' lang='lat' dir='ltr'><strong>Paulus</strong></span> <span class='ocrx_word' id='word_1_809' title='bbox 1891 2675 1990 2706; x_wconf 90' lang='lat' dir='ltr'><strong>quam</strong></span> <span class='ocrx_word' id='word_1_810' title='bbox 2015 2669 2108 2697; x_wconf 86' lang='lat' dir='ltr'><strong>autor</strong></span> <span class='ocrx_word' id='word_1_811' title='bbox 2131 2664 2287 2705; x_wconf 88' lang='lat' dir='ltr'><strong>epistolae</strong></span> 
     </span>
    </p>
   </div>
   <div class='ocr_carea' id='block_1_18' title="bbox 2451 1087 2513 3126">
    <p class='ocr_par' dir='ltr' id='par_1_20' title="bbox 2451 1087 2513 3126">
     <span class='ocr_line' id='line_1_114' title="bbox 2451 1087 2513 3126; baseline 0 0"><span class='ocrx_word' id='word_1_812' title='bbox 2451 1087 2513 3126; x_wconf 95' lang='lat' dir='ltr'><strong> </strong></span> 
     </span>
    </p>
   </div>
  </div>
 </body>
</html>
