2513 3126
306 220 369 251 343

311 316 422 347 ralitcr
446 324 556 347 vorum
581 318 637 351 est,
668 322 834 352 nunquam
860 312 951 344 nobis
975 312 1181 352 tranquillam
1206 321 1278 343 con-

309 362 395 390 stare
426 367 547 397 pacem,
582 356 644 387 nisi
675 365 772 395 quani
801 356 933 395 spiritus
958 354 1019 386 Dei
1043 355 1190 395 purgatis
1213 364 1279 386 cor-

309 401 402 432 dibus
437 404 586 440 praestat.
643 398 726 429 Nam
761 408 842 438 quos
877 403 1007 438 stupere
1042 398 1199 435 diximus,
1234 397 1279 428 illi

309 450 416 474 tamon
434 451 544 473 caecas
561 442 753 481 punctiones
777 440 913 472 subinde
936 441 1092 477 sentiunt,
1116 444 1149 472 ct
1172 440 1203 470 in
1223 449 1281 471 suo

308 491 442 517 veterno
466 486 668 524 torquentur.

394 527 443 558 21.
470 528 506 557 δι’
535 538 588 559 cor
617 530 755 558 nostrum
788 536 842 557 nos
873 536 935 557 non
962 528 1087 558 accuset.
1134 525 1202 556 Iam
1226 535 1281 556 ex-

308 571 408 610 posui,
440 579 544 610 nequo
567 570 606 601 ad
631 569 825 610 hypocrisin,
856 579 960 609 neque
986 569 1025 600 ad
1049 578 1193 600 crassum
1218 567 1280 599 Dei

307 618 525 653 contemptum
550 612 609 643 hoc
632 613 804 652 portinere.
841 612 925 643 Nam
948 617 1112 652 utcunque
1135 611 1280 651 reprobis

308 657 379 687 viae
401 666 477 687 suae
501 656 660 695 placeant,
684 654 844 686 Dominus
868 660 976 686 tamen
1001 654 1157 694 ponderat
1172 653 1279 691 corda,

308 699 411 739 inquit
444 698 598 730 Solomon
629 697 739 739 (Prov.
762 698 810 734 lo',
841 697 883 740 2).
935 697 1027 729 Haec
1060 697 1122 728 Dei
1157 697 1280 728 trutina

307 751 367 773 suo
397 742 548 773 examine
576 741 674 772 officit
705 751 745 772 ne
769 742 841 780 quis
864 740 994 781 gloriari
1017 745 1114 780 queat
1134 750 1168 770 se
1191 750 1280 770 mun-

308 784 385 815 dum
410 785 528 815 habere
551 794 614 815 cor.
660 783 760 815 Hunc
784 794 861 824 crgo
883 793 1013 815 sensum
1045 782 1166 814 habent
1190 792 1280 822 apos-

309 827 364 858 toli
383 827 489 864 verba,
514 832 590 857 tunc
607 836 666 857 nos
683 826 812 857 demum
833 826 1006 866 tranquilla
1029 825 1147 857 fiducia
1170 825 1281 856 venire

310 871 343 901 in
367 874 574 910 conspectum
599 869 670 906 Dei,
701 880 798 909 quum
823 869 915 900 nobis
939 869 1020 900 bene
1043 869 1171 907 conscii,
1202 867 1279 898 recti

309 918 342 944 ct
375 913 467 953 probi
500 912 605 944 cordis
641 912 864 944 testimonium
903 911 1070 943 nobiscum
1105 911 1279 942 afferimus.

309 955 367 987 Est
400 955 529 995 quidem
560 965 674 986 verum
698 955 778 986 illud
803 954 909 991 Pauli,
944 954 1018 994 fide,
1052 964 1132 994 quae
1157 953 1280 984 Christi

307 999 413 1039 gratia
436 999 560 1037 nititur,
590 998 680 1029 nobis
704 997 849 1029 additum
874 997 913 1029 ad
939 997 1044 1028 Deum
1067 1006 1138 1027 cum
1163 995 1281 1027 fiducia

307 1041 454 1081 patefieri
483 1040 619 1082 (preS.
639 1041 669 1078 3,
695 1040 757 1082 12).
808 1040 901 1081 Item,
935 1040 1017 1071 Fide
1048 1039 1138 1070 nobis
1169 1048 1279 1078 pacem

307 1084 455 1123 conferri,
491 1090 526 1114 ut
560 1083 756 1124 tranquillae
789 1093 897 1115 coram
926 1083 995 1114 Deo
1029 1087 1117 1113 stent
1152 1088 1281 1112 nostrae

309 1126 534 1158 conscientiae.
582 1125 646 1158 Sed
681 1127 766 1157 inter
800 1128 878 1157 istas
911 1126 1088 1157 sententias
1119 1123 1201 1155 nihil
1232 1130 1281 1154 est

307 1170 440 1201 dissidii.
500 1169 584 1200 Nam
621 1169 744 1200 Paulus
780 1179 909 1200 causam
947 1168 1084 1199 fiduciae
1122 1166 1280 1198 ostendit:

306 1211 471 1244 Iohannes
494 1222 571 1244 vero
588 1216 714 1243 tantum
738 1211 885 1243 accidens
907 1210 1120 1251 inseparabile
1142 1219 1280 1242 comme-

309 1260 424 1293 morat,
447 1255 531 1295 quod
548 1255 730 1287 necessario
746 1255 904 1291 cohaeret,
928 1253 1077 1294 quamvis
1096 1263 1191 1285 causa
1215 1263 1280 1283 non

309 1299 360 1330 sit.
405 1298 469 1330 Hic
492 1303 599 1329 tamen
623 1298 725 1329 oritur
748 1298 849 1328 maior
873 1296 1056 1335 difficultas,
1086 1296 1170 1336 quod
1197 1295 1279 1326 nihil

310 1341 438 1372 videtur
475 1341 659 1380 relinquere
697 1340 832 1371 fiduciae
865 1340 898 1370 in
933 1344 999 1370 toto
1033 1339 1171 1379 mundo,
1209 1339 1280 1378 quis

311 1384 398 1415 enim
415 1384 604 1424 reperietur,
627 1393 723 1423 quem
741 1383 829 1414 nulla
846 1383 880 1413 in
897 1394 931 1414 re
950 1393 1004 1414 cor
1027 1392 1121 1414 suum
1143 1380 1279 1422 arguat?

308 1426 511 1467 Respondeo‚
535 1427 602 1466 pios
618 1426 664 1457 ita
682 1425 810 1466 coargui
834 1430 870 1457 ut
892 1436 926 1457 se
950 1425 1071 1465 pariter
1094 1425 1278 1456 absolvant:

308 1479 382 1500 nam
407 1470 473 1500 suis
497 1469 626 1509 quidem
651 1479 703 1500 eos
726 1469 866 1508 peccatis
889 1469 979 1500 intus
1002 1469 1085 1499 serio
1110 1469 1209 1508 pungi
1226 1478 1279 1499 ne-

308 1522 397 1544 cesse
428 1515 486 1550 est,
521 1517 556 1542 ut
580 1516 684 1542 terror
707 1511 747 1542 ad
771 1511 999 1549 humilitatem,
1034 1511 1148 1551 suique
1172 1511 1279 1551 displi-

307 1555 446 1586 centiam
480 1555 620 1586 erudiat:
655 1554 711 1586 sed
745 1565 820 1585 mox
855 1555 894 1585 ad
927 1554 1052 1586 Christi
1085 1554 1279 1586 sacrificium

307 1597 511 1638 confugiunt,
540 1598 592 1628 ubi
616 1602 736 1629 certam
761 1608 871 1637 pacem
896 1597 1026 1629 habent.
1073 1597 1279 1638 Quamquam

307 1640 469 1680 apostolus
503 1640 564 1671 alio
599 1650 695 1671 sensu
730 1651 783 1672 eos
817 1650 882 1671 non
913 1640 1055 1672 accusari
1080 1640 1171 1672 dicit:
1207 1641 1280 1680 quia

307 1689 471 1723 utcunque
495 1694 528 1714 se
552 1684 584 1713 in
608 1683 719 1714 multis
743 1683 879 1715 deficere
897 1688 1083 1725 agnoscant,
1106 1683 1279 1715 sublevan-

310 1732 373 1764 tur,
408 1732 515 1757 tamen
546 1725 605 1758 hoc
628 1726 843 1758 conscientiae
867 1726 1062 1764 testimonio,
1097 1727 1182 1767 quod
1206 1737 1281 1758 vere

308 1773 341 1800 et
363 1779 403 1799 ex
427 1769 535 1799 animo
553 1769 659 1800 Deum
685 1769 831 1806 timeant,
856 1779 954 1809 seque
977 1769 1133 1801 subiicere
1149 1770 1281 1810 cupiant

309 1811 378 1843 eius
393 1812 546 1843 iustitiae.
578 1811 772 1851 Quicunque
795 1812 856 1843 hoc
878 1814 930 1852 pio
953 1813 1070 1844 affectu
1093 1818 1170 1844 sunt
1192 1822 1281 1852 prae-

310 1854 378 1890 diti,
402 1860 434 1885 et
449 1854 574 1885 interea
590 1855 698 1886 sciunt
714 1865 773 1886 sua
796 1855 913 1893 studia,
938 1856 1147 1895 quantumvis
1170 1866 1188 1887 a
1211 1866 1281 1896 per-

309 1897 447 1928 fectione
481 1897 616 1934 distent,
652 1897 723 1929 Deo
757 1903 866 1929 tamen
902 1898 1044 1938 placere:
1080 1899 1194 1930 merito
1228 1909 1282 1930 cor

310 1939 457 1971 sedatum
488 1940 539 1972 vel
571 1946 719 1980 pacatum
751 1940 870 1972 habere
901 1941 1062 1977 dicuntur,
1095 1942 1171 1981 quia
1194 1942 1282 1972 nulla

311 1987 360 2013 est
393 1982 528 2014 interior
562 1984 694 2023 punctio
724 1994 806 2023 quae
834 1983 992 2024 placidam
1030 1994 1141 2016 eorum
1176 1984 1282 2016 hilari-

310 2029 407 2056 tatem
430 2025 546 2056 turbet.

398 2067 447 2098 22.
471 2068 514 2098 Et
535 2069 564 2099 si
587 2069 662 2107 quid
678 2069 873 2108 petierimus.
915 2069 1000 2109 Quia
1024 2080 1075 2100 res
1098 2073 1176 2102 sunt
1198 2071 1284 2101 int-er

311 2120 345 2141 se
360 2120 535 2148 connexae,
554 2112 671 2142 fiducia
686 2119 717 2142 et
733 2112 796 2142 Dei
812 2113 990 2144 invocatio:
1014 2113 1282 2153 quemadmodum

311 2153 402 2193 prius
418 2152 533 2183 malam
557 2155 787 2185 conscientiam
811 2155 919 2186 docuit
942 2165 1126 2197 repugnare
1149 2157 1284 2188 fiduciae

314 2197 359 2226 ita
382 2205 470 2227 nunc
493 2206 557 2226 non
581 2206 673 2236 posse
695 2198 840 2229 invocari
863 2197 970 2229 Deum
995 2199 1194 2238 pronuntiat,
1223 2199 1284 2230 nisi

314 2239 353 2269 ab
386 2238 424 2270 iis
451 2238 506 2278 qui
529 2248 603 2269 eum
627 2249 707 2278 puro
730 2240 826 2271 corde
849 2242 973 2279 timent,
1008 2246 1041 2273 et
1073 2243 1134 2273 rite
1164 2243 1283 2274 colunt.

313 2281 385 2312 Hoc
415 2281 575 2321 posterius
608 2291 649 2312 ex
678 2282 782 2322 priore
805 2284 959 2323 sequitur.
1006 2285 1067 2317 Est
1088 2285 1167 2316 illud
1190 2295 1285 2326 gene-

313 2323 381 2355 rale
404 2324 584 2363 scripturae
607 2325 744 2362 axioma,
767 2324 840 2356 Non
864 2327 1009 2358 exaudiri
1032 2338 1049 2358 a
1066 2327 1137 2359 Deo
1154 2328 1284 2368 impios:

314 2368 393 2406 quin
424 2367 530 2406 potius
552 2367 710 2399 sacrificia
733 2378 844 2398 eornm
868 2374 899 2399 et
923 2380 1032 2409 preces
1055 2371 1285 2402 abominationi

312 2419 391 2441 esse.
436 2410 525 2450 Ergo
558 2410 658 2441 ianua
692 2410 743 2442 hic
777 2411 937 2442 clauditur
968 2412 1154 2453 hypocritis,
1188 2424 1229 2445 ne
1251 2414 1285 2444 in

313 2452 377 2483 Dei
406 2456 612 2492 conspectum
643 2463 717 2484 cum
747 2454 817 2484 eius
847 2460 1034 2495 contemptu
1063 2461 1284 2497 prorumpant.

313 2495 445 2526 Interea
474 2505 537 2526 non
567 2496 730 2536 significat
756 2496 954 2528 afferendam
978 2508 1047 2529 esse
1071 2498 1188 2530 bonam
1211 2509 1286 2531 con-

315 2538 494 2577 scientiam,
528 2539 620 2577 quasi
651 2539 799 2578 precibus
822 2541 940 2572 nostris
967 2541 1104 2581 gratiam
1128 2542 1285 2574 conciliet.

313 2579 385 2611 Vae
408 2580 500 2612 nobis
524 2582 550 2611 si
574 2580 614 2612 ad
638 2591 734 2621 opera
757 2583 956 2622 respicimus,
981 2593 1061 2623 quae
1084 2585 1165 2615 nihil
1189 2595 1286 2625 quam

314 2623 535 2663 trepidationis
568 2624 740 2655 materiam
775 2624 810 2655 in
845 2636 880 2656 se
910 2626 1038 2657 habent.
1090 2627 1162 2658 Non
1193 2627 1286 2658 aliter

1118 217 1258 249 EPls'r.
1283 217 1507 252 IOHANNIS

2243 220 2306 252 344

1337 313 1390 345 nal
1424 314 1592 355 adspirant
1617 314 1734 345 fideles.
1788 313 1854 345 Sed
1878 314 1952 354 quia
1984 325 2057 346 oum
2090 313 2152 345 fido
2180 324 2307 355 semper

1336 357 1528 388 coniunctus
1545 362 1594 388 est
1617 366 1705 388 amor
1722 356 1793 394 Dei,
1816 366 1877 396 quo
1901 357 2004 397 magis
2026 356 2210 398 hypocritas
2233 368 2304 397 per-

1335 400 1475 440 stringat
1491 400 1664 441 apostolus,
1688 399 1748 430 hoc
1767 399 1924 439 singulari
1949 399 2117 440 privilegio
2133 410 2196 440 quo
2215 399 2306 431 Deus

1334 451 1408 473 suos
1440 443 1522 474 filios
1551 443 1712 484 dignatur,
1743 452 1796 473 eos
1828 442 1947 482 privat:
1985 452 2024 473 ne
2047 442 2169 474 scilicet
2192 445 2307 482 putent

1335 483 1457 516 aditum
1489 497 1559 517 esso
1588 486 1627 517 ad
1652 485 1758 516 Deum
1788 485 1857 516 suis
1880 484 2038 524 precibus.
2085 485 2193 524 Quum
2219 485 2306 524 dicit,

1335 528 1430 567 quia
1458 538 1676 560 servamus
1707 528 1796 558 cius
1825 532 2065 568 praecepta,
2100 538 2163 559 non
2188 527 2305 559 intelli-

1334 571 1381 611 git
1411 571 1579 602 fundatam
1609 582 1678 602 esse
1709 571 1740 601 in
1772 570 1922 611 operibus
1951 571 2068 602 nostris
2091 571 2202 602 orandi
2228 570 2305 602 fidu-

1334 614 1433 644 ciam:
1463 614 1518 646 sed
1546 615 1579 645 in
1603 614 1662 644 hoc
1686 618 1812 644 tantum
1837 613 1966 652 insistit,
1997 624 2060 644 non
2085 624 2178 653 posse
2201 624 2218 644 a
2242 613 2305 645 fide

1334 656 1477 697 disiungi
1511 657 1663 697 pietatem
1697 662 1728 687 ct
1762 657 1923 687 sincerum
1955 655 2018 686 Dei
2052 656 2185 687 cultum.
2239 656 2306 688 Nec

1334 699 1510 731 absurdum
1544 700 1648 731 videri
1679 699 1773 730 debet
1803 699 1886 739 quod
1918 698 2109 739 particulam
2140 698 2303 730 causalem

1333 746 1476 782 usurpet,
1506 748 1668 782 utcunque
1699 742 1737 773 de
1760 751 1857 773 causa
1880 751 1944 773 non
1968 741 2124 782 disputet:
2157 752 2230 773 nam
2255 751 2306 773 ac—

1334 784 1444 816 cidens
1460 785 1683 826 inseparabile,
1708 785 1870 816 interdum
1891 795 2006 816 causae
2023 784 2091 816 loco
2114 785 2190 824 poni
2214 785 2305 816 solet.

1336 827 1618 866 Quemadmodum
1657 829 1683 859 si
1721 829 1793 868 quis
1831 828 1926 859 dicat:
1968 826 2054 866 Quia
2091 827 2139 858 sol
2175 827 2306 858 meridie

1333 880 1430 911 supra
1447 880 1506 902 nos
1523 871 1618 911 lucet,
1643 871 1714 911 plus
1738 877 1816 902 tunc
1839 881 1909 902 esse
1932 870 2056 903 caloris.
2096 869 2201 910 Neque
2224 870 2307 901 enim

1332 914 1482 953 sequitur,
1509 924 1546 945 ex
1570 914 1634 946 lucc
1656 914 1734 945 oriri
1756 914 1895 945 calorem.

1419 999 1469 1030 23.
1503 999 1547 1030 Ec
1579 999 1633 1030 hoc
1666 1003 1708 1030 est
1738 1002 1935 1039 praeceptum
1965 999 2041 1037 eius,
2076 1001 2110 1030 ut
2142 999 2306 1030 credamus

1333 1043 1454 1073 nomini
1478 1042 1559 1073 Filii
1587 1043 1655 1073 eius
1679 1042 1753 1073 Iesu
1779 1043 1909 1074 Christi:
1938 1045 1965 1074 et
1986 1052 2041 1074 nos
2063 1042 2236 1083 diliyamus
2258 1042 2307 1072 in-

1333 1085 1425 1116 vicem
1455 1085 1548 1116 sicuti
1574 1088 1771 1124 praeceptum
1798 1086 1880 1117 dedit
1902 1085 1996 1117 nobis.
2042 1086 2094 1117 24.
2123 1085 2184 1124 Qui
2205 1086 2307 1116 servat

1329 1130 1496 1168 praecepta
1518 1127 1595 1167 eius,
1618 1128 1653 1158 in
1675 1129 1743 1167 ipso
1765 1131 1875 1167 manet,
1898 1131 1924 1159 et
1946 1129 2012 1168 ipse
2034 1129 2066 1159 in
2089 1137 2137 1159 eo:
2160 1130 2251 1167 atque
2274 1129 2308 1159 in

1334 1171 1390 1244 Ιιοὲ
1401 1170 1613 1244 σορηὲεοῑνηαε
1628 1171 1709 1209 quod
1724 1174 1825 1202 manet
1848 1172 1881 1202 in
1903 1171 1999 1211 nobis,
2023 1182 2060 1202 ea:
2082 1170 2198 1210 spiritu
2221 1180 2309 1210 quem

1333 1224 1371 1245 no
1393 1214 1421 1244 is
1442 1214 1479 1245 de
1502 1214 1534 1244 it.

1420 1299 1472 1330 23.
1497 1298 1540 1330 Et
1568 1298 1622 1330 Ιιοο
1651 1301 1694 1329 est
1716 1301 1922 1338 praeceptum.
1970 1300 2098 1331 Rursus
2122 1298 2308 1340 generalem

1334 1343 1530 1374 sententiam
1545 1341 1584 1372 ad
1598 1351 1691 1372 suum
1706 1343 1902 1381 propositum
1915 1343 2143 1374 accommodat.
2168 1341 2307 1374 Summa

1333 1391 1392 1422 est,
1417 1384 1507 1416 nobis
1533 1384 1595 1415 tale
1619 1394 1688 1415 esse
1711 1394 1785 1415 cum
1809 1384 1880 1415 Deo
1904 1385 2081 1426 dissidium,
2114 1390 2150 1416 ut
2173 1385 2214 1416 ab
2238 1386 2305 1416 eius

1334 1438 1464 1459 accessu
1498 1437 1678 1467 arceamur,
1714 1427 1776 1458 nisi
1811 1428 1950 1459 fraterno
1984 1428 2069 1459 inter
2103 1438 2161 1459 nos
2195 1438 2305 1459 amore

1334 1471 1435 1502 simus
1465 1469 1638 1502 coniuncti.
1684 1469 1887 1510 Quamquam
1919 1481 1981 1502 non
2014 1471 2114 1502 solam
2147 1471 2199 1503 hic
2226 1471 2306 1502 cari·

1333 1519 1443 1550 tatem,
1474 1518 1510 1544 ut
1540 1513 1640 1553 prius,
1671 1513 1887 1545 commendat:
1920 1514 1974 1544 sed
2004 1513 2079 1545 fidei
2103 1514 2252 1545 comitem
2275 1518 2308 1544 et

1334 1557 1424 1598 quasi
1455 1556 1661 1596 pedisequam
1693 1555 1848 1597 adiungit.
1906 1557 1995 1588 Haec
2018 1557 2119 1587 verba.
2142 1556 2307 1596 sophistae

1333 1600 1401 1631 suis
1416 1600 1606 1630 commentis
1623 1599 1818 1638 depravant:
1844 1600 1935 1640 quasi
1951 1599 2068 1639 partim
2091 1599 2162 1636 fide,
2187 1599 2306 1639 partim

1333 1643 1485 1682 operibus
1515 1642 1610 1673 nobis
1638 1648 1843 1683 comparetur
1870 1642 1983 1674 orandi
2006 1642 2147 1674 libertas.
2193 1642 2304 1681 Quum

1333 1685 1498 1717 Iohannes
1528 1684 1568 1716 ad
1599 1685 1778 1725 legitimam
1809 1684 1961 1725 precandi
1991 1686 2150 1716 rationem
2174 1684 2235 1716 hoc
2257 1695 2307 1715 re-

1333 1730 1448 1768 quirat,
1472 1733 1508 1759 ut
1531 1738 1699 1760 servemus
1722 1728 1785 1760 Dei
1809 1728 1975 1759 mandata:
2007 1734 2038 1759 et
2062 1733 2174 1768 postea.
2197 1728 2308 1758 doceat

1333 1771 1396 1802 fide
1409 1776 1440 1802 et
1452 1772 1586 1803 caritate
1601 1772 1685 1803 hanc
1697 1772 1953 1803 observationem
1968 1777 2133 1803 constare:
2150 1770 2308 1810 colligunt

1333 1815 1389 1852 ilii,
1421 1825 1461 1845 ex
1492 1815 1543 1845 his
1573 1815 1696 1846 duobus
1724 1815 1837 1846 orandi
1861 1814 2011 1846 fiduciam
2035 1815 2157 1855 concipi
2181 1813 2309 1845 debere.

1307 1893 1308 1900 ἵ
1334 1858 1405 1898 Ego
1429 1861 1537 1888 autem
1561 1858 1623 1888 iam
1649 1857 1819 1898 aliquoties
1842 1858 1965 1898 monui,
1990 1858 2042 1889 hic
2066 1858 2200 1888 minime
2223 1860 2308 1887 trac-

1335 1901 1394 1931 tari
1427 1901 1513 1931 unde
1537 1900 1588 1931 vel
1612 1901 1726 1940 quibus
1750 1900 1854 1932 modis
1876 1901 1936 1932 sibi
1959 1901 2020 1932 hoc
2043 1904 2230 1941 comparent
2253 1898 2307 1930 ho-

1334 1944 1438 1975 mines
1468 1949 1505 1974 ut
1532 1943 1640 1974 Deum
1671 1944 1821 1975 invocare
1852 1943 2004 1975 audeant.
2056 1943 2119 1975 Hic
2153 1943 2238 1974 enim
2269 1941 2309 1973 de

1334 1996 1430 2017 causa
1464 1986 1518 2018 vel
1551 1986 1710 2026 dignitate
1745 1997 1811 2017 non
1846 1987 1968 2027 agitur:
2007 1992 2135 2018 tantum
2168 1984 2309 2016 ostendit

1335 2029 1508 2068 Iohannes,
1543 2029 1649 2060 Deum
1681 2028 1830 2068 colloquii
1862 2030 1912 2060 sui
1941 2030 2063 2061 honore
2085 2033 2118 2060 et
2141 2027 2310 2068 privilegio

1336 2073 1464 2103 nonnisi
1488 2072 1572 2103 filios
1594 2082 1677 2109 suos,
1708 2075 1740 2102 et
1763 2072 1891 2111 quidem
1916 2073 2031 2112 spiritu
2055 2083 2112 2104 suo
2136 2071 2308 2111 regenitos,

1336 2115 1472 2155 dignari.
1519 2114 1661 2146 Proinde
1691 2115 1743 2146 hic
1774 2120 1823 2145 est
1846 2116 1998 2147 orationis
2022 2119 2209 2146 contextus:
2244 2111 2308 2144 Ubi

1337 2168 1400 2188 non
1418 2163 1532 2198 regnat
1553 2159 1648 2189 timor
1665 2157 1727 2189 Dei
1751 2163 1783 2188 et
1806 2159 1999 2198 reverentia,
2023 2158 2092 2189 fieri
2115 2168 2178 2188 non
2202 2159 2309 2196 potest

1337 2204 1371 2231 ut
1395 2200 1485 2231 Deus
1518 2211 1576 2232 nos
1605 2200 1766 2232 exaudiat.
1812 2200 1906 2239 Quod
1938 2201 1965 2232 si
1991 2201 2082 2232 nobis
2105 2199 2307 2241 propositum

1337 2248 1385 2274 est
1409 2244 1477 2275 eius
1501 2243 1660 2275 mandatis
1682 2243 1822 2283 obedire,
1846 2243 2020 2274 videndum
2044 2249 2093 2275 est
2116 2242 2192 2283 quid
2217 2250 2308 2281 prae-

1336 2286 1444 2326 cipiat.
1497 2287 1599 2327 Atqui
1634 2286 1729 2317 fidem
1764 2296 1782 2316 a
1812 2286 1945 2317 caritate
1976 2297 2042 2317 non
2071 2292 2217 2326 separat:
2250 2282 2308 2314 sed

1338 2334 1509 2369 utramque
1526 2340 1590 2360 nno
1607 2329 1697 2361 velut
1712 2328 1881 2369 complexu
1898 2339 1917 2359 a
1933 2329 2026 2360 nobis
2049 2329 2158 2369 exigit.
2196 2327 2306 2367 Atque

1337 2371 1417 2403 haec
1458 2372 1542 2403 ratio
1576 2377 1625 2404 est
1658 2382 1715 2403 cur
1750 2382 1865 2403 nomen
1900 2371 2108 2410 mandati,
2148 2368 2308 2410 singulari

1338 2425 1473 2446 numero
1500 2416 1652 2455 posuerit.
1698 2414 1871 2447 Caeterum
1896 2415 1948 2446 hic
1970 2414 2059 2446 locus
2083 2414 2221 2454 insignis
2243 2416 2309 2443 est:

1310 2491 1312 2500 Ι
1338 2458 1412 2497 quia
1443 2462 1508 2488 tam
1543 2458 1721 2498 perspicue,
1755 2467 1849 2497 quam
1884 2457 2028 2488 breviter
2051 2457 2164 2488 definit
2187 2457 2220 2487 in
2244 2466 2306 2496 quo

1337 2501 1493 2531 consistat
1516 2505 1584 2532 tota
1607 2506 1735 2532 sanctae
1759 2501 1844 2531 vitae
1867 2501 2027 2540 perfectio,
2065 2500 2138 2531 Non
2160 2505 2209 2531 est
2231 2508 2309 2538 ergo

1338 2543 1424 2582 quod
1448 2543 1670 2575 difficultatem
1694 2552 1874 2579 causemur,
1905 2543 2034 2583 quando
2057 2553 2116 2574 nos
2140 2543 2230 2573 Deus
2252 2542 2309 2572 mi-

1339 2586 1426 2616 nime
1456 2597 1514 2626 per
1543 2587 1656 2627 longas
1690 2586 1841 2626 ambages
1871 2586 2070 2626 circumagit:
2104 2585 2159 2616 sed
2186 2583 2308 2624 simpli-

1338 2629 1417 2659 citer
1446 2634 1478 2659 et
1509 2640 1573 2660 uno
1603 2628 1703 2660 verbo
1733 2629 1824 2659 nobis
1853 2629 1986 2668 exponit
2009 2628 2087 2668 quid
2111 2633 2234 2660 rectum
2256 2626 2309 2664 sit,

313 2666 414 2705 igitur
443 2676 539 2706 quam
564 2665 692 2698 Christo
720 2668 898 2700 mediatore
921 2669 1004 2709 freti,
1038 2669 1077 2700 ad
1102 2669 1163 2701 Dei
1187 2670 1286 2701 tribu—
1310 2676 1313 2693 2
1339 2677 1370 2702 et
1393 2671 1472 2711 quid
1496 2671 1557 2704 sibi
1581 2671 1714 2712 placeat.
1760 2671 1854 2703 Adde
1878 2671 1961 2712 quod
1985 2672 2074 2703 nulla
2097 2672 2131 2702 in
2154 2671 2214 2702 hac
2237 2669 2308 2701 bre-
