2513 3126
283 211 343 243 4'11

468 307 568 339 Usum
599 306 668 336 eius
692 314 760 335 osse
784 308 931 343 testatur,
964 308 997 334 ut
1021 313 1078 333 nos
1101 312 1119 333 a
1143 300 1256 333 mundi

287 350 542 391 inquinamentis
560 354 660 384 eruat,
681 353 713 378 et
729 346 840 387 procul
857 345 1003 378 abducat.
1042 345 1116 384 Qua
1133 344 1256 376 ratione

286 394 381 435 paulo
416 398 486 433 post
519 395 609 423 vocat
644 390 763 422 viam
799 389 1036 420 iustitiae.
1090 386 1148 418 Ille
1181 397 1257 428 ergo

289 437 417 468 demum
442 436 502 465 rite
525 433 557 464 in
581 432 750 473 evangelio
775 431 919 472 profecit,
949 432 1001 471 qui
1026 430 1124 471 probo
1147 430 1257 462 Chris-

289 487 354 510 tum
379 477 507 509 didicit:
531 476 699 508 Christum
723 480 830 506 autom
849 484 924 505 vere
943 476 1041 514 tenet,
1065 473 1117 513 qui
1138 472 1258 513 inipso

287 522 416 553 edoctus
447 525 495 551 ost
524 529 644 550 exuere
675 523 815 549 veterem
849 517 1027 554 hominem,
1061 521 1094 547 et
1123 515 1257 547 inducre

288 572 425 595 novum:
449 561 719 603 quemadmodum
736 565 768 591 et
784 560 909 592 Paulus
925 558 1076 591 admonet
1091 557 1132 589 ad
1148 558 1255 598 Ephe-

286 607 349 638 sios
380 605 484 646 capite
507 604 538 643 4,
569 604 620 636 22.
674 603 784 643 Quum
817 603 903 640 dicit,
936 601 1110 633 relicto
1141 600 1256 641 quod

287 648 395 680 illis
439 647 667 679 traditum
714 646 871 677 suerat
911 649 1166 685 praecepto
1207 654 1256 675 re-

287 691 374 723 volvi
397 690 438 722 ad
460 701 536 723 suas
560 689 762 731 pollutiones,
793 689 934 728 primum
957 697 1053 728 quam
1077 687 1142 718 siut
1164 687 1257 717 inex-

287 733 455 772 cusabiles,
478 734 603 764 innuit:
636 731 750 764 deinde
774 731 936 768 admonet,
962 731 1014 771 pie
1036 734 1186 770 recteque
1210 729 1256 760 vi-

288 776 384 809 vendi
417 776 606 816 doctrinam,
637 775 784 815 quamvis
814 773 964 805 omnibus
995 773 1175 805 communis
1205 771 1257 808 sit,

288 824 320 852 et
343 819 522 860 promiscue
544 818 584 850 ad
603 828 715 849 omnes
731 817 904 857 pertineat,
928 815 1133 856 peculiariter
1150 819 1258 845 tamen

287 863 326 894 iis
360 862 443 894 tradi
479 872 559 902 quos
589 861 681 892 Deus
715 859 878 900 evangelii
912 859 961 891 sui
996 858 1065 890 luce
1095 857 1257 898 dignatur.

288 905 390 937 Porro
424 905 463 936 ab
497 903 669 945 evangelio
704 903 840 934 deficere
874 912 929 934 eos
963 901 1166 941 pronuntiat,
1203 899 1258 939 qui

288 947 400 980 mundi
423 947 677 987 inquinamentis
699 956 733 977 se
757 945 925 986 deintegro
946 944 1142 983 mancipant.
1182 942 1259 973 Pec-

288 996 362 1023 cant
384 990 514 1030 quidem
538 996 570 1021 et
593 988 720 1021 fideles:
751 989 807 1020 sed
831 988 906 1028 quia
929 987 1107 1018 dominium
1132 989 1260 1024 peccato

288 1043 351 1065 non
386 1034 589 1073 permittunt,
625 1042 688 1064 non
718 1030 873 1063 excidunt
904 1040 923 1061 a
952 1029 1014 1060 Dei
1045 1028 1166 1069 gratia:
1201 1037 1260 1058 nec

288 1075 443 1107 deserunt
470 1085 565 1116 quam
590 1074 691 1107 semel
714 1079 789 1106 sunt
811 1072 951 1113 amplexi
975 1081 1073 1103 sanae
1097 1069 1260 1101 doctrinae

289 1119 530 1159 professionem.
581 1118 693 1158 Neque
722 1117 808 1148 enim
840 1117 915 1147 victi
945 1118 1128 1150 censentur,
1159 1122 1259 1152 quum

288 1165 420 1194 strenue
443 1162 532 1194 carni
556 1167 587 1192 et
611 1161 682 1192 eius
704 1158 970 1200 concupiscentiis
993 1161 1184 1196 repugnant.

374 1204 425 1236 22.
461 1203 522 1236 Sed
555 1204 666 1236 accidit
697 1203 774 1234 illis.
825 1201 910 1241 Quia
939 1199 1058 1231 multos
1092 1198 1260 1238 perturbat

286 1247 348 1279 hoc
371 1247 567 1287 exemplum,
599 1246 652 1278 ubi
679 1245 824 1277 homines
849 1244 903 1284 qui
926 1253 959 1275 se
980 1243 1013 1273 in
1038 1241 1162 1273 Christi
1185 1241 1258 1272 obe-

288 1289 443 1322 dientiam
467 1290 682 1326 subiecerant,
705 1289 774 1320 sine
793 1290 883 1318 metu
899 1290 931 1317 et
946 1285 1068 1325 pudore
1085 1285 1118 1315 in
1134 1283 1260 1324 flagitia

287 1337 461 1374 proruunt:
496 1337 532 1364 ut
561 1331 750 1364 scandalum
780 1333 965 1370 praevertat
993 1327 1168 1368 apostolus,
1199 1326 1260 1358 hoc

288 1386 329 1407 ex
357 1386 469 1408 eorum
493 1375 573 1406 vitio
604 1374 776 1415 provenire
800 1372 894 1403 dicit:
928 1371 1004 1411 quia
1027 1370 1116 1411 porci
1139 1370 1204 1400 sint
1228 1375 1260 1400 et

287 1429 394 1451 canes.
429 1418 524 1450 Unde
548 1418 703 1458 sequitur,
729 1415 853 1447 nullam
877 1414 990 1454 culpae
1014 1418 1138 1454 partem
1162 1422 1259 1443 evan-

289 1461 372 1502 gelio
407 1471 499 1502 posse
533 1459 679 1492 adscribi.
736 1458 776 1490 In
810 1458 898 1489 hunc
935 1456 1035 1488 finem
1069 1455 1150 1487 duas
1182 1455 1260 1486 citat

288 1510 414 1536 veteres
437 1503 627 1544 paroemias,
650 1512 786 1542 quarum
804 1501 892 1541 prior
910 1499 1049 1531 habetur
1065 1499 1149 1539 apud
1167 1497 1257 1530 Solo-

288 1557 427 1584 monem,
461 1546 616 1578 Proverb.
639 1545 690 1582 26,
723 1545 772 1576 11.
825 1544 896 1576 Hoc
929 1548 1035 1574 autem
1070 1541 1258 1573 summatim

289 1589 358 1621 vult
379 1589 507 1629 Petrus,
537 1588 741 1629 evangelium
768 1597 837 1619 esse
867 1586 1060 1617 medicinam
1091 1594 1173 1624 quae
1201 1594 1259 1615 nos

287 1631 409 1664 salubri
433 1631 557 1664 vomitu
587 1636 723 1672 purgat:
758 1630 813 1662 sed
842 1629 962 1661 multos
991 1638 1061 1659 esse
1084 1637 1180 1658 canes
1203 1627 1259 1666 qui

288 1676 321 1706 in
346 1685 438 1706 suam
461 1675 636 1715 perniciem
654 1673 824 1706 resorbent
839 1671 924 1713 quod
942 1675 1141 1703 vomuerant.
1175 1670 1258 1701 Item

288 1717 493 1758 evangelium
516 1728 586 1749 esse
608 1717 775 1749 lavacrum
798 1715 882 1756 quod
905 1714 1128 1746 immunditias
1148 1723 1260 1744 omnes

289 1767 418 1792 nostras
441 1760 612 1801 abstergit:
637 1760 695 1791 sed
718 1759 837 1791 multos
861 1769 930 1790 esse
949 1768 1062 1799 porcos
1079 1756 1261 1796 quistatim

289 1814 308 1835 a
340 1803 461 1835 lotione
490 1803 525 1834 in
556 1813 693 1835 caenum
724 1812 758 1833 se
782 1802 987 1842 provolvant.
1040 1800 1171 1831 Interea
1196 1809 1260 1830 mo-

289 1850 407 1878 nentur
437 1846 482 1887 pii
512 1850 548 1877 ut
577 1846 638 1878 sibi
668 1845 707 1877 ab
732 1851 869 1885 utroque
892 1849 1038 1884 caveant,
1071 1844 1135 1876 nisi
1158 1842 1262 1875 velint

290 1890 324 1920 in
347 1900 464 1921 canum
488 1893 520 1920 et
543 1899 715 1929 porcorum
737 1888 849 1919 ordine
872 1889 1006 1919 censeri.

287 309 421 349 telligat.

635 2017 813 2057 CAPUT
825 2017 914 2056 ·ΙΙΙ.

382 2101 409 2132 1.
433 2101 524 2132 Hane
540 2101 620 2142 iam,
644 2102 752 2139 dilecti,
776 2102 942 2133 secundam
963 2102 1046 2133 vobis
1064 2101 1162 2133 scribo
1184 2102 1263 2141 epis-

294 2144 396 2184 tolam,
419 2144 452 2175 in
476 2144 588 2183 quibus
609 2145 703 2175 excito
721 2155 780 2186 per
801 2145 1113 2184 commonefactionem
1130 2147 1264 2176 vestram

289 2197 410 2227 puram
435 2189 572 2223 mentem,
618 2187 647 2218 2.
671 2191 704 2218 nt
730 2197 877 2219 memores
904 2188 975 2219 sitis
1004 2187 1164 2219 verborum
1186 2198 1264 2227 quae

290 2230 455 2271 praedicta
476 2232 548 2260 sunt
570 2240 589 2260 a
611 2230 729 2261 sanctis
745 2230 914 2270 prophetis,
938 2233 965 2262 et
982 2231 1139 2270 praecepti
1156 2230 1263 2268 nostri,

296 2274 352 2312 qui
383 2282 493 2303 snmus
525 2272 655 2312 apostoli
687 2272 815 2303 Domini
848 2275 874 2304 et
907 2274 1084 2305 servatoris.
1136 2273 1166 2304 3.
1196 2273 1265 2304 Hoc

290 2316 432 2356 primum
454 2315 581 2346 scie-ntes
602 2315 683 2354 quod
705 2316 823 2346 venient
844 2316 878 2346 in
900 2318 1032 2347 extremo
1051 2316 1173 2347 dierum
1194 2316 1264 2347 illu-

296 2369 388 2395 sores,
419 2358 587 2389 secundum
616 2367 693 2389 snas
717 2358 854 2397 ipsorum
876 2359 1135 2397 concupiscentias
1157 2358 1263 2390 ambu-

297 2401 413 2440 lantes,
457 2402 488 2431 4.
514 2400 562 2432 Ae
590 2400 737 2432 dicentes:
766 2400 818 2431 nbi
849 2403 893 2431 est
914 2402 1087 2439 promissio
1116 2402 1266 2434 adventus

297 2444 389 2476 eius?
415 2454 452 2475 ex
475 2453 532 2483 quo
553 2444 634 2475 enim
653 2446 762 2482 patres
782 2443 981 2481 dormierunt,
1006 2445 1110 2476 onmia
1132 2445 1176 2476 sic
1193 2454 1265 2485 per-

298 2489 420 2518 manent
441 2486 478 2518 ab
502 2487 592 2518 initio
610 2486 784 2518 creationis.

384 2572 433 2603 Ne
455 2571 629 2603 secundam
653 2571 822 2612 epistolam
845 2571 1022 2610 fastidiant,
1046 2572 1138 2612 quasi
1161 2572 1265 2612 prima

1102 204 1242 238 EPJS'P.
1268 204 1399 237 PETRI
1424 205 1457 237 11

2213 207 2251 239 47
2257 207 2276 239 2

1308 307 1380 341 stet,
1411 302 1552 334 ostendit
1582 313 1644 334 non
1673 302 1738 334 fore
1761 306 1855 334 extra
1879 302 2065 342 periculum,
2094 302 2156 334 nisi
2180 303 2277 342 probe

1310 345 1427 377 muniti
1457 345 1540 376 sint:
1571 346 1646 386 quia
1671 350 1834 377 certamen
1859 344 2000 376 habituri
2023 346 2090 376 sint
2111 355 2183 377 cum
2208 356 2277 385 per-

1309 387 1384 419 ditis
1416 387 1600 420 hominibus
1628 389 1682 428 qui
1710 399 1773 419 non
1798 387 1892 419 modo
1915 387 1991 419 fidei
2015 388 2188 428 puritatem
2211 399 2278 420 cor-

1310 435 1462 470 rumpent
1486 430 1574 461 salsis
1598 430 1812 472 dogmatibus,
1842 430 1897 462 sed
1922 434 2021 462 totam
2046 430 2153 470 fidem,
2179 441 2278 470 quan-

1310 479 1379 504 tum
1414 473 1446 504 in
1481 483 1515 504 se
1547 473 1622 512 erit,
1661 474 1804 505 funditus
1838 477 1993 506 everterit.
2049 473 2159 512 Quum
2194 473 2280 513 dicit,

1309 516 1449 547 excito
1473 520 1654 547 vestram
1682 527 1821 557 puram
1852 521 2042 555 mentem,
2072 515 2207 556 perinde
2230 521 2280 548 est.

1310 569 1346 590 ac
1369 558 1396 588 si
1419 558 1557 590 diceret:
1588 558 1671 590 Volo
1694 559 1733 590 ad
1757 559 1978 591 sinceritatem
2001 559 2121 590 mentis
2144 569 2201 590 vos
2225 569 2280 590 ex-

1311 601 1523 641 pergefacere.
1569 602 1677 641 Atque
1700 602 1746 634 ita
1769 602 1885 634 debent
1909 601 2026 633 resolvi
2051 602 2162 633 verba:
2186 602 2280 633 Men-

1313 651 1375 674 tem
1394 649 1535 675 vestram
1560 644 1676 684 excito,
1699 650 1736 676 ut
1759 655 1840 686 pura
1863 655 1899 676 ac
1923 643 2044 685 liquida
2066 644 2116 676 sit.
2155 643 2280 676 Sensus

1311 688 1396 718 enim
1428 691 1485 723 cst,
1516 686 1665 718 offuscari
1696 687 1822 727 piorum
1850 692 1985 725 mentos,
2017 691 2049 718 et
2079 687 2172 727 quasi
2195 687 2281 719 rubi-

1312 729 1420 770 ginem
1451 729 1655 767 contrahere,
1690 729 1744 761 ubi
1774 731 1968 762 monitiones
1997 735 2135 762 cessant.
2181 729 2282 762 Porro

1313 773 1389 803 hinc
1411 771 1508 803 simul
1531 771 1721 812 colligimus,
1745 773 1843 804 etiam
1862 772 2009 805 homines
2029 772 2178 804 doctrina
2193 782 2282 813 prae-

1313 815 1407 852 ditos,
1431 814 1492 845 nisi
1517 815 1678 846 continuis
1701 816 1930 848 monitionibus
1947 816 2138 854 excitentur,
2162 815 2284 855 sopitos

1313 856 1546 898 quodammodo
1577 857 1690 889 iacere.
1737 857 1832 889 Nunc
1863 864 1994 898 apparet
2025 858 2128 898 qualis
2158 859 2200 889 sit
2229 857 2283 889 ad-

1313 900 1526 931 monitionum
1556 910 1646 937 usus,
1682 903 1714 931 et
1742 904 1940 940 quantopere
1976 901 2066 932 nobis
2101 901 2142 932 sit
2171 910 2282 932 neces-

1313 943 1427 974 sarius.
1473 942 1665 974 Docti-inam
1696 943 1782 974 enim
1814 943 1913 974 semel
1940 948 2123 984 perceptam
2146 944 2283 975 suffocat

1312 986 1419 1018 carnis
1442 986 1584 1026 ignavia,
1608 992 1640 1017 et
1663 985 1799 1018 otiosam
1823 985 1937 1023 reddit,
1962 986 2022 1017 nisi
2040 997 2109 1018 eam
2127 986 2283 1018 adiuvent

1314 1029 1529 1060 monitionum
1560 1028 1694 1060 stimuli.
1744 1028 1817 1060 Non
1852 1038 1930 1069 ergo
1965 1029 2044 1060 satis
2074 1034 2124 1060 est
2153 1029 2283 1061 edoctos

1313 1083 1383 1103 esse
1417 1071 1580 1111 homines,
1613 1075 1648 1102 ut
1679 1076 1810 1103 teneant
1840 1071 1924 1111 quod
1955 1076 2099 1111 oportet:
2134 1071 2190 1103 sed
2213 1071 2282 1112 pios

1313 1114 1460 1146 doctores
1483 1114 1671 1146 incumbere
1692 1114 1726 1145 in
1749 1114 1831 1146 hanc
1847 1114 2022 1146 secundam
2039 1118 2164 1154 partem
2181 1113 2282 1154 decet,

1313 1162 1349 1188 ut
1372 1157 1550 1189 doctrinam
1575 1157 1757 1188 auditorum
1781 1157 1957 1189 memoriae
1983 1157 2112 1197 penitus
2134 1157 2282 1197 infigant.

1313 1201 1356 1231 Et
1387 1201 1462 1240 quia
1492 1205 1610 1231 natura
1640 1205 1677 1231 ut
1700 1200 1875 1240 plurimum
1903 1200 2054 1231 novitatis
2077 1199 2184 1240 cupidi
2206 1202 2284 1231 sunt

1311 1243 1468 1282 homines,
1491 1243 1625 1283 ideoque
1648 1243 1688 1274 ad
1712 1242 1876 1274 fastidium
1900 1243 2064 1283 propensi,
2088 1242 2167 1274 utile
2190 1242 2283 1274 nobis

1312 1292 1359 1318 est
1394 1292 1503 1317 tenere
1537 1286 1622 1326 quod
1656 1286 1709 1317 hic
1743 1285 1820 1318 dicit
1851 1285 1983 1317 Petrus:
2018 1290 2054 1317 ut
2088 1296 2153 1316 non
2188 1285 2284 1317 modo

1313 1329 1452 1360 libenter
1485 1329 1630 1360 sinamus
1664 1338 1724 1360 nos
1755 1329 1795 1360 ab
1825 1329 1897 1360 aliis
1927 1329 2067 1366 moneri,
2102 1328 2157 1359 sed
2184 1333 2220 1359 ut
2249 1338 2284 1360 se

1313 1372 1448 1412 quisque
1472 1376 1630 1409 exerceat,
1662 1371 1841 1403 doctrinam
1865 1371 1992 1403 assidue
2015 1371 2169 1403 memoria
2190 1380 2282 1411 repe-

1313 1415 1421 1453 tendo,
1453 1420 1488 1446 ut
1519 1420 1644 1446 mentes
1673 1419 1803 1446 nostrae
1833 1424 1914 1455 pura
1943 1421 1974 1446 et
1996 1413 2119 1455 liquida
2141 1414 2210 1446 eius
2231 1414 2280 1444 in-

1313 1458 1490 1499 telligentia
1513 1457 1648 1489 niteant.

1397 1502 1426 1533 2.
1459 1500 1497 1532 Ut
1519 1510 1668 1532 memores
1689 1500 1771 1532 sitis,
1815 1499 1878 1532 His
1903 1500 2009 1532 verbis
2028 1500 2199 1540 significat,
2222 1508 2282 1531 nos

1311 1544 1346 1576 in
1376 1544 1610 1584 prophetarum
1640 1543 1769 1583 scriptis
1800 1548 1831 1574 et
1862 1543 2032 1584 evangelio
2062 1543 2140 1574 satis
2163 1542 2283 1574 habere

1313 1598 1373 1627 quo
1397 1588 1585 1627 excitemur,
1609 1586 1701 1618 modo
1724 1586 1758 1616 in
1778 1586 1830 1617 his
1849 1585 2044 1617 meditandis
2061 1585 2165 1617 seduli
2181 1585 2284 1617 simus

1313 1634 1469 1670 quantum
1508 1629 1614 1661 decet:
1659 1628 1744 1670 quod
1782 1639 1859 1669 ergo
1897 1629 2081 1669 rubiginem
2118 1628 2284 1659 interdum

1312 1672 1506 1705 contrahunt
1529 1677 1653 1704 mentes
1676 1677 1814 1710 nostrae,
1837 1671 1890 1703 vel
1910 1671 2049 1712 caligine
2068 1671 2284 1708 obducuntur,

1312 1715 1344 1747 id
1379 1721 1491 1747 nostra
1524 1715 1656 1756 ignavia
1686 1715 1765 1746 fieri.
1817 1714 1906 1755 Ergo
1935 1718 1973 1745 ut
2003 1714 2097 1746 nobis
2127 1720 2284 1755 perpetuo

1312 1758 1402 1790 Deus
1436 1758 1581 1796 illuceat,
1617 1757 1692 1789 huic
1724 1757 1831 1789 studio
1864 1767 1921 1789 nos
1955 1757 2127 1789 dedamus:
2161 1757 2286 1787 interea

1314 1802 1392 1833 fides
1421 1806 1533 1833 nostra.
1566 1802 1599 1832 in
1633 1800 1768 1833 testibus
1803 1800 1884 1832 adeo
1907 1801 2004 1832 certis
2032 1805 2064 1831 et
2086 1800 2210 1831 idoneis
2233 1809 2285 1831 ac-

1314 1845 1467 1884 quiescat.
1512 1844 1597 1875 Nam
1629 1844 1656 1875 si
1686 1843 1860 1884 prophetas
1891 1847 1923 1874 et
1945 1842 2106 1883 apostolos
2128 1842 2285 1874 habemus

1314 1888 1551 1919 consentientes
1575 1887 1751 1927 nobiscum,
1774 1887 1838 1918 imo
1861 1886 1938 1917 fidei
1962 1890 2092 1917 nostrae
2111 1885 2284 1923 ministros,

1315 1930 1421 1961 Deum
1445 1941 1521 1962 vero
1545 1935 1701 1968 autorem,
1731 1934 1763 1960 et
1786 1929 1919 1970 angelos
1943 1928 2190 1969 approbatores:
2220 1937 2285 1959 non

1315 1979 1362 2004 est
1385 1973 1468 2013 quod
1492 1983 1550 2004 nos
1574 1984 1591 2004 e
1614 1972 1717 2013 gradu
1740 1977 1868 2004 moveat
1886 1972 2059 2012 impiorum
2079 1970 2284 2011 conspiratio.

1316 2016 1343 2047 P
1354 2027 1370 2047 r
1382 2026 1399 2047 a
1412 2027 1428 2047 e
1441 2026 1458 2047 c
1469 2027 1485 2046 e
1498 2027 1519 2056 p
1532 2021 1546 2046 t
1558 2027 1578 2047 u
1591 2026 1623 2046 m
1659 2015 1879 2055 apostolorum
1909 2018 2002 2047 vocat
2036 2019 2137 2045 totam
2167 2013 2286 2045 doctri-

1316 2069 1389 2090 nam
1414 2069 1476 2099 qua
1501 2059 1568 2099 pios
1591 2058 1810 2089 instituerant.

1400 2101 1429 2133 3.
1464 2101 1532 2134 Hoc
1562 2101 1705 2142 primum
1738 2101 1874 2133 scientes.
1929 2100 2043 2132 Posset
2079 2099 2285 2140 participium

1315 2144 1452 2176 scientes
1482 2145 1594 2176 referri
1624 2144 1664 2175 ad
1694 2144 1830 2184 apostoli
1859 2153 2046 2183 personam,
2080 2143 2142 2174 hoc
2170 2151 2284 2173 sensu:

1315 2187 1392 2218 Ideo
1415 2187 1526 2219 laboro
1548 2187 1584 2218 in
1607 2187 1698 2219 vobis
1725 2186 1916 2225 excitandis,
1947 2187 2024 2226 quia
2046 2185 2112 2217 scio
2135 2184 2231 2225 quale
2253 2189 2286 2215 et

1316 2235 1471 2269 quantum
1496 2229 1585 2262 vobis
1615 2229 1794 2270 periculum
1817 2230 1856 2261 ab
1880 2228 2068 2260 illusoribus
2090 2226 2284 2268 impendeat.

1316 2274 1386 2313 Ego
1409 2279 1518 2304 tamen
1541 2273 1627 2304 malo
1650 2273 1744 2304 aliter
1766 2282 1937 2313 exponere,
1961 2274 1997 2303 ut
2015 2271 2059 2303 sit
2079 2270 2285 2310 participium

1316 2315 1383 2346 loco
1414 2316 1517 2353 verbi,
1552 2327 1588 2348 ac
1621 2315 1649 2347 si
1679 2315 1829 2348 dixisset:
1862 2314 1985 2347 Scitote
2015 2313 2130 2345 hocin
2160 2313 2284 2354 primis.

1316 2358 1464 2390 Praedici
1488 2359 1574 2390 enim
1598 2359 1660 2390 hoc
1682 2358 1747 2390 illis
1769 2358 1927 2398 oportuit:
1953 2356 2029 2397 quia
2047 2356 2175 2388 concuti
2197 2357 2286 2396 pote-

1316 2406 1406 2442 rant,
1444 2402 1472 2432 si
1509 2406 1641 2442 repente
1679 2400 1836 2432 eiusmodi
1873 2399 2021 2431 ludibriis
2057 2399 2144 2439 ipsos
2182 2398 2286 2430 adorti

1317 2449 1424 2475 essent
1451 2444 1552 2484 impii.
1597 2443 1680 2475 Vult
1708 2444 1808 2484 igitur
1837 2452 1892 2474 eos
1922 2442 2017 2481 scire,
2047 2452 2083 2473 ac
2106 2441 2198 2473 reddi
2219 2452 2286 2473 cer-

1317 2487 1423 2526 tiores,
1446 2492 1483 2518 ut
1506 2487 1611 2527 parati
1633 2486 1700 2518 sint
1723 2486 1763 2517 ad
1785 2485 2011 2517 resistendum.
2045 2485 2147 2516 Porro
2165 2485 2286 2516 iterum

1317 2530 1356 2561 ad
1373 2540 1443 2561 eam
1460 2529 1639 2561 doctrinam
1655 2532 1784 2561 revocat
1799 2528 1919 2566 fideles,
1943 2538 2040 2568 quam
2058 2538 2128 2568 cap.
2144 2527 2285 2559 secundo

1317 2573 1435 2614 attigit.
1479 2573 1563 2604 Nam
1588 2583 1644 2612 per
1672 2571 1771 2603 dies
1801 2576 2037 2603 extremos
2068 2571 2148 2603 satis
2171 2570 2286 2601 tritum

299 2615 470 2653 sufficeret,
495 2620 667 2654 utramque
691 2625 753 2646 non
778 2615 898 2646 frustra
920 2614 1072 2654 scriptam
1089 2625 1158 2646 esse
1178 2615 1265 2655 dicit,
1316 2620 1375 2654 est,
1398 2626 1535 2657 regnum
1559 2615 1685 2647 Christi
1708 2614 1882 2655 designari,
1905 2614 1998 2645 iuxta
2021 2613 2101 2645 illud
2120 2612 2225 2653 Pauli,
2248 2616 2285 2643 ut

300 2658 374 2698 quia
402 2658 529 2698 saepius
560 2657 725 2689 excitandi
754 2657 828 2689 sint.
875 2657 968 2696 Quod
992 2663 1027 2688 ut
1051 2658 1167 2690 melius
1190 2668 1264 2690 con-

1316 2658 1397 2689 fines
1413 2659 1611 2691 saeculorum
1628 2659 1660 2690 in
1678 2668 1735 2690 nos
1754 2657 1937 2696 inciderint,
1958 2657 1986 2688 1.
2000 2655 2149 2689 Corinth.
2166 2655 2216 2695 10,
2236 2655 2284 2686 11.
