2513 3126
920 802 1321 835 ARGUMENTUM.

205 998 297 1031 Haeo
327 999 462 1039 epistola
491 1009 623 1040 prorsus
647 999 745 1039 digna
774 1003 824 1031 est
847 1000 916 1031 eius
946 999 1094 1040 discipuli
1147 1005 1179 1032 et
1203 1011 1289 1033 nuno
1313 1001 1441 1041 quidem
1465 1001 1498 1032 in
1523 1012 1640 1043 genere
1670 1004 1722 1043 pie
1744 1007 1775 1034 et
1803 1008 1912 1037 sancte
1942 1005 2120 1038 vivendum

119 1041 247 1083 spiritu,
277 1042 331 1082 qui
355 1052 432 1082 prae
459 1041 531 1073 aliis
553 1041 625 1073 ideo
649 1041 785 1074 dilectus
816 1052 835 1073 a
861 1042 992 1075 Christo
1023 1043 1093 1080 fuit,
1148 1042 1315 1075 admonet:
1354 1054 1442 1075 nune
1476 1044 1515 1076 de
1552 1045 1687 1077 caritate
1724 1047 1915 1079 nominatim
1954 1049 2121 1090 praecipit.

119 1089 156 1116 ut
178 1084 285 1125 ipsum
309 1085 400 1116 nobis
423 1084 616 1116 familiarem
641 1084 801 1116 redderet.
845 1085 949 1117 Porro
979 1085 1093 1117 doctri·
1147 1085 1271 1117 Verum
1295 1086 1377 1118 nihil
1401 1086 1518 1118 horum
1534 1088 1686 1120 continua
1710 1089 1793 1120 serie
1809 1090 1893 1121 facit.
1931 1091 2016 1123 Nam
2031 1102 2121 1133 spar-

120 1137 195 1158 nam
213 1127 494 1159 exhortationibus
513 1128 645 1159 mistam
661 1128 813 1160 eontinet.
849 1127 991 1160 Disserit
1006 1129 1093 1160 enim
1147 1129 1209 1160 sim
1234 1129 1376 1161 docendo
1405 1135 1437 1161 et
1464 1130 1668 1163 exhortando
1696 1132 1805 1163 varius
1835 1137 1897 1165 est:
1928 1134 2119 1174 praesertim

120 1170 160 1201 de
183 1174 314 1201 aeterna
337 1169 464 1202 Christi
493 1169 623 1209 deitate,
654 1170 752 1202 simul
775 1176 807 1202 et
838 1170 1092 1211 incomparabili,
1148 1182 1225 1204 vero
1247 1172 1370 1204 multus
1393 1177 1444 1204 est
1466 1173 1499 1204 in
1516 1174 1661 1214 urgenda
1677 1174 1821 1206 fraterna
1838 1175 2015 1208 dilectione.
2048 1177 2121 1208 Alia

121 1222 220 1253 quam
243 1213 364 1244 mundo
386 1212 567 1254 patefactus
590 1223 699 1245 seeum
723 1213 841 1252 attulit,
868 1214 992 1254 gratia:
1023 1218 1093 1246 tum
1147 1225 1275 1255 quoque
1298 1215 1442 1248 breviter
1465 1217 1612 1258 attingit:
1644 1221 1680 1248 ut
1702 1217 1742 1248 de
1764 1218 1917 1250 cavendis
1940 1219 2120 1259 impostori-

120 1256 161 1286 de
184 1256 332 1287 omnibns
356 1256 389 1287 in
412 1266 533 1296 genere
556 1255 738 1288 benefieiis:
768 1266 805 1287 ae
828 1257 1019 1297 praesertim
1043 1257 1092 1288 in·
1147 1257 1217 1295 bus,
1242 1262 1275 1289 et
1297 1258 1425 1290 similia.
1468 1259 1588 1291 Verum
1611 1260 1740 1301 singula
1762 1260 1929 1292 observari
1953 1263 2020 1293 suis
2044 1263 2120 1295 loeis

120 1297 357 1330 aestimabilem
392 1297 521 1330 divinae
552 1298 732 1339 adoptionis
762 1299 901 1340 gratiam
931 1308 1092 1331 commen·
1148 1305 1310 1341 poterunt.

119 1341 175 1372 dat
190 1345 286 1382 atque
302 1341 438 1373 extollit.
476 1340 558 1373 Inde
580 1342 680 1373 sumit
698 1341 891 1374 exhortandi
907 1342 1092 1374 materiam:
1120 1345 1122 1365 l
