2513 3126
138 193 200 224 409

139 287 331 320 sanctitatis.
377 287 478 327 Atqui
512 298 530 319 a
564 287 676 327 lingua
708 285 849 325 incipere
878 284 1047 326 debebant,
1078 286 1105 317 si

139 330 260 362 vellent
283 330 414 371 perfecti
438 340 516 362 esse.
553 328 661 368 Quum
683 332 790 358 autem
814 327 934 375 nullam
959 328 1102 359 fraenan-

138 373 197 405 dae
233 372 362 413 linguae
395 373 552 404 rationem
585 369 735 409 habeant,
772 379 852 410 quin
885 370 991 411 potius
1024 370 1104 402 alios

137 415 315 447 mordendo
344 420 376 447 et
405 413 574 447 lacerando
604 412 774 444 venditent
803 413 911 443 fictam
934 413 1102 445 sanctimo-

137 459 239 490 niam:
271 458 346 490 hinc
376 461 464 498 patet
493 455 633 487 maxime
662 455 808 486 omnium
838 466 906 486 esse
930 455 1101 496 reprehen-

137 501 246 533 sibiles
268 500 345 541 quia
368 500 502 541 primam
526 497 680 529 virtutem
704 497 883 538 negligant.
920 498 1010 530 Haec
1028 508 1102 530 con-

137 544 234 576 nexio
257 546 394 574 mentem
417 539 550 581 apostoli
575 540 666 571 nobis
689 540 820 581 planam
844 539 958 572 reddit.

222 586 251 618 3.
280 585 358 617 Eece
386 583 481 624 equis.
534 581 670 614 Duobus
700 583 771 614 istis
801 583 958 615 similibus
991 583 1103 623 probat

136 639 291 670 magnum
324 637 415 659 verae
443 625 647 665 perfectionis
670 630 869 657 momentum
893 636 962 658 esse
985 627 1017 657 in
1041 626 1102 657 lin-

137 682 217 711 gua:
248 679 380 710 eamque
410 668 460 710 (ut
483 678 588 708 nuper
611 667 707 709 dixit)
729 668 762 699 in
787 672 854 700 tota
877 669 942 701 vita
965 679 1101 709 regnum

137 714 291 746 obtinere.
327 711 473 743 Primum
490 709 634 750 linguam
656 711 766 742 fraeno
784 715 963 750 comparat:
988 711 1102 742 deinde

136 757 229 789 navis
257 753 483 796 gubernaculo.
529 753 565 785 Si
592 763 694 793 equus
717 757 783 784 tam
807 754 897 785 ferox
920 754 1040 785 animal
1062 754 1102 785 ad

136 798 268 831 sessoris
288 796 457 828 arbitrium
481 795 720 837 circumagitur,
750 796 825 836 quia
858 797 1020 828 fraenatus
1044 801 1101 834 est,

135 852 201 873 non
227 840 336 871 minus
363 839 396 870 in
426 838 557 871 homine
580 838 722 879 regendo
746 839 862 878 poterit
885 839 1006 880 lingua.
1051 839 1102 871 Ita

135 888 167 916 et
189 882 227 914 de
250 881 342 913 navis
363 881 583 923 gubernaculo
607 880 792 913 habendum
815 888 873 922 est,
897 882 981 922 quod
1000 886 1101 913 totam

134 926 201 957 eius
234 924 353 956 molem
387 934 452 956 una
485 934 558 956 cum
595 929 768 956 ventorum
803 925 926 965 impetu
959 929 1102 965 superat.

133 968 263 1008 Lingua
284 967 394 1008 igitur,
417 967 547 999 tametsi
570 967 726 1007 pusillum
749 967 791 999 sit
813 968 1007 1007 membrum,
1031 968 1102 1008 plu—

135 1011 255 1042 rimum
289 1014 399 1041 tamen
430 1010 463 1041 in
497 1010 564 1042 vita
595 1009 736 1041 hominis
769 1010 965 1042 moderanda
993 1011 1102 1051 pollet.

132 1051 356 1095 Μεγαλαυχεῖν
380 1052 515 1085 Graecis
541 1053 661 1084 iactare
687 1062 722 1084 se
750 1063 786 1085 ac
814 1053 980 1084 venditare
1002 1053 1102 1094 signi-

132 1096 221 1128 ficat:
250 1096 306 1128 sed
330 1096 466 1127 Iacobus
496 1095 556 1127 hoc
583 1094 653 1127 loco
676 1106 743 1126 non
766 1100 831 1126 tam
854 1096 1102 1128 ostentationem

133 1144 245 1170 taxare
267 1138 369 1170 voluit
393 1148 489 1178 quam
513 1138 627 1176 dicere,
651 1137 798 1179 linguam
820 1148 890 1170 csse
910 1149 1101 1179 magnarum

132 1191 240 1213 rerum
257 1180 461 1213 effectricem.
499 1180 705 1213 Postremum
729 1181 815 1212 enim
840 1180 899 1212 hoc
923 1182 1101 1213 membrum

132 1224 255 1264 priores
270 1223 498 1255 similitudines
514 1222 734 1256 accommodat
753 1223 916 1264 praesenti
938 1224 1100 1256 instituto.

132 1266 261 1298 Fraeno
288 1270 396 1298 autem
427 1270 459 1298 et
487 1266 706 1307 gubernaculo
735 1276 800 1297 non
824 1267 1012 1299 conveniret
1035 1267 1101 1299 ina-

132 1310 183 1341 nis
216 1309 377 1341 iactantia.

131 1350 260 1392 pollere.
305 1351 511 1384 Affectum
542 1351 775 1392 dirigentis
806 1353 897 1390 verti,
928 1352 982 1384 ubi
1006 1352 1102 1384 Eras-

131 1404 204 1426 mus
226 1394 385 1435 impetum
408 1394 588 1426 transtulit:
619 1393 701 1436 ὁρμὴ
727 1395 906 1434 appetitum
929 1395 1101 1436 significat.

130 1436 249 1469 Fateor
272 1437 400 1477 quidem
424 1437 485 1469 hac
507 1447 584 1470 voce
607 1437 714 1469 notari
738 1437 823 1477 apud
847 1437 990 1470 Graecos
1012 1438 1101 1478 cupi-

131 1479 258 1520 ditates,
288 1489 369 1520 quae
392 1480 510 1512 rationi
533 1491 600 1511 non
622 1480 862 1520 obtemperant:
892 1480 948 1512 sed
972 1480 1024 1513 hic
1047 1480 1100 1512 Ia-

131 1521 230 1554 cobus
252 1522 441 1562 simpliciter
464 1523 503 1554 de
527 1523 661 1554 arbitrio
684 1522 828 1555 naucleri
851 1523 928 1564 agit.

218 1606 297 1640 Ecce
335 1608 469 1648 eaeiyuus
507 1609 590 1649 iynis
625 1611 773 1648 quantam
805 1609 918 1641 silvam
952 1610 1102 1641 incendit:

130 1651 159 1682 6.
183 1652 211 1681 et
232 1650 342 1691 linqua
364 1651 447 1692 ignis
469 1653 520 1691 est,
545 1654 572 1682 et
593 1651 730 1683 mundus
751 1651 938 1692 iniquitatis.
984 1651 1037 1684 Sic
1054 1652 1101 1684 iri—

129 1702 222 1733 quam
245 1693 355 1734 linqua
377 1694 537 1725 constituta
558 1696 602 1726 est
622 1695 656 1726 in
678 1694 822 1726 membris
844 1695 968 1733 uostris,
999 1695 1101 1735 inqui-

130 1745 211 1768 nans
240 1738 334 1767 totum
361 1746 483 1777 corpus,
514 1739 540 1768 et
568 1737 768 1776 inflammans
796 1740 895 1770 rotam
917 1738 1101 1779 nativitatis,

131 1780 157 1810 et
178 1778 392 1817 inflammatur
414 1789 435 1811 a
454 1778 602 1820 yehenna.

217 1863 312 1896 Nunc
340 1865 473 1906 exponit
501 1865 705 1897 incommoda
732 1876 813 1906 quae
836 1876 877 1897 ex
900 1866 1031 1907 linguae
1054 1867 1101 1898 in—

132 1907 346 1947 temperantia
368 1908 580 1947 proveniunt:
612 1911 649 1939 ut
678 1909 816 1941 sciamus
846 1909 988 1951 linguam
1019 1910 1100 1941 mul-

131 1954 201 1980 tum
231 1950 265 1981 in
295 1954 467 1991 utramque
500 1955 621 1991 partem
646 1951 761 1983 valere.
807 1951 884 1984 Ideo
906 1952 934 1984 si
957 1952 1101 1984 modesta

131 1992 173 2023 sit
195 2001 232 2024 ac
253 1992 334 2024 bene
356 1993 538 2034 composita,
561 2003 630 2025 esse
655 1994 753 2026 totius
776 1994 862 2026 vitae
885 1995 1049 2026 fraenum:
1073 1996 1100 2027 si

131 2044 209 2066 vero
239 2035 388 2075 petulans
418 2040 450 2068 et
472 2036 628 2076 improba,
661 2037 752 2077 quasi
775 2047 839 2068 uno
862 2038 1010 2070 incendio
1033 2048 1100 2069 om-

130 2077 185 2108 nia
207 2078 377 2119 corripere.
422 2078 627 2120 Exiguum
650 2080 782 2120 ignem
811 2080 914 2120 ponit,
944 2085 980 2112 ut
1001 2081 1100 2122 signi-

130 2120 203 2152 ficet
232 2130 297 2152 non
327 2121 455 2153 obstare
484 2121 615 2162 linguae
643 2133 736 2154 suam
760 2122 954 2163 parvitatem
978 2124 1100 2164 quomi-

131 2173 191 2194 nus
229 2163 278 2196 vis
315 2164 384 2196 eius
414 2164 509 2206 longe
539 2165 665 2205 lateque
695 2170 803 2206 pateat
833 2165 872 2197 ad
907 2166 1099 2198 nocendum.

132 2205 242 2245 Quum
265 2206 356 2238 addit
378 2208 569 2239 mundum
592 2218 662 2239 esse
684 2208 944 2248 iniquitatis,
966 2209 1099 2249 perinde

130 2253 179 2281 est
201 2259 238 2281 ac
260 2249 288 2282 si
313 2253 444 2281 vocaret
466 2260 556 2282 mare
579 2250 629 2283 vel
653 2251 816 2292 abyssum.
861 2252 905 2283 Et
934 2251 1100 2293 eleganter

130 2291 260 2333 linguae
301 2293 495 2334 parvitatem
528 2304 601 2325 cum
635 2293 793 2325 immensa
826 2294 939 2326 mundi
973 2295 1098 2335 magni-

131 2334 241 2366 tudine
262 2335 440 2376 coniungit,
465 2335 526 2368 hoc
548 2345 662 2368 sensu:
685 2337 790 2369 Exilis
813 2337 1005 2369 carunculae
1027 2348 1098 2378 por-

131 2377 175 2408 tio
198 2381 300 2409 totum
322 2379 502 2418 iniquitatis
524 2378 681 2410 mundum
704 2380 738 2410 in
761 2390 795 2411 se
817 2381 968 2412 continet.

217 2420 247 2451 6.
272 2419 326 2453 Sic
352 2422 482 2461 inquam
511 2421 628 2462 linqua.
672 2422 819 2471 Exponit
847 2423 924 2463 quid
953 2423 1015 2455 sibi
1048 2433 1102 2456 vo-

136 2461 232 2493 luerit
259 2473 314 2502 per
337 2463 477 2495 Mundi
507 2475 636 2496 nomen:
671 2474 745 2504 quia
776 2465 898 2497 scilicet
926 2466 961 2497 in
988 2476 1100 2498 omnes

132 2504 218 2536 vitae
248 2510 355 2545 partes
384 2505 575 2538 diffunditur
597 2507 684 2539 illius
706 2509 864 2549 contagio.
910 2508 972 2540 Vel
995 2509 1100 2549 potius

131 2547 272 2578 ostendit
298 2547 373 2587 quid
397 2558 453 2588 per
476 2549 616 2581 incendii
638 2550 860 2591 metaphoram
885 2551 1099 2582 intellexerit:

133 2600 249 2630 nempe
273 2590 356 2630 quod
380 2590 527 2630 inquinet
549 2597 653 2624 totum
677 2593 851 2625 hominem.
888 2594 967 2625 Mox
990 2599 1098 2625 tamen

132 2632 214 2664 redit
238 2632 277 2664 ad
301 2632 381 2664 illud
405 2633 600 2674 incendium,
628 2645 728 2674 quum
752 2636 840 2675 dicit,
874 2636 1004 2668 Accen
1015 2636 1050 2667 di
1080 2646 1098 2668 a

1012 190 1162 222 CAPUT
1185 191 1248 222 ΙΙΙ.

429 1309 600 1350 Significat
630 1319 707 1350 ergo
741 1308 886 1349 linguam
921 1320 1039 1351 magna
1070 1310 1101 1341 vi
1126 1306 1129 1348 Ι

2066 196 2129 227 410

1160 286 1303 327 lingua
1333 291 1466 318 rotam
1496 287 1742 320 nativitatis
1772 294 1944 322 nostrae.
1992 291 2039 322 Ac
2068 291 2126 322 hu·

1159 339 1273 360 manae
1313 329 1440 370 quidem
1486 330 1572 362 vitae
1615 340 1746 362 cursum
1790 336 1908 364 rotae
1950 339 2124 373 comparat.

1159 369 1296 412 Γὲνεσιν,
1331 372 1602 412 quemadmodum
1636 373 1735 412 prius,
1770 384 1826 414 pro
1857 381 1973 407 natura
2002 376 2125 416 accipit.

1160 414 1284 445 Sensus
1317 420 1426 446 autem
1454 421 1516 446 est:
1549 414 1659 454 Quum
1682 415 1745 446 alia
1768 417 1847 448 vitia
1871 418 1922 449 vel
1945 422 2049 450 aetate
2073 419 2122 450 vel

1158 456 1309 496 temporis
1340 467 1490 489 successu
1521 458 1735 499 corrigantur,
1769 459 1819 490 vel
1849 460 1962 492 saltem
1987 471 2050 492 non
2074 471 2126 493 oc-

1157 504 1276 538 cupent
1306 504 1406 530 totum
1438 499 1611 539 hominem,
1647 501 1761 533 vitium
1793 501 1922 543 linguae
1951 504 2060 544 spargi
2090 514 2127 535 ac

1157 542 1298 581 grassari
1332 552 1388 582 per
1420 552 1531 575 omnes
1565 543 1664 584 vitae·
1683 548 1801 584 partes.
1854 545 1925 577 Nisi
1955 546 2036 577 forte
2066 547 2126 578 in-

1157 583 1484 616 flammationem
1525 596 1582 626 pro
1622 586 1762 618 violento
1802 587 1941 627 impulsu
1982 589 2126 629 accipere

1158 626 1231 666 quis
1260 626 1370 657 malit:
1400 628 1474 667 quia
1497 628 1675 660 Fervidum
1698 638 1861 668 vocamus,
1893 631 1977 670 quod
2002 633 2126 672 rapitur

1156 678 1229 700 cum
1255 669 1417 701 violentia.
1462 670 1505 701 Et
1537 671 1582 703 sic
1605 672 1644 703 de
1667 672 1748 703 rotis
1769 672 1925 713 loquutus
1948 678 1997 704 est
2020 674 2125 706 Hora-

1156 711 1237 742 tius:
1269 711 1409 743 fervidas
1432 713 1517 743 enim
1540 713 1574 744 in
1597 714 1773 746 certamine
1795 715 1899 747 curuli
1922 716 2063 756 appellat
2085 716 2125 748 ob

1156 753 1303 794 rapidam
1337 754 1572 796 celeritatem1).
1625 756 1675 788 Ita
1708 767 1821 789 sensus
1854 762 1945 797 esset,
1979 758 2125 799 linguam

1156 796 1294 828 similem
1318 806 1389 828 esse
1411 798 1501 837 equis
1523 798 1702 831 indomitis:
1730 801 1804 840 quia
1827 800 2000 840 hominem,
2031 802 2125 833 sicuti

1156 839 1203 870 illi
1247 849 1396 880 currum,
1447 841 1655 881 praecipitem
1700 852 1758 874 sua
1802 844 1965 883 protervia
2010 845 2124 884 rapiat.

1156 881 1265 921 Quum
1300 892 1318 913 a
1352 882 1541 923 gehenna
1574 883 1651 915 dicit
1684 884 1957 925 inflammari,
1992 886 2126 927 perinde

1155 927 1205 956 est
1227 934 1264 956 ac
1281 925 1308 956 si
1332 924 1462 965 diceret,
1485 925 1616 967 linguae
1638 926 1919 967 intemperantiam
1943 939 2012 961 esse
2033 930 2125 961 flam-

1156 977 1242 998 mam
1275 967 1361 1008 ignis
1392 967 1521 999 inferni.
1573 968 1852 1008 Quemadmodum
1886 972 1970 1003 enim
2001 973 2126 1012 profani

1156 1015 1268 1049 poetae
1302 1011 1430 1051 fingunt
1463 1011 1636 1043 sceleratos
1668 1012 1772 1043 afflari
1804 1014 1958 1045 furiarum
1989 1014 2124 1047 facibus:

1155 1052 1201 1084 ita
1224 1063 1333 1084 verum
1358 1058 1415 1091 est,
1449 1052 1606 1085 Satanam
1636 1055 1851 1086 tentationum
1875 1056 2021 1095 flabellis,
2055 1067 2125 1090 ma-

1156 1095 1260 1126 lorum
1295 1096 1440 1127 omnium
1473 1097 1582 1137 ignem
1615 1097 1650 1128 in
1684 1097 1807 1129 mundo
1842 1099 2029 1131 accendere:
2068 1100 2124 1132 sed

1155 1137 1290 1170 Iacobus
1313 1139 1473 1179 significat
1496 1139 1604 1179 ignem
1628 1150 1646 1171 a
1665 1139 1789 1172 Satana
1811 1141 2001 1181 immissum,
2025 1152 2044 1173 a
2064 1143 2123 1174 lin-

1155 1191 1218 1221 gua
1242 1180 1392 1212 facillime
1415 1182 1549 1222 concipi,
1579 1187 1613 1213 ut
1635 1183 1784 1223 protinus
1807 1183 1927 1215 ardeat.
1972 1185 2124 1218 Breviter

1155 1223 1301 1255 idoneam
1334 1234 1404 1255 esse
1434 1225 1625 1265 recipiendo,
1660 1225 1803 1263 fovendo,
1837 1231 1870 1257 et
1900 1228 2048 1268 augendo
2070 1238 2123 1269 ge-

1155 1265 1259 1298 henae
1282 1266 1348 1307 igni
1371 1268 1554 1298 materiam.

1241 1351 1269 1383 7.
1297 1351 1407 1384 Omnis
1433 1353 1516 1384 enim
1544 1355 1659 1384 natura
1685 1353 1828 1392 ferarum
1857 1356 1885 1385 et
1912 1355 2070 1386 volucrum
2098 1359 2125 1387 et

1153 1396 1332 1434 serpentum
1353 1397 1381 1426 ec
1401 1396 1596 1427 marinorum
1618 1406 1638 1427 a
1669 1398 1784 1428 natura
1806 1396 1946 1428 humana
1967 1398 2123 1437 domatur,

1154 1439 1181 1468 et
1209 1437 1325 1469 domita
1353 1440 1412 1469 est.-
1455 1438 1483 1470 8.
1508 1439 1650 1478 linquam
1671 1449 1741 1470 vero
1763 1439 1868 1471 nullus
1889 1439 2048 1472 hominum
2069 1441 2123 1473 do·

1153 1489 1240 1512 mare
1258 1482 1364 1520 potest,
1393 1480 1583 1513 incoercibile
1608 1481 1734 1521 malum,
1762 1481 1858 1522 plena
1879 1492 1994 1515 veneno
2016 1484 2123 1515 morti-

1152 1522 1228 1562 fero.
1272 1522 1302 1555 9.
1328 1522 1391 1555 Per
1423 1524 1526 1562 ipsam
1559 1524 1767 1556 benedicimus
1792 1524 1895 1557 Deum
1926 1528 1953 1557 et
1979 1528 2123 1565 patrem:

1154 1568 1180 1597 et
1204 1575 1264 1606 per
1294 1566 1398 1605 ipsam
1425 1576 1619 1599 exsecramur
1647 1566 1786 1599 homines
1815 1568 1858 1600 ad
1885 1568 2123 1601 similitudinem

1154 1609 1221 1639 eius
1241 1608 1348 1648 factos.
1395 1609 1446 1641 10.
1469 1609 1522 1641 Ex
1546 1610 1647 1641 eodem
1676 1620 1727 1642 ore
1749 1611 1892 1649 procedit
1913 1611 2074 1644 benedictio
2095 1615 2123 1644 et

1153 1651 1337 1683 maledictio.
1383 1652 1455 1684 Non
1476 1653 1619 1691 convenit,
1648 1652 1765 1691 fraires
1786 1653 1856 1692 mei,
1878 1653 1953 1686 haec
1975 1654 2021 1686 ita
2040 1654 2123 1694 fieri.

1155 1694 1204 1725 11.
1227 1693 1282 1725 Au
1308 1694 1381 1734 fons·
1407 1697 1435 1727 et
1463 1695 1563 1727 eodem
1587 1695 1743 1735 foramine
1772 1696 1854 1727 eiicit
1881 1696 1968 1729 dulce
1989 1699 2016 1728 et
2037 1707 2123 1729 ama-

1153 1736 1250 1768 rum?
1297 1737 1346 1769 12.
1373 1737 1444 1770 Non
1462 1740 1567 1777 potest,
1597 1738 1715 1778 fratres
1740 1739 1810 1779 mei,
1840 1738 1920 1778 ficus
1946 1739 2028 1772 oleas
2046 1750 2122 1779 pro-

1152 1779 1244 1819 ferre,
1274 1782 1329 1811 aut
1357 1781 1431 1812 vitis
1457 1781 1552 1820 ficus:
1578 1781 1623 1813 sic
1644 1781 1752 1813 nullus
1771 1782 1845 1822 fons
1866 1782 1985 1814 salsam
2007 1784 2034 1814 et
2054 1782 2122 1815 dul-

1153 1832 1215 1854 cem
1234 1823 1358 1864 9i9nere
1379 1834 1501 1864 aquam.

1242 1908 1271 1940 7.
1299 1908 1408 1941 Omnis
1430 1908 1520 1940 enim.
1557 1908 1765 1941 Confirmatio
1789 1914 1838 1941 est
1860 1910 2000 1951 proximi
2023 1921 2122 1942 mem-

1155 1951 1213 1983 bri.
1251 1951 1334 1982 Nam
1357 1953 1389 1982 in
1412 1950 1523 1991 lingua
1537 1950 1692 1983 satanam
1716 1952 1798 1983 mira
1820 1953 1958 1992 quadam
1980 1953 2122 1986 efficacia

1154 2004 1290 2034 regnare
1307 2004 1345 2025 ex
1363 2004 1398 2025 eo
1421 1994 1544 2033 probat,
1566 1994 1649 2034 quod
1673 1995 1770 2027 nullis
1793 1995 1894 2027 modis
1916 1996 1951 2027 in
1974 1997 2120 2028 ordinem

1154 2037 1223 2078 cogi
1247 2040 1366 2078 potest:
1399 2036 1495 2077 idque
1518 2037 1663 2070 adductis
1686 2039 1980 2078 comparationibus
2003 2039 2117 2079 ampli-

1154 2079 1239 2111 ficat.
1294 2079 1425 2111 Nullum
1463 2079 1550 2110 enim
1587 2085 1652 2111 tam
1685 2090 1819 2112 saevum
1853 2085 1909 2112 aut
1941 2081 2119 2113 violentum

1153 2123 1273 2154 animal
1307 2132 1377 2153 esse
1407 2121 1484 2153 dicit
1514 2122 1599 2163 quod
1622 2133 1687 2155 non
1711 2124 1857 2155 dometur
1880 2123 2046 2156 hominum
2070 2125 2118 2155 in-

1154 2164 1287 2197 dustria.
1320 2165 1438 2201 Pisces,
1470 2165 1525 2205 qui
1553 2165 1652 2197 alium
1681 2166 1917 2206 quodammodo
1939 2167 2048 2198 orbem
2071 2168 2118 2198 in-

1152 2208 1277 2239 colunt:
1315 2217 1409 2245 aves,
1443 2217 1525 2248 qnae
1557 2213 1624 2240 tam
1657 2208 1792 2240 mobiles
1824 2214 1900 2241 sunt
1933 2219 1970 2241 ac
2003 2218 2118 2250 vagae:

1153 2251 1295 2291 adeoque
1324 2255 1490 2290 serpentes
1519 2252 1648 2291 generis
1671 2252 1804 2282 humani
1827 2252 1983 2291 inimicos,
2017 2252 2117 2283 inter·

1153 2293 1228 2324 dum
1252 2294 1395 2325 cicurari.
1441 2293 1530 2334 Ergo
1552 2304 1650 2334 quum
1674 2294 1785 2334 lingua
1807 2295 1947 2326 cohiberi
1970 2299 2118 2335 nequeat,

1153 2345 1306 2367 arcanum
1336 2334 1496 2376 quendam
1524 2337 1690 2376 gehennae
1712 2338 1821 2377 ignem
1843 2337 1908 2369 illic
1929 2338 2061 2368 subesse
2082 2347 2119 2369 ac

1154 2379 1253 2410 latere
1283 2382 1416 2419 oportet.
1464 2378 1557 2418 Quod
1588 2380 1626 2411 de
1657 2380 1731 2411 feris
1761 2379 1872 2417 beluis,
1906 2379 2117 2419 serpentibus,

1153 2421 1287 2462 aliisque
1317 2420 1423 2460 tradit,
1457 2432 1521 2453 non
1551 2427 1600 2453 est
1622 2422 1661 2453 de
1684 2422 1832 2454 omnibus
1854 2422 2116 2463 intelligendum:

1153 2465 1231 2496 satis
1260 2467 1309 2496 est
1338 2464 1420 2504 quod
1450 2475 1490 2496 ex
1513 2465 1715 2497 ferocissimis
1750 2465 1859 2496 bestiis
1882 2465 2037 2505 quasdam
2060 2465 2117 2496 ho-

1153 2508 1275 2538 minum
1309 2516 1362 2538 ars
1394 2507 1522 2548 subegit
1554 2509 1586 2539 in
1616 2508 1818 2547 obsequium:
1853 2508 2002 2539 similiter
2033 2507 2116 2548 quod

1152 2554 1317 2590 serpentes
1346 2549 1508 2581 interdum
1533 2551 1727 2582 cicurantur.
1772 2550 1850 2583 Ideo
1873 2557 2011 2592 utroque
2034 2554 2115 2582 tem-

1237 2644 1258 2678 1)
1276 2642 1324 2670 oti
1344 2643 1366 2669 1.
1385 2642 1445 2670 iibn·
1463 2643 1483 2670 1.
