2513 3126
270 218 332 249 235
1103 214 1244 246 El‘lST.
1268 215 1402 247 PETR!
1432 215 1442 245 1
2208 216 2270 247 236

271 318 403 355 111-111101·
419 314 598 347 Christum.
634 312 741 352 Atque
766 311 824 343 hoc
848 311 946 343 studii
971 311 1073 343 nostri
1093 311 1241 343 ardorem

271 358 376 399 magis
407 356 582 389 accendero
613 354 716 394 debet,
745 364 842 395 quum
872 354 1022 386 audimus
1047 355 1152 386 Deum
1177 360 1242 386 tam

272 401 478 440 indulgenter
501 397 666 429 nobiscum
691 407 796 438 agere,
821 399 856 428 ut
881 397 914 428 in
938 397 1070 429 Christo
1093 397 1243 429 aestimet

272 454 328 473 no:
316 449 381 474 tra
414 450 511 481 opera
546 450 629 480 quae
664 440 696 471 iu
731 451 765 472 so
795 440 874 480 ipsis
909 440 990 471 nihil
1025 440 1242 472 merebantur

271 485 475 532 Quamquam
506 483 667 523 particula
691 483 778 521 haec,
809 493 879 522 per
909 482 1139 521 Christum,
1170 491 1243 523 apte

271 526 420 567 coniungi
451 530 560 566 posset
591 536 661 558 oum
687 526 787 557 verbo
811 525 976 557 offerendi.
1022 525 1105 557 Nam
1129 526 1243 558 similis

271 570 413 609 loquutio
436 568 574 600 habetur
591 569 630 600 ad
649 567 814 600 Hebraeos
829 578 888 609 cap
891 568 965 605 .13‚
992 568 1040 606 15,
1065 579 1122 609 per
1140 569 1243 609 ipsum

270 613 444 643 oderamus
468 612 604 643 hostiam
629 611 733 642 laudis
757 611 837 642 Deo.
869 579 975 642 Ρ1110111
999 616 1108 643 tamen
1132 621 1242 643 maue-

270 654 312 685 bit
343 664 474 692 sensus,
505 652 669 695 (111101101-
697 653 866 686 Christum
898 654 1080 692 offerimus,
1112 657 1148 686 ut
1173 654 1244 686 Deo

269 697 461 729 sacrificium
487 697 620 737 placeat.

355 783 383 814 6.
410 783 579 822 Propterea
607 783 701 814 etiam
729 782 859 814 continet
881 783 1053 824 scriptwra:
1082 792 1145 814 eece
1161 792 1244 822 pono

270 827 303 857 in
338 825 415 857 Sion
446 825 582 864 lapidem
613 824 804 866 anyularem,
834 825 966 864 electum,
992 826 1186 865 pretiosum:
1217 827 1244 857 et

269 869 323 909 qui
351 868 514 900 crediderit
541 868 575 899 in
602 868 670 907 illo,
702 878 763 900 non
787 868 930 908 pudefiet.
983 867 1013 899 7.
1051 868 1142 900 Vobis
1173 877 1243 909 erqo

269 912 325 951 qui
353 911 487 951 creditis,
515 911 692 951 pretiosus:
726 911 897 943 incredulis
914 920 1000 950 vero,
1034 911 1125 951 lapis,
1156 920 1244 951 quem

268 954 505 994 remobaverunt
538 953 746 994 aedificantes,
780 953 829 985 hie
855 954 979 994 positus
1011 956 1055 985 est
1087 954 1121 984 in
1153 954 1246 992 caput

269 997 393 1037 anyuli:
437 997 466 1028 8.
491 999 518 1028 et
548 996 633 1036 lapis
661 996 867 1038 impactionis,
896 999 925 1028 et
947 998 1040 1037 petra
1067 995 1245 1035 offendiculi

269 1041 312 1071 ⁴iis
333 1040 388 1079 qui
414 1040 594 1080 impinyunt
621 1039 656 1070 in
677 1049 854 1077 sennonem,
884 1049 938 1072 nec
959 1040 1085 1071 credunt
1107 1038 1142 1069 in
1163 1038 1245 1078 quod

268 1083 360 1114 etiam
385 1082 523 1114 ordinati
543 1082 678 1122 fuerant.

354 1168 384 1200 6.
411 1167 548 1200 Continet
569 1168 736 1208 scriptura.
778 1167 845 1208 Qui
869 1166 1002 1199 verbum
1025 1165 1181 1208 περιέχειν
1205 1165 1245 1198 ad

269 1210 437 1243 Christum
462 1211 618 1251 referunt,
641 1216 673 1242 et
695 1214 864 1252 exponunt
885 1209 1063 1250 complecti,
1091 1209 1166 1250 quia
1188 1219 1246 1250 per

269 1255 374 1293 ipsum
406 1253 491 1285 inter
519 1263 553 1285 se
576 1253 609 1285 hi
634 1264 745 1285 omnes
768 1253 972 1289 cohaereant,
1005 1251 1120 1300 procul
1143 1251 1245 1284 disce-

270 1297 351 1328 dunt
384 1306 402 1327 a
436 1302 546 1327 mente
581 1296 728 1344 apostoli.
782 1295 892 1327 Nihilo
926 1295 1030 1336 magis
1061 1294 1246 1335 recipienda

270 1344 319 1370 est
334 1338 437 1371 altera
457 1339 626 1380 expositio,
650 1339 817 1371 Christum
837 1337 1007 1369 excellere.
1045 1337 1246 1377 Simpliciter

270 1382 357 1413 enim
393 1382 573 1422 scripturae
604 1382 820 1413 testimonium
852 1381 952 1412 citare
983 1380 1086 1412 voluit
1117 1380 1244 1412 Petrus.

271 1424 444 1465 Significat
473 1434 549 1465 ergo
579 1424 741 1465 proditum
770 1433 788 1454 a
816 1423 932 1463 spiritu
955 1428 1066 1455 sancto
1089 1423 1123 1454 in
1146 1423 1244 1464 scrip-

272 1468 362 1505 turis,
393 1467 443 1499 vel
466 1467 565 1508 (quod
590 1467 673 1499 idem
699 1466 797 1507 valet)
820 1466 886 1498 11110
909 1466 1138 1506 comprehendi
1161 1465 1245 1507 quod

271 1510 408 1542 subiicit.
454 1510 520 1541 Nec
547 1520 624 1541 vero
653 1519 852 1548 supervacua
884 1509 945 1540 fuit
977 1510 1143 1550 proximae
1172 1519 1244 1540 sen-

272 1553 393 1584 tentiae
425 1552 634 1585 confirmatio.
685 1551 843 1583 Videmus
873 1552 960 1583 enim
991 1562 1086 1592 quam
1118 1552 1245 1583 levibus

271 1595 309 1627 de
325 1596 430 1627 causis
447 1606 482 1628 ac
499 1606 597 1636 prope
617 1595 718 1626 nullis
735 1595 931 1626 abhorreant
951 1595 1045 1626 multi
1069 1605 1087 1626 a
1103 1594 1244 1632 Christo,

271 1638 421 1670 nonnulli
444 1649 520 1670 vero
545 1638 704 1669 deficiant.
745 1637 812 1669 Sed
835 1637 895 1669 hoc
915 1637 1146 1669 offendiculum
1170 1647 1246 1678 prae

273 1681 345 1712 aliis
376 1682 516 1712 maxime
546 1681 702 1721 quosdam
726 1680 879 1721 impedit:
907 1679 1037 1713 abducit
1061 1680 1139 1712 alios
1162 1680 1246 1721 quod

274 1723 444 1755 Christum
468 1734 533 1755 non
555 1724 651 1755 modo
675 1723 794 1764 vulgus
816 1723 983 1755 hominum
1010 1724 1188 1755 contemnit
1210 1733 1247 1755 ac

272 1767 405 1807 respuit,
438 1766 493 1798 sed
521 1768 578 1807 qui
601 1767 771 1798 constituti
794 1770 871 1797 sunt
893 1767 928 1797 in
951 1766 1057 1807 aliquo
1079 1766 1247 1807 dignitatis

271 1809 383 1851 gradu,
408 1809 624 1850 videnturque
647 1810 733 1840 inter
755 1808 836 1840 alios
859 1808 1027 1841 excellere.
1072 1809 1136 1841 Hic
1157 1819 1248 1840 error

271 1863 400 1894 semper
432 1853 499 1884 fere
533 1852 640 1892 viguit
673 1852 709 1883 in
743 1851 881 1890 mundo,
916 1858 947 1882 et
981 1851 1076 1884 hodie
1109 1852 1247 1883 nimium

269 1900 455 1935 grassatur,
495 1899 532 1926 ut
571 1894 657 1926 bona
697 1905 772 1935 pars
809 1894 978 1926 Christum
1019 1896 1168 1926 aestimet
1207 1905 1247 1926 ex

270 1948 422 1978 perverso
461 1937 573 1969 muudi
612 1937 737 1969 iudicio.
797 1937 919 1974 Porro,
958 1948 1039 1978 quae
1076 1937 1247 1968 hominum

270 1984 319 2011 est
357 1980 556 2021 ingratitudo
597 1985 629 2010 et
668 1980 834 2020 impietas,
873 1981 991 2020 passim
1030 1980 1248 2012 contemnitur

271 2022 434 2054 Christus.
500 2023 552 2054 Ita
600 2023 656 2061 fit,
706 2023 782 2054 dum
834 2022 887 2054 alii
937 2023 1014 2054 alios
1058 2023 1248 2064 respiciunt,

270 2070 306 2096 ut
351 2066 444 2105 pauci
487 2066 610 2097 iustum
656 2066 811 2097 honorem
855 2065 902 2097 illi
951 2066 1101 2098 habeant.
1169 2065 1247 2097 Ideo

272 2107 424 2140 admonet
447 2108 566 2140 Petrus
595 2108 671 2149 quid
696 2108 735 2140 de
762 2108 895 2140 Christo
918 2108 1118 2149 praedictum
1142 2108 1247 2146 fuerit,

270 2160 312 2181 ne
342 2150 412 2182 eius
443 2155 648 2192 contemptus
679 2155 736 2183 aut
764 2151 895 2183 reiectio
926 2162 944 2183 a
977 2156 1067 2184 recta
1100 2151 1163 2183 fide
1190 2161 1247 2183 nos

271 2193 442 2226 dimoveat.
491 2194 666 2226 Caeterum
706 2194 832 2235 primus
872 2194 972 2233 100118,
1013 2205 1106 2235 quem
1148 2193 1247 2226 addu-

271 2236 323 2273 cit,
355 2238 505 2278 sumptus
534 2242 584 2268 est
607 2247 647 2269 ex
670 2237 794 2268 Iesaiae
817 2247 886 2278 cap.
910 2237 962 2276 28,
987 2237 1037 2277 18,
1067 2237 1133 2278 ubi,
1163 2241 1250 2278 post-

272 2289 367 2319 quam
400 2280 549 2311 invectus
579 2284 629 2311 est
659 2280 816 2320 propheta
846 2280 880 2310 in
913 2280 1114 2320 deploratam
1141 2280 1248 2321 gentis

271 2331 347 2353 suae
379 2322 546 2361 malitiam,
576 2322 706 2354 tandem
735 2322 872 2362 subiicit,
902 2323 978 2354 Non
1002 2323 1120 2355 efficiet
1142 2328 1250 2355 vestra

270 2364 406 2404 perfidia
437 2365 514 2406 quin
546 2364 625 2397 deus
654 2365 821 2397 ecclesiam
849 2375 941 2396 suam
964 2367 1135 2407 instauret,
1168 2375 1249 2406 quae

270 2417 358 2439 nunc
390 2418 446 2448 per
476 2418 535 2439 vos
566 2412 633 2439 tota
661 2408 744 2439 iacet
773 2408 806 2438 in
837 2408 951 2440 ruinis.
998 2408 1131 2440 Modum
1156 2418 1249 2448 repa-

272 2450 407 2482 rationis
437 2450 605 2482 adscribit:
637 2450 762 2482 Ponam
793 2451 825 2481 111
850 2450 930 2482 Sion
959 2451 1108 2492 lapidem.
1154 2450 1250 2483 Unde

272 2492 463 2533 colligimus,
494 2494 563 2525 sine
586 2493 719 2525 Christo
743 2493 871 2524 nullum
894 2504 964 2525 esse
986 2495 1139 2526 ecclesiae
1162 2493 1249 2525 aedi-

272 2535 397 2566 ficium:
436 2546 540 2585 neque
579 2537 666 2567 enim
705 2535 781 2567 alibi
819 2547 914 2576 quam
951 2537 985 2568 in
1018 2538 1087 2578 ipso
1120 2536 1249 2568 fundari

272 2581 387 2625 potest,
419 2579 512 2610 sicuti
541 2579 664 2611 Paulus
691 2583 831 2610 testatur
858 2580 900 2619 (1.
922 2579 993 2611 Cor.
1013 2580 1043 2619 3,
1074 2579 1136 2622 11).
1182 2579 1249 2611 Νο0

272 2620 407 2652 mirum:
432 2622 466 2652 in
482 2632 519 2653 eo
542 2623 628 2653 enim
653 2621 977 2670 comprehenduntur
999 2633 1112 2654 omnes
1135 2622 1249 2654 salutis

273 2668 405 2695 nostrae
428 2669 549 2704 partes.
593 2665 683 2706 Ergo
707 2665 851 2705 quisquis
874 2666 925 2697 vel
949 2667 1122 2698 minimum
1149 2664 1189 2697 ab
1211 2675 1248 2696 eo

1297 312 1446 348 deflectit,
1479 322 1534 351 pro
1566 311 1686 342 fultura
1709 311 1934 352 praecipitium
1959 311 2112 343 inveniet.
2159 311 2269 350 Quare

1296 355 1455 396 propheta¹
1497 364 1559 385 non
1600 356 1726 385 tantum
1764 354 1902 393 lapidem
1939 353 2128 395 augularem
2165 355 2270 394 ipsum

1297 404 1398 435 vocat,
1433 397 1483 429 cui
1514 396 1687 437 praecipua
1715 397 1852 428 aedificii
1883 397 1983 428 moles
2008 396 2180 428 incumbit:
2216 397 2271 428 sed

1296 441 1434 481 lapidem
1459 439 1669 479 probationis,
1691 439 1731 470 ad
1755 449 1850 479 quem
1875 439 1962 480 exigi
1986 439 2081 470 debet
2105 444 2201 480 atque
2217 450 2271 479 ap-

1296 484 1356 514 tari
1373 488 1555 514 structurae
1571 482 1702 513 modus:
1727 482 1841 513 deiude
1859 482 2109 513 fundamentum
2130 482 2270 513 solidum

1297 526 1379 566 quod
1413 530 1610 557 structuram
1643 525 1831 556 universam
1861 525 2013 556 continet.
2060 524 2200 556 Proinde
2227 525 2272 556 ita

1298 573 1344 600 est
1368 568 1449 608 lapis
1473 567 1594 608 anguli,
1620 573 1654 599 ut
1677 568 1719 598 sit
1742 567 1841 599 totius
1864 567 2000 599 aedificii
2025 567 2146 608 regula,
2170 571 2206 599 ut
2229 568 2271 599 sit

1298 611 1428 643 unicum
1461 610 1721 642 fundamentum.
1774 610 1840 642 Sed
1871 610 1990 642 Petrus
2022 621 2062 641 ex
2092 610 2271 651 prophetae

1298 654 1405 685 verbis
1445 653 1583 693 sumpsit
1621 652 1704 693 quod
1743 654 1904 693 praesenti
1942 652 2092 684 instituto
2130 654 2271 684 maxime

1298 696 1485 737 quadrabat,
1508 705 1623 737 nempe
1646 695 1729 736 quod
1753 697 1795 727 sit
1817 696 1939 728 electus
1962 695 2054 736 lapis,
2078 695 2272 736 honorisque

1297 745 1330 771 et
1353 739 1570 780 praestantiae
1593 738 1724 779 plenus:
1753 738 1869 770 deinde
1890 739 1972 779 quod
1996 739 2030 769 in
2054 748 2091 770 eo
2115 748 2174 770 nos
2198 738 2270 769 fun-

1297 782 1367 813 dari
1400 786 1557 823 oporteat.
1610 781 1724 812 Honor
1757 781 1820 813 huc
1854 782 2006 822 pertinet,
2038 791 2079 813 ne
2110 780 2271 821 Christus,

1298 830 1463 864 utcunque
1487 824 1606 855 mundo
1629 824 1672 855 sit
1694 824 1954 865 contemptibilis,
1979 834 1998 855 a
2021 823 2113 856 1101118
2136 833 2270 864 sperna-

1298 873 1361 908 tur,
1381 866 1510 907 quando
1526 867 1611 907 apud
1628 867 1734 898 Deum
1751 877 1877 899 summo
1893 867 1927 898 in
1944 867 2049 908 pretio
2064 871 2123 898 est.
2161 866 2271 906 Quum

1299 915 1404 942 autem
1430 915 1521 941 vocat
1544 909 1725 950 lapidem
1751 910 1916 951 anguli,
1939 910 2102 951 significat
2124 919 2179 941 008
2202 909 2273 940 nul-

1297 953 1361 984 lam
1378 952 1498 984 habere
1517 962 1596 984 suae
1615 952 1729 985 salutis
1751 963 1864 985 curam
1888 953 1941 993 qui
1964 953 1997 984 in
2014 952 2182 985 Christum
2207 962 2273 983 non

1298 995 1498 1027 recumbunt.
1551 994 1646 1034 Quod
1677 996 1774 1036 aliqui
1806 996 1838 1027 in
1871 1005 1949 1028 voce
1979 995 2090 1036 anguli
2122 995 2273 1027 subtilius

1298 1037 1585 1078 philosophantur,
1619 1039 1708 1078 quasi
1743 1039 1804 1070 hoc
1837 1038 1908 1070 ideo
1943 1038 2064 1070 dictum
2099 1038 2151 1076 sit,
2187 1037 2272 1078 quod

1298 1080 1450 1113 Christus
1472 1080 1610 1112 Iudaeos
1640 1085 1671 1112 et
1698 1087 1822 1122 gentes,
1853 1084 2006 1122 tanquam
2031 1080 2112 1112 duos
2135 1081 2274 1121 parietes

1299 1123 1452 1162 diversos,
1486 1123 1583 1155 simul
1617 1124 1803 1165 coniungat,
1836 1134 1899 1155 non
1934 1124 2012 1155 satis
2047 1124 2178 1155 firmum
2214 1127 2272 1154 est.

1297 1166 1451 1198 Contenti
1481 1176 1558 1206 ergo
1591 1167 1694 1198 simus
1721 1167 1860 1207 simplici
1891 1166 2100 1207 expositione,
2133 1166 2205 1197 ideo
2228 1165 2273 1197 sic

1299 1209 1418 1248 vocari,
1451 1209 1526 1249 quia
1559 1209 1697 1240 aedificii
1731 1210 1858 1250 pondus
1886 1209 1942 1240 illo
1974 1210 2100 1240 nititur.
2151 1208 2272 1240 Obser-

1299 1251 1443 1283 vandum
1467 1253 1634 1291 praeterea
1656 1256 1713 1291 est,
1737 1251 1823 1292 quod
1846 1252 2003 1292 propheta
2021 1252 2127 1283 Deum
2150 1251 2273 1283 inducit

1299 1294 1351 1326 hic
1367 1294 1561 1335 loquentem.
1592 1293 1689 1326 Solus
1705 1295 1792 1326 enim
1809 1296 1877 1335 ipse
1896 1295 2005 1335 opifex
2024 1294 2177 1326 ecclesiae
2196 1304 2273 1326 suae

1299 1342 1348 1369 est
1371 1347 1407 1369 ac
1430 1336 1640 1369 architectus:
1665 1337 1941 1378 quemadmudum
1961 1338 1994 1369 in
2015 1337 2146 1369 Psalmo
2158 1337 2222 1378 (48,
2241 1335 2275 1378 9)

1298 1380 1446 1418 habetur,
1470 1379 1553 1420 quod
1577 1390 1692 1412 manus
1715 1381 1783 1412 eius
1805 1380 1940 1412 Sionem
1963 1380 2123 1412 fundavit.
2161 1380 2275 1412 Utitur

1298 1422 1429 1463 quidem
1454 1422 1625 1454 hominum
1648 1433 1746 1463 opera
1768 1422 1809 1454 ad
1831 1423 1916 1454 hanc
1932 1425 2139 1460 structuram,
2163 1427 2196 1455 et
2215 1422 2273 1453 mi-

1299 1465 1447 1497 nisterio:
1478 1465 1534 1497 sed
1558 1464 1618 1497 hoc
1641 1476 1704 1497 non
1725 1465 1832 1497 obstat
1855 1466 1932 1506 quin
1955 1475 2051 1497 suum
2076 1466 2172 1497 unius
2194 1475 2275 1506 opus

1299 1519 1377 1547 esse,
1409 1518 1485 1540 vere
1515 1512 1647 1540 asserat.
1694 1507 1847 1540 Christus
1873 1518 1951 1549 ergo
1974 1508 2067 1539 nobis
2090 1508 2203 1540 salutis
2226 1512 2276 1539 est

1298 1551 1557 1590 fundamentum,
1587 1551 1662 1591 quia
1691 1552 1725 1583 in
1756 1550 1844 1582 hunc
1867 1551 1964 1582 finem
1989 1551 2082 1582 nobis
2105 1550 2275 1582 ordinatus

1299 1599 1348 1626 est
1376 1605 1395 1626 a
1422 1598 1523 1635 patre.
1568 1593 1658 1625 Dicit
1681 1601 1791 1625 autem
1814 1594 1856 1625 in
1880 1593 1997 1634 Sion,
2029 1594 2104 1634 quia
2125 1593 2204 1624 illue
2225 1593 2274 1624 in-

1298 1637 1409 1669 choari
1439 1635 1584 1677 oportuit
1617 1636 1786 1676 spirituale
1808 1635 1872 1668 Dei
1895 1637 2063 1677 templum.
2108 1636 2218 1676 Quare
2240 1639 2277 1667 ut

1299 1680 1398 1712 solide
1414 1680 1494 1711 fides
1510 1685 1620 1712 nostra
1639 1678 1771 1711 Christo
1787 1680 1920 1717 nitatur,
1943 1679 2139 1711 veniendum
2162 1683 2212 1710 est
2235 1678 2276 1710 ad

1299 1723 1403 1764 legem
1417 1728 1448 1754 et
1460 1723 1646 1763 prophetas.
1666 1722 1813 1754 Tametsi
1825 1723 1913 1754 enim
1926 1725 2031 1754 totum
2043 1723 2154 1754 orbem
2166 1721 2206 1753 ad
2219 1732 2274 1753 ex-

1300 1771 1419 1797 tremos
1436 1776 1538 1805 usque
1553 1764 1692 1807 angulos
1707 1770 1844 1806 occupat
1859 1765 1912 1797 hic
1927 1765 2024 1806 lapis:
2048 1765 2150 1806 primo
2165 1769 2276 1797 tamen

1300 1810 1333 1840 111
1356 1808 1437 1841 Sion
1468 1808 1566 1840 locari
1595 1818 1725 1840 11000880
1747 1808 1820 1848 fuit,
1854 1808 1907 1840 ubi
1931 1813 2008 1840 tunc
2031 1813 2100 1840 erat
2122 1808 2276 1840 ecclesiae

1300 1852 1402 1883 sedes.
1434 1851 1526 1883 Tunc
1541 1851 1629 1883 enim
1645 1851 1771 1891 positus
1790 1851 1888 1883 fuisse
1907 1851 2033 1890 dicitur,
2058 1861 2160 1892 quum
2183 1853 2276 1892 pater

1300 1905 1373 1926 eum
1404 1894 1642 1932 manifestavit,
1677 1896 1715 1925 ut
1749 1893 1917 1926 ecclesiam
1953 1904 2045 1926 suam
2079 1895 2277 1926 restitueret.

1300 1937 1450 1978 Denique
1480 1937 1526 1969 sic
1558 1936 1743 1969 habendum
1775 1942 1834 1975 est,
1865 1947 1920 1969 eos
1944 1937 2076 1969 Christo
2099 1937 2159 1969 niti
2182 1937 2279 1976 solos,

1300 1981 1356 2020 (1111
1372 1980 1525 2012 ecclesiae
1547 1980 1705 2011 unitatem
1721 1979 1849 2010 colunt:
1875 1980 1949 2020 quia
1972 1989 2038 2011 nou
2061 1980 2124 2011 nisi
2146 1981 2180 2011 in
2196 1980 2279 2012 Sion

1301 2023 1425 2063 positus
1458 2027 1508 2054 est
1541 2023 1623 2063 lapis
1654 2021 1805 2054 fulturae.
1851 2022 1937 2062 Quia
1967 2027 2077 2055 autem
2107 2033 2148 2055 ex
2178 2022 2279 2055 Sione

1301 2065 1418 2106 prodiit
1458 2065 1593 2097 ecclesia
1631 2076 1712 2106 quae
1746 2075 1833 2097 nunc
1867 2075 2125 2106 quaquaversum
2159 2065 2278 2097 diffusa

1301 2114 1365 2149 est,
1407 2108 1498 2140 illinc
1539 2118 1665 2148 quoque
1698 2108 1781 2139 fides
1815 2112 1928 2140 nostra
1960 2108 2058 2139 habet
2090 2107 2276 2140 exordium:

1300 2152 1380 2183 sicut
1402 2151 1477 2183 dicit
1500 2151 1642 2183 Iesaias:
1665 2151 1700 2182 E
1721 2150 1798 2182 Sion
1820 2150 1914 2182 exibit
1936 2150 1994 2192 lex,
2017 2153 2046 2183 et
2066 2150 2190 2182 verbum
2213 2150 2278 2182 Do-

1300 2194 1380 2226 mini
1409 2205 1425 2226 e
1454 2193 1629 2226 Ierusalem
1657 2193 1734 2235 (les.
1759 2196 1794 2232 2,
1823 2193 1868 2235 3).
1920 2193 1980 2225 Oui
2009 2194 2169 2233 respondet
2197 2192 2279 2225 illud

1304 2236 1513 2311 PsalmSHO,
1543 2239 1577 2275 ,2,
1614 2236 1774 2277 Sceptrum
1795 2236 1921 2268 virtutis
1941 2239 2013 2268 tuae
2035 2237 2147 2268 emittet
2168 2235 2279 2269 Domi-

1302 2290 1361 2312 nus
1383 2290 1398 2311 e
1448 2290 1510 2312 ion.

1393 2323 1455 2362 Qui
1477 2322 1824 2363 crediderit.Propheta
1847 2332 1911 2354 nou
1934 2322 2087 2361 exprimit
2109 2322 2147 2352 in
2170 2322 2276 2362 ipso:

1303 2365 1359 2396 sed
1381 2366 1579 2407 generaliter
1602 2365 1694 2397 dicit:
1718 2365 1863 2397 Credens
1886 2375 1951 2396 non
1973 2364 2148 2396 festinabit.
2189 2364 2277 2403 Quia

1303 2413 1413 2440 tamen
1447 2418 1510 2440 non
1546 2408 1679 2440 dubium
1714 2413 1763 2440 est
1786 2408 1864 2449 quin
1897 2407 1988 2439 Deus
2011 2407 2180 2439 Christum
2211 2407 2276 2440 11110

1303 2451 1396 2482 nobis
1423 2456 1582 2492 proponat
1610 2451 1644 2482 in
1675 2461 1806 2492 scopum
1830 2450 1919 2482 fidei:
1950 2450 2030 2482 fides
2054 2450 2092 2482 de
2115 2460 2180 2490 qua
2202 2459 2276 2490 pro-

1302 2494 1401 2533 pheta
1430 2494 1583 2534 loquitur,
1617 2494 1651 2525 in
1681 2493 1769 2525 hunc
1797 2493 1902 2525 solum
1932 2493 2052 2525 intueri
2083 2493 2186 2524 debet.
2232 2492 2276 2523 Et

1302 2542 1389 2568 certe
1413 2547 1506 2568 nemo
1530 2537 1594 2568 rite
1624 2536 1755 2568 credere
1786 2538 1901 2577 potest,
1936 2536 1995 2568 nisi
2026 2536 2081 2577 qui
2107 2535 2276 2567 Christum

1303 2580 1362 2611 sibi
1386 2580 1500 2611 statuit
1523 2579 1558 2610 in
1582 2589 1644 2620 quo
1668 2584 1735 2611 tota
1757 2582 1865 2610 mente
1891 2579 2056 2611 consistat.
2102 2578 2276 2610 Caeterum

1302 2622 1478 2663 prophetae
1507 2623 1669 2654 sententia
1693 2622 1840 2653 bifariam
1866 2627 1971 2662 potest
1994 2622 2125 2662 exponi:
2160 2629 2276 2660 nempe

1302 2666 1339 2696 ut
1360 2666 1402 2697 sit
1425 2666 1475 2697 vel
1499 2666 1679 2706 promissio,
1703 2664 1754 2696 vel
1776 2665 1970 2696 exhortatio.
2011 2664 2174 2696 Futurum
2197 2668 2276 2695 tem-
