2513 3126
183 228 224 259 41
1057 224 1205 257 CAPUT
1230 223 1292 255 ΙΙΙ.
2140 223 2182 254 42

186 324 331 366 indignis
358 323 560 356 benefaceret
590 322 695 363 Deus,
726 323 759 353 in
789 333 862 354 eum
893 322 1061 362 insurgere
1090 330 1157 352 non

187 367 388 400 desinebant.
418 366 506 398 Hinc
522 366 675 398 continua
690 365 881 406 indignatio,
914 365 962 395 Ac
977 364 1003 395 si
1020 362 1158 394 diceret:

186 410 260 442 Non
284 410 382 441 semel
406 414 462 440 aut
485 409 603 450 exiguo
620 413 763 448 tempore
780 418 830 439 me
847 409 1079 447 provocarunt:
1101 405 1156 436 sed

187 452 325 485 assiduis
352 463 409 493 per
436 462 537 483 annos
560 451 774 492 quadraginta
797 449 978 482 sceleribus.
1025 447 1158 479 Gene-

186 495 294 527 ratio
318 499 456 526 aetatem
480 499 583 529 sonat,
608 494 658 525 vel
683 493 755 524 unis
777 492 896 524 saeculi
920 490 1076 522 homines.

274 537 321 569 10.
345 537 389 568 Et
408 537 486 568 diri.
533 536 701 568 Sententia
718 535 788 573 Dei,
811 544 872 574 qua
895 543 948 565 eos
971 533 1158 572 pronuntiat

186 590 266 612 sana
289 585 398 612 mente
420 579 576 610 alienatos
599 587 685 610 esse:
708 582 740 608 et
758 577 915 607 rationem
932 574 1031 614 addit,
1055 575 1158 614 Quia

186 623 275 655 vias
305 633 394 654 suas
424 633 499 654 non
529 620 813 662 cognoverint.
866 618 904 649 In
935 627 1071 655 summa,
1101 627 1158 657 pro

186 665 365 706 desperatis
384 665 469 705 ipsos
489 664 594 700 habet,
619 663 693 702 quia
709 671 806 693 sensu
825 663 857 691 et
873 660 997 691 ratione
1014 664 1156 691 careant.

185 708 288 748 Atque
315 708 364 739 liic
387 716 554 747 personam
583 704 717 737 hominis
745 703 873 743 suscipit
903 703 957 742 qui
974 704 1045 742 post
1068 702 1159 743 Zonya

185 751 307 782 demum
344 750 553 789 experimenta
593 757 625 778 se
661 755 827 786 agnoscere
862 745 938 777 dicit
974 745 1158 776 obstinatam

185 793 352 826 amentiam
381 791 455 823 dicit
481 791 563 822 enim
590 799 639 821 eos
667 799 787 828 semper
816 799 931 829 errare,
965 788 1039 828 quia
1069 788 1158 819 nulla

185 846 255 877 spes
276 833 504 873 resipiscentiae
525 834 683 872 appareat.

273 877 321 908 11.
353 876 439 907 Sicut
468 876 583 906 iuravi.
630 874 801 905 Amentiae
831 883 942 914 poena,
971 874 1057 914 quod
1087 883 1157 914 pro-

186 920 284 951 missa
314 919 373 950 sibi
403 919 513 958 requie
540 918 674 949 fuerunt
696 917 824 957 privati.
870 916 973 947 Porro
997 916 1158 948 Dominus

185 962 370 1002 requiem
401 971 514 992 suam
538 960 678 1000 appellat
702 966 821 991 terram
845 959 899 990 ubi
917 959 981 991 illis
1005 959 1159 991 debuerat

185 1005 251 1036 fixa
274 1014 343 1035 esse
367 1003 469 1036 sedes.
499 1003 702 1044 Peregrinati
721 1002 808 1034 enim
831 1007 926 1033 erant
942 1003 975 1033 in
996 1004 1157 1043 Aegypto,

184 1056 241 1088 per
272 1046 435 1078 desertum
466 1046 675 1087 vagabantur.
720 1045 765 1077 At
794 1051 881 1076 terra
904 1045 1062 1076 Chanaan
1093 1045 1157 1075 illis

184 1101 225 1121 ex
258 1090 470 1130 promissione
505 1093 660 1129 perpetua
695 1099 764 1120 esse
797 1087 980 1119 haereditas
1012 1087 1156 1119 debebat.

185 1133 229 1163 Et
263 1132 486 1173 promissionis
518 1136 667 1171 respectu
700 1131 788 1162 Deus
822 1141 913 1162 suam
945 1133 1046 1168 vocat,
1081 1131 1156 1170 quia

188 1185 348 1216 nusquam
384 1175 509 1206 stabilis
539 1184 588 1205 est
616 1173 709 1205 nobis
737 1174 837 1211 sedes,
869 1174 931 1205 nisi
960 1173 1013 1205 ubi
1045 1183 1157 1204 sumus

186 1218 255 1249 eius
284 1228 383 1249 manu
407 1217 560 1249 collocati.
606 1217 662 1248 Ius
686 1222 793 1248 autem
817 1221 924 1248 certae
948 1216 1158 1257 possessionis

185 1261 221 1291 in
249 1271 286 1291 eo
315 1261 484 1291 fundatum
509 1264 586 1297 erat,
618 1259 702 1299 quod
727 1259 878 1290 Abrahae
901 1259 1028 1290 dixerat
1051 1259 1156 1290 Deus:

187 1302 312 1335 Semini
344 1308 399 1334 tuo
431 1303 511 1334 dabo
541 1307 661 1334 terram
692 1302 785 1333 hanc.
832 1301 926 1341 Quod
951 1302 1039 1333 Deus
1062 1302 1157 1339 iurat,

187 1355 224 1377 co
247 1346 365 1377 clarius
386 1350 417 1377 et
436 1345 662 1377 vehementius
686 1345 879 1385 exprimitur
903 1346 1053 1377 atrocitas
1072 1344 1157 1376 mali.

186 1388 248 1420 Est
271 1389 357 1420 enim
381 1389 508 1429 signum
532 1388 599 1419 irae
622 1389 724 1428 magis
748 1387 977 1420 inflammatae.

273 1431 311 1463 Si
340 1432 516 1472 ingressuri
542 1431 612 1463 sint.
658 1430 813 1462 Formula
844 1436 890 1461 est
921 1431 1095 1462 iuramenti
1124 1431 1156 1462 in

186 1484 249 1515 qua
279 1474 398 1515 aliquid
428 1473 686 1506 subaudiendum
716 1478 778 1505 est:
812 1475 849 1504 ut
878 1473 1075 1514 imprecatio,
1104 1474 1156 1505 vel

187 1517 307 1557 aliquid
331 1517 437 1548 simile
460 1527 557 1557 quum
580 1516 726 1548 homines
749 1516 942 1556 loquuntur:
971 1516 1025 1548 ubi
1049 1522 1156 1548 autem

187 1560 330 1600 loquitur
354 1560 443 1591 Deus
465 1561 541 1600 ipse,
565 1559 699 1600 perinde
722 1559 808 1591 valet
831 1569 868 1591 ac
891 1560 917 1590 si
941 1559 1077 1591 diceret:
1108 1559 1157 1591 Ne

187 1603 354 1634 existimer
384 1613 491 1641 verax,
526 1608 582 1633 aut
608 1602 699 1633 nulla
726 1601 860 1643 posthac
890 1602 969 1633 fides
1000 1602 1158 1634 habeatur

186 1645 277 1684 mihi,
300 1645 363 1676 nisi
382 1646 428 1676 ita
444 1646 496 1677 sit.
534 1645 704 1676 Defectiva
720 1650 829 1676 tamen
846 1645 993 1685 loquutio
1010 1646 1157 1677 timorem

188 1692 221 1720 et
249 1689 465 1720 reverentiam
493 1688 709 1720 commendat:
737 1698 778 1719 ne
807 1693 928 1719 temere
952 1689 1158 1729 prosiliamus

186 1731 226 1762 ad
254 1731 444 1770 iurandum,
477 1731 745 1772 quemadmodum
776 1730 868 1762 multi
897 1731 1073 1762 horrendas
1104 1742 1157 1763 ex-

186 1775 384 1806 secrationes
418 1774 554 1805 subinde
585 1774 710 1805 effutire
741 1773 855 1804 solent.
908 1773 972 1806 Sed
1001 1774 1088 1814 quod
1117 1774 1158 1805 ad

186 1822 390 1856 praesentem
414 1817 519 1848 locum
542 1817 670 1857 attinet,
700 1827 763 1848 non
788 1816 940 1848 debemus
963 1818 1158 1856 existimare,

186 1865 263 1891 tunc
286 1861 426 1900 primum
442 1859 506 1891 Dei
524 1859 730 1891 iureiurando
748 1859 845 1891 fuisse
862 1859 1002 1892 deiectos
1018 1871 1036 1891 a
1053 1865 1158 1891 terrae

185 1902 334 1943 ingressu
369 1912 469 1942 quum
499 1913 571 1934 eum
602 1907 780 1934 tentassent
808 1903 842 1933 in
874 1902 1062 1942 Raphidim.
1094 1904 1157 1934 iam

186 1945 289 1976 multo
321 1949 396 1976 ante
426 1945 549 1977 exclusi
572 1946 717 1977 fuerant:
748 1956 788 1977 ex
812 1955 873 1985 quo
895 1946 1018 1978 scilicet
1040 1946 1158 1978 auditis

186 1989 444 2028 exploratoribus
475 1988 562 2020 ultra
590 1988 739 2029 progredi
768 1988 1039 2021 detrectaverant.
1084 1988 1158 2020 Non

186 2041 264 2072 ergo
290 2031 435 2072 assignat
457 2031 510 2063 hic
535 2032 623 2063 Deus
646 2031 827 2071 tentationi,
858 2037 1012 2072 tanquam
1036 2032 1159 2072 primae

186 2083 311 2115 causae,
335 2074 557 2114 depulsionem
580 2084 598 2105 a
621 2080 722 2106 terra:
754 2074 810 2105 sed
833 2075 923 2106 nulla
945 2075 1158 2115 castigatione

186 2116 227 2148 ad
251 2126 363 2149 sanam
388 2119 531 2149 mentem
553 2118 698 2150 revocari
723 2117 865 2157 potuisse
883 2118 1055 2158 significat,
1078 2118 1157 2158 quin

186 2159 309 2200 priores
338 2160 480 2193 offensas
508 2160 600 2192 novis
628 2160 765 2192 subinde
791 2160 1004 2192 cumularent.
1049 2163 1157 2201 Atque

185 2203 232 2234 ita
267 2203 475 2244 dignissimos
512 2203 609 2235 fuisse
646 2203 788 2235 ostendit
828 2213 907 2244 quos
944 2208 1011 2235 tam
1045 2214 1158 2236 severe

186 2245 372 2284 mulctaret,
406 2246 482 2287 quia
512 2256 578 2278 non
610 2246 807 2279 cessaverint
840 2246 921 2278 iram
957 2247 1024 2278 eius
1059 2247 1158 2279 variis

188 2289 326 2328 peccatis
355 2289 459 2330 magis
487 2299 524 2322 ac
554 2299 688 2330 augere:
718 2299 754 2321 ac
781 2289 809 2321 si
832 2289 968 2321 diceret:
997 2289 1087 2321 Haec
1110 2293 1159 2321 est

187 2332 351 2370 generatio
373 2333 424 2364 cui
447 2332 567 2373 negavi
590 2333 766 2373 promissae
790 2337 895 2364 terrae
914 2333 1158 2372 possessionem,

187 2383 267 2413 quae
293 2385 351 2415 per
374 2380 456 2406 totos
480 2378 592 2416 postea
615 2375 829 2416 quadraginta
853 2386 955 2407 annos
977 2375 1159 2407 innumeris

189 2418 325 2456 peccatis
347 2417 542 2449 obstinatam
565 2428 657 2449 suam
680 2419 853 2449 amentiam
877 2418 1025 2459 prodidit.

274 2459 322 2491 12.
358 2459 463 2492 Videte
484 2460 600 2500 fratres
621 2471 658 2492 ne
679 2460 843 2501 quando.¹)
890 2460 1032 2492 Retinere
1060 2461 1160 2493 malui

189 2501 268 2540 quod
295 2502 335 2533 ad
363 2503 488 2534 verbum
510 2504 619 2543 posuit
648 2503 813 2544 apostolus,
843 2513 937 2543 quam
953 2503 1161 2543 periphrasin

190 2553 354 2585 accersere,
391 2555 496 2585 nempe
527 2556 590 2578 cor
621 2556 792 2586 pravum
830 2546 1159 2578 incredulitatis.-

189 2596 254 2627 quo
283 2587 445 2627 significat
474 2588 677 2620 coniunctam
700 2599 774 2621 cum
797 2590 959 2630 pravitate
983 2595 1012 2621 et
1036 2589 1160 2621 malitia

275 2680 296 2712 ¹)
314 2678 356 2705 Ad
373 2679 481 2706 verbum
500 2681 555 2706 est:
574 2688 619 2707 cor
636 2689 745 2715 pravum
763 2681 935 2709 infidelitatis.

1212 320 1277 352 fore
1304 319 1578 357 incredulitatem,
1613 320 1639 350 si
1668 324 1818 360 percepto
1845 319 1968 351 Christi
2007 321 2105 360 gustu
2141 321 2180 352 ab

1211 364 1279 395 eius
1301 362 1363 394 fide
1386 362 1561 394 discedant.
1599 362 1664 393 Eos
1687 362 1773 393 enim
1797 362 1970 402 alloquitur
1994 363 2047 402 qui
2066 362 2179 394 imbuti

1210 409 1303 437 erant
1325 405 1569 437 Christianismi
1600 404 1800 436 rudimentis.
1845 405 1922 436 Ideo
1947 415 2019 436 mox
2043 406 2180 444 subiicit,

1211 448 1472 479 deficiendo:
1504 458 1579 478 nam
1604 446 1789 479 defectionis
1813 449 1933 480 crimen
1959 447 2092 488 perfidia
2115 458 2178 479 non

1209 496 1305 521 caret.
1363 490 1556 522 Remedium
1595 500 1721 531 quoque
1759 490 1819 522 hoc
1858 501 1926 521 esse
1963 491 2104 522 ostendit
2141 502 2180 522 ne

1210 532 1359 564 labantur
1382 534 1414 564 in
1439 533 1521 565 hanc
1544 534 1753 573 pravitatem:
1778 537 1814 564 ut
1829 533 1949 565 scilicet
1965 533 2180 565 exhortentur

1210 586 1243 606 se
1272 580 1392 607 mutuo.
1438 576 1522 607 Nam
1554 581 1589 607 ut
1620 581 1736 607 natura
1766 585 1878 607 sumus
1902 576 1941 606 ad
1965 577 2085 607 malum
2110 587 2181 617 pro-

1210 618 1319 656 clives,
1342 628 1423 659 opus
1446 618 1600 650 habemus
1624 618 1724 650 variis
1748 618 1953 650 adminiculis
1974 629 2056 658 quae
2073 629 2130 650 nos
2146 619 2179 650 in

1211 659 1273 690 Dei
1303 661 1416 692 timore
1445 661 1616 692 retineant.
1662 661 1732 692 Nisi
1762 661 1899 692 subinde
1930 661 2071 701 erigatur
2102 661 2180 693 fides

1211 707 1331 741 nostra,
1348 704 1444 734 iacet:
1470 704 1530 734 nisi
1547 704 1682 744 calefiat,
1699 704 1911 744 congelascit:
1932 704 1992 734 nisi
2010 704 2180 741 excitetur,

1212 749 1325 784 torpet.
1366 746 1445 776 Vult
1468 756 1544 786 ergo
1562 751 1596 777 ut
1615 757 1648 778 se
1664 749 1786 778 mutuis
1802 746 2038 778 hortationibus
2055 752 2180 785 acuant,

1212 797 1251 819 ne
1280 787 1311 818 in
1340 798 1449 818 eorum
1479 788 1575 819 corda
1598 789 1732 829 obrepat
1756 789 1868 828 Satan,
1898 794 1930 820 et
1953 789 2021 820 suis
2045 789 2181 820 fallaciis

1211 840 1230 861 a
1252 829 1324 861 Deo
1351 830 1498 861 abducat.
1544 830 1635 869 Quae
1664 833 1745 863 ratio
1775 831 1925 872 loquendi
1957 831 2099 863 notanda
2122 837 2180 863 cst.

1211 873 1326 912 Neque
1356 872 1441 904 enim
1470 872 1573 912 primo
1602 874 1710 904 statim
1739 875 1861 914 impetu
1890 875 2014 906 ruimus
2038 875 2070 905 in
2094 874 2181 906 hunc

1212 916 1353 947 furorem
1388 921 1423 946 ut
1452 915 1523 946 Deo
1557 915 1766 947 reluctemur:
1802 917 1857 948 sed
1892 917 2028 957 obliquis
2058 917 2181 948 artibus

1211 959 1330 990 sensim
1354 968 1411 989 nos
1435 958 1581 989 adoritur
1604 958 1716 996 Satan,
1741 959 1839 991 donec
1863 960 2005 991 irretitos
2031 960 2099 991 suis
2121 960 2180 990 im·

1211 1001 1350 1041 posturis
1372 1004 1488 1032 teneat.
1529 1001 1611 1031 Tum
1630 1011 1706 1032 vero
1729 1003 1899 1039 excaecati,
1923 1003 1956 1033 in
1976 1003 2181 1034 manifestam

1210 1044 1415 1075 rebellionem
1440 1044 1649 1083 erumpimus.
1691 1044 1779 1084 Ergo
1801 1050 1926 1075 mature
1949 1045 2181 1077 occurrendum

1210 1092 1268 1118 est.
1325 1087 1368 1118 Et
1401 1086 1549 1118 omnibus
1583 1086 1729 1117 imminet
1761 1087 1956 1126 periculum:
1991 1088 2065 1127 quia
2100 1087 2181 1119 nibil

1210 1130 1334 1161 facilius
1351 1135 1398 1161 est
1415 1140 1508 1170 quam
1527 1129 1640 1169 decipi.
1675 1130 1776 1168 Atqui
1792 1140 1833 1160 ex
1850 1130 2034 1170 deceptione
2051 1130 2180 1161 demum

1211 1174 1353 1204 nascitur
1384 1172 1488 1204 cordis
1517 1171 1662 1204 durities.
1707 1171 1795 1202 Hinc
1824 1172 1971 1203 videmus
2002 1183 2096 1213 quam
2126 1184 2181 1204 ne-

1211 1216 1384 1248 cessarium
1416 1215 1506 1246 nobis
1532 1216 1575 1246 sit
1597 1214 1735 1246 assiduis
1758 1215 2020 1246 exhortationum
2044 1215 2181 1246 stimulis

1211 1259 1348 1290 incitari.
1389 1258 1457 1290 Nec
1480 1262 1607 1289 tantum
1626 1258 1660 1289 in
1680 1259 1870 1289 universum
1887 1258 2040 1298 praecipit
2057 1264 2182 1298 aposto-

1212 1302 1261 1333 lus
1290 1306 1326 1332 ut
1356 1301 1416 1333 sibi
1446 1311 1557 1332 omnes
1585 1303 1734 1332 caveant:
1763 1300 1818 1331 sed
1843 1301 1911 1331 vult
1939 1301 1985 1331 ita
2014 1300 2052 1331 de
2080 1301 2181 1332 salute

1211 1345 1364 1384 cuiusque
1380 1344 1516 1375 membri
1533 1354 1601 1375 esse
1625 1343 1788 1381 sollicitos,
1813 1353 1852 1375 ne
1869 1353 1963 1383 quem
1987 1342 2118 1374 omnino
2142 1354 2182 1374 ex

1211 1388 1259 1425 iis,
1290 1388 1343 1427 qui
1360 1387 1459 1418 semel
1483 1387 1589 1419 vocati
1620 1386 1752 1424 fuerint,
1774 1396 1834 1417 sua
1857 1385 2055 1426 negligentia
2079 1386 2181 1426 perire

1211 1431 1330 1462 sinant.
1382 1430 1490 1469 Atque
1520 1430 1553 1460 in
1583 1439 1620 1460 eo
1653 1429 1726 1461 boni
1756 1429 1894 1470 pastoris
1925 1429 2067 1460 officium
2098 1429 2182 1467 facit,

1212 1473 1266 1514 qui
1296 1474 1342 1504 ita
1369 1472 1528 1504 excubare
1558 1481 1617 1512 pro
1645 1473 1745 1504 totius
1771 1472 1881 1513 gregis
1904 1472 2007 1503 salute
2031 1471 2125 1503 debet
2148 1477 2183 1502 ut

1211 1516 1333 1548 nullam
1357 1526 1450 1548 ovem
1475 1515 1627 1556 negligat.

1299 1559 1346 1590 13.
1374 1559 1531 1598 Quamdiu
1560 1560 1691 1589 vocatur.
1737 1557 1807 1588 Iam
1838 1557 1989 1598 proprius
2020 1557 2060 1588 ad
2087 1567 2182 1588 suum

1211 1602 1396 1633 institutum
1425 1601 1619 1632 sententiam
1652 1600 1788 1632 Davidis
1818 1600 2046 1632 accommodat.
2098 1599 2182 1631 Nam

1210 1645 1289 1676 illud
1312 1644 1404 1676 hodie
1427 1644 1519 1675 cuius
1541 1643 1663 1674 mentio
1686 1644 1723 1674 fit
1742 1644 1774 1674 in
1794 1643 1927 1683 psalmo,
1950 1643 2101 1674 admonet
2117 1653 2182 1673 non

1211 1688 1326 1719 debere
1351 1687 1390 1718 ad
1414 1686 1577 1718 saeculum
1594 1685 1731 1717 Davidis
1751 1686 1921 1726 restringi:
1943 1686 1998 1717 sed
2016 1685 2182 1726 complecti

1212 1736 1316 1762 totum
1340 1736 1467 1770 tempus
1490 1739 1551 1770 quo
1575 1739 1632 1760 nos
1651 1728 1742 1760 Deus
1766 1728 1948 1768 compellat.
1995 1728 2083 1769 Ergo
2106 1738 2181 1768 quo-

1211 1775 1271 1805 ties
1301 1778 1334 1805 et
1356 1772 1509 1813 quamdiu
1532 1782 1660 1804 sacrum
1684 1781 1719 1802 os
1743 1772 1845 1811 aperit
1868 1771 1907 1802 ad
1932 1782 1991 1802 nos
2013 1770 2181 1807 docendos,

1211 1817 1322 1849 veniat
1344 1816 1430 1847 istud
1454 1816 1487 1846 in
1511 1819 1662 1851 mentem,
1686 1813 1782 1845 hodie
1804 1814 1831 1845 si
1848 1823 1958 1846 vocem
1982 1814 2051 1844 eius
2074 1812 2182 1844 audie-

1211 1861 1291 1891 ritis.
1330 1859 1451 1890 Eadem
1468 1859 1592 1889 ratione
1608 1857 1739 1894 Paulus,
1756 1867 1855 1897 quum
1872 1857 1963 1888 nobis
1979 1855 2183 1897 praedicatur

1211 1902 1426 1942 evangelium,
1456 1906 1583 1940 tempus
1611 1910 1681 1931 esse
1711 1900 1791 1930 illud
1815 1904 1983 1939 acceptum
2006 1898 2098 1930 docet
2120 1909 2183 1938 quo

1211 1956 1270 1977 nos
1304 1945 1395 1976 Deus
1428 1944 1575 1981 exaudit,
1613 1949 1645 1974 et
1679 1943 1762 1974 diem
1797 1943 1910 1974 salutis
1944 1952 2006 1982 quo
2039 1940 2182 1972 adiuvat.

1210 1989 1312 2020 Porro
1342 1987 1402 2019 hac
1432 1986 1671 2027 opportunitate
1701 1985 1860 2017 utendum
1887 1989 1950 2016 est:
1978 1985 2055 2024 quia
2077 1984 2103 2015 si
2127 1994 2184 2024 per

1210 2036 1355 2062 nostram
1392 2029 1571 2061 socordiam
1608 2028 1691 2060 elabi
1729 2029 1815 2069 passi
1853 2029 2023 2064 fuerimus,
2061 2026 2184 2058 frustra

1211 2077 1321 2115 postea
1338 2072 1575 2113 deplorabimus
1591 2071 1741 2103 ablatam.
1775 2070 2056 2110 Quemadmodum
2073 2069 2184 2101 Chris-

1211 2123 1263 2148 tus
1297 2116 1374 2148 dicit
1406 2115 1532 2157 (Iohan.
1569 2114 1618 2154 12,
1652 2114 1721 2156 35),
1759 2114 1934 2146 Ambulate
1968 2112 2045 2144 dum
2079 2112 2184 2143 lucem

1211 2160 1349 2191 habetis:
1374 2158 1481 2191 veniet
1505 2158 1595 2190 brevi
1617 2167 1692 2189 nox.
1731 2157 1819 2198 Ergo
1843 2156 2000 2197 particula
2019 2154 2183 2195 quamdiu,

1211 2202 1393 2234 subindicat
1433 2211 1499 2232 non
1538 2210 1666 2240 semper
1700 2200 1767 2232 fore
1801 2198 2003 2231 commodum
2038 2199 2065 2229 si
2099 2198 2185 2238 pigri

1212 2246 1365 2277 fuerimus
1397 2244 1437 2275 ad
1468 2243 1666 2284 sequendum
1696 2243 1750 2274 ubi
1773 2242 1934 2274 Dominus
1959 2252 2017 2273 nos
2041 2241 2184 2272 vocabat.

1212 2288 1328 2320 Pulsat
1361 2297 1447 2318 nunc
1476 2286 1567 2318 Deus
1601 2286 1642 2318 ad
1675 2286 1794 2317 ostium
1826 2291 1983 2316 nostrum.
2036 2283 2106 2315 Nisi
2137 2282 2183 2313 illi

1212 2332 1403 2372 aperiamus,
1434 2330 1492 2360 fiet
1519 2334 1555 2361 ut
1578 2329 1720 2361 vicissim
1751 2328 1845 2369 regni
1868 2329 1918 2360 sui
1941 2328 2068 2358 ianuam
2092 2325 2183 2357 nobis

1213 2374 1350 2406 claudat.
1389 2373 1538 2413 Denique
1561 2372 1625 2403 seri
1643 2376 1741 2403 erunt
1759 2381 1870 2402 eorum
1894 2371 2042 2411 gemitus,
2062 2369 2114 2409 qui
2131 2368 2185 2399 ob·

1212 2417 1311 2449 latam
1342 2415 1436 2447 hodie
1466 2415 1605 2456 gratiam
1635 2419 1856 2447 contemnunt.
1903 2414 1991 2454 Ergo
2016 2412 2089 2453 quia
2113 2421 2184 2442 nes-

1212 2461 1315 2493 cimus
1338 2468 1380 2490 an
1396 2458 1485 2490 Deus
1507 2458 1541 2488 in
1564 2458 1741 2489 crastinum
1764 2467 1866 2497 usque
1885 2455 2075 2497 protendere
2091 2463 2184 2485 voca-

1213 2504 1333 2535 tionem
1363 2511 1456 2533 suam
1490 2500 1584 2541 velit,
1618 2510 1659 2531 ne
1691 2499 1888 2531 differamus.
1943 2498 2048 2530 Hodie
2079 2502 2183 2534 vocat,

1212 2544 1452 2586 quamprimum
1475 2542 1736 2584 respondeamus.
1781 2542 1894 2582 Neque
1924 2542 2010 2573 enim
2034 2539 2113 2571 fides
2136 2544 2184 2569 est

1213 2590 1275 2620 nisi
1299 2588 1352 2620 ubi
1375 2587 1450 2618 talis
1474 2596 1522 2618 est
1545 2586 1586 2618 ad
1609 2585 1851 2625 obsequendum
1875 2583 2103 2626 promptitudo

1301 2672 1350 2705 14.
1376 2672 1551 2712 Participes
1572 2671 1652 2703 enim
1673 2670 1750 2711 facti
1772 2679 1880 2702 sumus
1906 2669 2042 2701 Christi:
2063 2667 2092 2698 si
2114 2666 2181 2705 qui-
