2513 3126
153 224 216 255 473

155 322 281 355 Sensus
317 327 424 355 autem
462 326 528 362 est,
564 331 626 363 quo
660 320 793 362 propius
827 330 885 361 per
918 320 1124 360 evangelium

154 366 249 397 offert
270 376 304 397 se
320 365 411 398 Deus
433 365 564 404 mundo,
587 366 620 396 et
642 363 682 395 ad
705 373 843 404 regnum
860 373 954 395 suum
977 363 1126 395 homines

154 408 282 446 invitat,
313 408 459 440 futurum
489 409 586 440 etiam
616 410 729 438 contra
759 410 797 437 ut
826 406 952 446 profani
977 405 1126 437 homines

155 461 316 483 venenum
345 451 521 492 impietatis
542 459 620 481 suae
642 448 797 481 audacius
821 450 983 481 evomant.
1028 448 1124 480 Illu-

154 504 271 526 sores
303 497 397 526 vocat
429 491 595 526 communi
628 492 809 532 scripturae
843 502 944 530 more,
980 491 1034 532 qui
1062 490 1125 523 Dei

154 539 342 577 contemptu
374 540 406 568 et
442 534 598 576 sacrilega
634 533 786 574 superbia
823 534 983 575 ingeniosi
1020 533 1125 566 videri

155 583 321 619 appetunt.
365 578 436 610 Hoc
464 586 559 617 porro
589 577 751 609 malorum
774 580 823 609 est
845 581 1040 617 extremum,
1071 576 1124 608 ubi

153 621 301 653 homines
325 620 528 653 tremendum
547 619 610 652 Dei
633 630 755 652 numen
778 620 889 652 sannis
913 619 1043 651 eludere
1065 619 1125 650 sibi

153 665 354 705 permittunt.
387 663 438 694 Ita
458 662 599 702 loquitur
615 663 738 703 primus
755 662 899 702 psalmus
915 662 954 694 de
969 662 1124 694 cathedra

154 706 341 739 derisorum.
392 705 448 737 Sic
477 705 585 737 David
616 705 701 738 Psal.
726 705 798 746 119,
829 705 880 742 51,
915 705 1125 745 conqueritur

153 760 187 781 se
210 749 309 781 fuisse
331 758 350 780 a
369 747 516 788 superbis
533 747 685 789 derisum,
707 749 783 788 quia
802 748 866 789 legi
882 748 945 779 Dei
965 747 1122 780 studebat.

153 792 208 824 Sic
231 790 350 823 Iesaias
379 791 483 830 capite
506 791 557 830 28,
591 790 645 823 ubi
675 801 787 823 eorum
818 791 894 822 facit
917 791 1124 830 mentionem,

152 835 299 875 supinam
332 844 443 864 eorum
474 834 681 865 securitatem
712 845 776 865 una
806 844 879 866 cum
910 838 1042 874 stupore
1072 833 1124 865 de-

152 877 265 918 pingit.
310 876 451 908 Proinde
481 877 726 908 meminerimus
755 876 838 908 nihil
862 877 966 917 magis
990 886 1060 908 esse
1083 876 1123 907 ti-

150 919 314 956 mendum,
349 929 444 959 quam
475 919 535 951 hoc
559 924 722 951 certamen
746 919 785 951 ab
808 919 1003 951 illusoribus.
1049 919 1124 958 Qua

151 962 189 994 de
217 972 251 993 re
285 961 408 1002 aliquid
439 961 581 994 diximus
611 962 650 993 ad
675 962 809 994 Galatas
832 962 938 1003 capite
961 962 991 994 3.
1037 961 1124 1001 Quia

149 1009 257 1036 tamen
280 1004 415 1045 spiritus
438 1010 569 1036 sanctus
592 1009 746 1036 venturos
770 1005 939 1046 praedixit,
972 1008 1002 1036 et
1026 1004 1123 1037 simul

148 1047 300 1088 clypeum
332 1047 367 1078 in
402 1057 518 1079 manus
548 1048 694 1089 porrexit
724 1058 786 1088 quo
815 1048 973 1089 possimus
995 1058 1050 1079 eos
1073 1058 1122 1079 re-

148 1089 277 1121 fellere:
312 1090 402 1121 nulla
432 1090 524 1122 nobis
551 1091 715 1122 excusatio
739 1095 788 1122 est
811 1091 890 1131 quin
914 1095 1037 1122 stemus
1060 1090 1122 1122 for-

152 1132 238 1171 titer,
262 1133 415 1173 quidquid
438 1133 509 1165 illos
525 1133 712 1165 'machinari
735 1134 912 1174 contingat.

239 1176 269 1208 4.
293 1175 352 1208 Ubi
367 1179 410 1208 est
426 1176 604 1216 promissio.
638 1176 729 1208 Haec
745 1182 793 1208 est
810 1175 991 1216 periculosa
1006 1175 1123 1214 illusio,

153 1227 253 1258 quum
277 1218 510 1250 dubitationem
533 1219 684 1251 iniiciunt
710 1219 844 1251 ultimae
866 1219 1124 1258 resurrectionis,

153 1271 216 1301 qua
238 1261 365 1293 sublata
388 1261 513 1293 nullum
537 1262 678 1303 amplius
701 1266 750 1293 est
772 1261 991 1303 evangelium,
1014 1263 1123 1293 exina-

152 1304 221 1335 nita
254 1308 303 1336 est
332 1304 456 1336 Christi
486 1305 607 1346 virtus,
639 1305 736 1345 periit
768 1309 835 1336 tota
864 1304 988 1344 religio.
1035 1305 1123 1345 Ergo

151 1346 303 1379 ecclesiae
325 1347 473 1388 iugulum
496 1352 584 1379 recta
607 1348 688 1388 petit
713 1347 825 1385 Satan,
850 1346 925 1379 dum
948 1347 1045 1378 fidem
1068 1347 1121 1379 ad-

151 1391 271 1421 ventus
301 1389 423 1422 Christi
457 1390 621 1423 convellit.
666 1390 832 1430 Quorsum
855 1391 941 1422 enim
973 1395 1121 1422 mortuus

151 1436 200 1463 est
222 1431 374 1465 Christus
397 1438 430 1465 et
452 1433 640 1471 resurrexit,
672 1433 736 1465 nisi
758 1437 793 1465 ut
816 1443 924 1465 secum
947 1433 1121 1473 aliquando

149 1485 209 1507 nos
232 1486 251 1506 a
272 1478 376 1507 morte
399 1476 580 1517 redemptos
603 1477 637 1507 in
666 1476 765 1509 vitam
784 1480 951 1508 aeternam
970 1476 1120 1517 colligat?

149 1517 314 1549 Funditus
347 1519 455 1559 itaque
490 1519 630 1551 diruitur
663 1520 779 1559 pietas,
817 1520 880 1550 nisi
913 1520 979 1551 fixa
1013 1524 1122 1550 manet

149 1561 396 1593 resurrectionis
423 1562 518 1593 fides:
552 1562 623 1593 ideo
650 1562 710 1593 hac
733 1566 825 1602 parte
856 1562 962 1593 acrius
986 1573 1043 1593 nos
1067 1572 1121 1602 op-

149 1607 273 1644 pugnat
303 1603 417 1635 Satan.
468 1604 621 1636 Notanda
648 1609 697 1637 est
731 1609 840 1636 autem
870 1605 977 1637 cavilli
1009 1605 1121 1642 forma,

149 1647 340 1678 continuum
370 1651 505 1678 naturae
535 1658 674 1686 cursum,
708 1647 812 1687 qualis
843 1648 882 1679 ab
905 1648 998 1679 initio
1021 1649 1121 1679 fluere

148 1689 238 1721 visus
262 1692 320 1726 est,
344 1690 550 1730 promissioni
566 1690 627 1722 Dei
644 1699 821 1731 opponunt,
844 1700 880 1722 ac
899 1691 927 1723 si
943 1701 995 1722 res
1012 1693 1120 1722 essent

149 1732 338 1769 contrariae,
362 1732 414 1764 vel
437 1734 546 1765 minus
568 1734 654 1764 inter
677 1744 711 1765 se
737 1737 964 1773 congruentes.
1010 1733 1119 1772 Quum

149 1773 261 1805 eadem
284 1775 380 1806 fuerit
403 1780 533 1816 patrum
557 1775 648 1814 fides,
670 1775 832 1816 inquiunt,
856 1776 938 1807 nihil
957 1781 1118 1808 mutatum

148 1816 210 1848 fuit
246 1817 286 1849 ab
320 1827 431 1849 eorum
466 1822 587 1850 morte:
624 1819 712 1859 atqui
746 1818 849 1850 multa
882 1819 958 1850 inde
991 1819 1120 1851 saecula

147 1860 353 1900 praeteriisse
375 1865 488 1892 notum
519 1866 577 1893 est.
621 1861 710 1894 Hinc
734 1862 916 1893 fabulosum
939 1872 1008 1894 esse
1031 1862 1118 1893 colli-

147 1907 238 1943 gunt,
262 1903 346 1944 quod
369 1904 408 1935 de
430 1904 544 1935 mundi
568 1904 700 1936 interitu
725 1904 858 1936 dieitur:
889 1905 963 1945 quia
986 1916 1027 1936 ex
1051 1909 1117 1936 tam

146 1945 243 1987 longa
265 1946 335 1978 eius
359 1946 530 1978 duratione
553 1952 746 1988 perpetuum
770 1948 837 1979 fore
859 1948 1045 1980 conjiciunt.

230 2031 260 2062 5.
292 2031 377 2064 Nam
406 2032 460 2065 hoc
488 2033 627 2065 nesciunt
658 2032 803 2073 volentes,
836 2034 917 2073 quod
949 2033 1022 2065 coeli
1052 2034 1118 2066 iam

143 2074 217 2106 olim
237 2074 364 2114 fuerint,
387 2078 414 2108 et
435 2078 519 2108 terra
541 2086 579 2108 esc
602 2086 686 2115 aqua
703 2078 731 2107 et
748 2086 807 2115 per
823 2086 937 2116 aquam
952 2076 1118 2108 consistens

143 2116 208 2149 Dei
236 2127 389 2150 sermone.-
440 2119 469 2151 6.
492 2129 553 2159 per
580 2129 658 2159 quae
687 2119 824 2151 mundns
853 2120 907 2159 qui
939 2122 1010 2151 tunc
1041 2122 1117 2160 erat,

144 2170 230 2199 aqua
251 2161 422 2193 inundatus
439 2163 546 2201 periit.
587 2163 617 2192 7.
645 2161 706 2201 Qui
728 2164 829 2193 autem
851 2172 933 2194 nuno
955 2164 1026 2193 sunt
1044 2163 1118 2194 coeli

144 2205 171 2234 et
200 2205 291 2241 terra,
318 2204 455 2236 eiusdem
483 2214 621 2236 sermone
642 2205 770 2244 repositi
791 2208 872 2243 sunt,
904 2207 931 2237 et
952 2208 1118 2237 servantur

144 2245 214 2286 iym'
234 2247 268 2277 in
286 2245 368 2278 diem
383 2247 495 2278 iudicii
510 2249 537 2278 et
549 2248 735 2286 perditionis
750 2248 929 2287 impiorum.
964 2248 994 2279 8.
1017 2247 1116 2280 Porro

144 2298 198 2320 nec
219 2288 272 2320 hoe
294 2299 391 2321 unum
412 2299 467 2321 vos
488 2289 590 2328 lateat,
611 2290 724 2331 dilecti,
747 2291 827 2330 qnod
850 2301 932 2322 unus
949 2291 1016 2322 (lies
1031 2291 1117 2331 apud

145 2330 318 2405 dDominum
339 2333 468 2372 perinde
489 2335 533 2364 est
555 2335 589 2364 ut
610 2333 693 2365 mille
716 2334 809 2365 anni.-
831 2336 857 2365 et
878 2333 963 2366 mille
983 2335 1060 2365 anni
1083 2337 1116 2366 ut

168 2384 212 2406 ies
234 2385 326 2407 unns.

231 2459 261 2491 5.
293 2460 378 2492 Nam
400 2460 456 2492 hoe
477 2460 625 2493 nesciunt.
670 2461 743 2494 Uno
767 2466 895 2494 tantum
920 2466 1114 2502 argumento

145 2502 263 2533 refellit
285 2503 364 2535 illud
386 2504 558 2544 impiorum
583 2503 754 2536 cavillum:
778 2516 895 2545 nempe
919 2505 1003 2544 quod
1021 2515 1113 2536 mun-

146 2544 206 2576 dus
238 2546 336 2577 semel
365 2556 522 2587 aquarum
553 2547 675 2578 diluvio
704 2547 850 2587 perierit,
880 2558 980 2588 quum
1004 2552 1113 2579 tamen

146 2587 237 2627 aquis
259 2592 430 2621 constaret.
465 2589 629 2629 Quoniam
654 2595 762 2621 autem
785 2591 864 2622 satis
888 2595 963 2621 nota
987 2595 1019 2622 et
1035 2590 1114 2622 cele-

145 2630 211 2663 bris
232 2631 366 2662 historia
389 2636 469 2671 erat,
498 2632 575 2664 dicit
604 2643 656 2664 eos
683 2633 875 2665 volentes
904 2643 1022 2671 errare,
1053 2634 1113 2666 hoc

145 2679 204 2714 est,
237 2678 362 2714 sponte.
407 2674 492 2706 Nam
526 2676 579 2716 qui
613 2687 653 2707 ex
688 2675 841 2708 diuturno
878 2676 991 2707 mundi
1025 2679 1112 2708 statu

1033 222 1183 257 CAPUT
1206 221 1268 254 111.

2086 225 2150 256 474

1177 319 1426 360 perpetuitatem
1458 319 1527 352 eius
1557 320 1729 362 colligunt,
1764 320 1872 353 oculos
1903 320 2044 361 maligne
2066 320 2151 352 clau-

1178 363 1275 399 dunt,
1314 373 1355 394 ne
1391 366 1457 394 tam
1495 363 1672 395 dilucidum
1710 363 1864 395 iudicium
1904 362 1967 395 Dei
2005 368 2150 396 cernant.

1177 405 1322 437 Mundus
1345 409 1433 438 certe
1446 416 1486 436 ex
1509 406 1602 446 aquis
1623 405 1720 438 habet
1737 406 1911 447 originem:
1936 406 2035 438 chaos
2051 407 2150 446 enim,

1178 459 1218 479 ex
1252 459 1316 488 quo
1349 447 1506 488 producta
1539 454 1587 480 est
1620 453 1724 488 terra,
1757 449 1890 489 Moyses
1920 451 2012 480 vocat
2040 459 2151 489 aquas.

1178 490 1306 522 Deinde
1329 491 1369 522 ab
1393 491 1485 531 aquis
1503 491 1742 522 sustinebatur:
1767 492 1860 531 aquis
1884 495 1994 523 tamen
2017 491 2057 523 ad
2074 501 2150 523 eum

1177 533 1379 574 perdendum
1412 544 1492 565 usus
1518 538 1566 566 est
1590 533 1762 565 Dominus.
1809 534 1902 565 Unde
1926 539 2059 574 apparet
2082 534 2149 566 vim

1177 580 1313 608 naturae
1336 576 1415 608 adeo
1438 587 1505 608 non
1535 577 1683 608 sufficere
1710 575 1848 608 fovendo
1871 581 1902 607 et
1924 577 2149 609 conservando

1177 619 1310 659 mundo,
1341 624 1377 650 ut
1407 619 1512 660 potius
1539 619 1664 651 inclusa
1686 619 1727 651 sit
1750 619 1816 650 illic
1839 618 1991 651 interitus
2013 621 2150 651 materia

1177 662 1303 701 quoties
1336 662 1380 693 ita
1414 662 1554 694 Domino
1589 662 1697 694 visum
1732 661 1839 693 fuerit.
1894 660 2029 702 Semper
2063 664 2148 694 enim

1176 703 1238 735 hoc
1260 705 1479 744 reputandum
1503 709 1561 746 est,
1584 705 1742 736 mundum
1766 714 1831 735 non
1855 703 1918 735 alia
1934 704 2052 736 virtute
2076 715 2148 746 pro-

1176 747 1246 787 prie
1277 748 1453 779 consistere
1490 758 1587 788 quam
1619 748 1710 779 verbi
1750 747 1830 779 Dei:
1866 757 1903 779 ac
1937 746 2070 787 proinde
2100 748 2149 779 in-

1177 789 1310 821 feriores
1339 799 1453 821 causas
1483 791 1558 822 inde
1588 790 1655 822 vim
1683 801 1776 822 suam
1807 790 1964 821 mutuari:
2000 794 2032 821 et
2055 794 2149 830 prout

1176 836 1332 873 aguntur,
1364 832 1483 864 habere
1514 834 1660 865 diversos
1691 833 1837 865 affectus.
1882 832 1931 864 Ita
1953 842 2011 872 per
2034 843 2149 872 aquam

1175 875 1315 907 mundus
1343 875 1528 907 constabat:
1563 876 1620 907 sed
1651 885 1734 916 aqua
1764 886 1821 916 per
1851 886 1885 907 se
1908 874 1989 906 nihil
2013 879 2149 915 poterat,

1175 918 1253 958 quin
1287 919 1396 959 potius
1426 919 1558 950 suberat
1586 919 1650 950 Dei
1678 917 1793 956 verbo,
1827 922 1983 958 tanquam
2012 918 2149 950 inferius

1176 971 1345 1001 organum.
1390 960 1477 1002 Ergo
1508 961 1605 993 simul
1630 971 1666 993 ac
1688 961 1760 992 Deo
1788 961 1910 1001 placuit
1933 965 2055 992 terram
2078 970 2149 1001 per-

1176 1004 1266 1041 dere,
1301 1003 1414 1035 eadem
1446 1014 1528 1045 aqua
1559 1004 1599 1036 ad
1630 1004 1830 1036 mortiferam
1854 1003 2064 1035 undationem
2094 1003 2150 1035 ob-

1175 1047 1322 1087 sequium
1346 1058 1441 1078 suum
1465 1048 1637 1087 praestitit.
1672 1047 1767 1078 Nunc
1783 1047 1929 1079 videmus
1948 1051 2148 1087 quantopere

1176 1094 1285 1121 errent
1315 1090 1370 1130 qui
1401 1089 1582 1122 subsistunt
1613 1091 1647 1121 in
1672 1089 1768 1121 nudis
1792 1089 1969 1128 elementis,
2000 1090 2091 1130 quasi
2113 1089 2149 1121 in

1176 1132 1254 1172 ipsis
1284 1132 1348 1164 sita
1378 1138 1462 1164 esset
1491 1134 1698 1173 perpetuitas,
1730 1143 1766 1165 ac
1797 1143 1862 1164 non
1893 1132 1999 1172 potius
2021 1132 2061 1163 ad
2085 1131 2148 1163 Dei

1175 1180 1290 1206 nutum
1324 1175 1476 1207 flexibilis
1510 1182 1593 1208 esset
1625 1186 1736 1208 eorum
1767 1181 1893 1207 natura.
1945 1174 2008 1206 His
2038 1175 2149 1215 paucis

1177 1218 1285 1250 verbis
1319 1217 1446 1250 abunde
1477 1219 1638 1250 refutatur
1668 1229 1778 1250 eorum
1813 1217 1993 1259 petulantia
2023 1218 2077 1258 qni
2107 1217 2148 1249 ad

1176 1261 1283 1293 Deum
1306 1261 1561 1302 oppugnandum
1586 1262 1731 1303 physicis
1754 1261 1933 1293 rationibus
1954 1270 1988 1291 se
2007 1264 2147 1292 armant.

1175 1304 1324 1335 Historia
1354 1305 1441 1336 enim
1472 1304 1585 1336 diluvii
1616 1305 1760 1345 locuples
1790 1309 1839 1336 est
1861 1303 1962 1341 testis,
1993 1303 2060 1334 solo
2084 1303 2148 1335 Dei

1175 1347 1311 1387 imperio
1344 1347 1520 1388 gubernari
1553 1352 1657 1379 totum
1695 1352 1830 1379 naturae
1863 1346 2020 1378 ordinem.
2076 1346 2147 1378 Hoc

1176 1394 1286 1421 tamen
1322 1389 1453 1422 videtur
1488 1391 1680 1428 absurdum,
1718 1390 1801 1431 quod
1840 1389 1916 1420 dicit
1952 1388 2147 1420 mundum

1175 1433 1308 1473 periisse
1342 1433 1478 1471 diluvio,
1514 1443 1612 1473 quum
1647 1434 1736 1474 prius
1770 1432 1971 1464 meminisset
2004 1431 2085 1463 coeli
2116 1436 2147 1464 et

1175 1481 1291 1507 terrae.
1328 1475 1535 1517 Respondeo,
1557 1477 1681 1508 coelum
1705 1481 1782 1508 tunc
1805 1485 1930 1516 quoque
1953 1474 2052 1505 fuisse
2074 1475 2147 1507 sub-

1174 1528 1328 1556 mersum,
1353 1518 1413 1551 hoc
1436 1524 1495 1558 est,
1518 1520 1683 1560 regionem
1702 1519 1787 1551 aeris
1802 1528 1884 1559 quae
1901 1518 1986 1548 inter
2003 1516 2146 1557 duplices

1174 1571 1273 1601 aquas
1296 1571 1398 1593 vacua
1421 1566 1520 1602 patet.
1544 1562 1629 1594 Nam
1653 1562 1817 1594 distinctio
1840 1561 1905 1598 illa,
1930 1561 2020 1591 cuius
2037 1560 2146 1592 Moses

1174 1604 1333 1643 meminit,
1363 1606 1498 1637 confusa
1528 1610 1610 1644 erat,
1641 1610 1672 1637 et
1702 1605 1782 1637 coeli
1812 1614 1928 1636 nomen
1959 1602 2019 1634 hoc
2049 1614 2146 1635 sensu

1173 1657 1268 1687 saepe
1292 1648 1456 1687 accipitur.
1504 1647 1539 1680 Si
1563 1648 1634 1688 quis
1657 1648 1751 1689 plura
1775 1647 1946 1686 desideret,
1969 1645 2055 1686 legat
2078 1647 2145 1677 Au-

1172 1690 1340 1730 gustinum
1364 1690 1445 1722 libro
1468 1691 1507 1722 de
1530 1691 1671 1723 Civitate
1694 1691 1756 1723 Dei
1779 1691 1830 1722 20.

1259 1733 1287 1764 7.
1321 1733 1382 1773 Qui
1412 1736 1513 1766 autem
1535 1744 1618 1766 nuno
1639 1737 1711 1766 sunt
1733 1734 1815 1766 coeli.
1860 1732 1932 1764 Hoc
1955 1740 2022 1762 non
2045 1731 2146 1763 infert

1173 1779 1325 1815 tanquam
1360 1786 1570 1817 consequens.
1624 1777 1740 1817 Neque
1777 1776 1865 1808 enim
1903 1774 1990 1806 aliud
2024 1774 2085 1805 fuit
2114 1775 2145 1806 ei

1171 1819 1370 1858 propositum
1401 1829 1497 1860 quam
1521 1820 1717 1852 derisoribus
1740 1819 1903 1860 argutiam
1926 1821 2079 1848 excutere
2105 1817 2144 1849 de

1172 1866 1326 1901 perpetuo
1349 1866 1485 1894 naturae
1508 1866 1612 1894 statu:
1646 1862 1759 1903 quales
1783 1861 1878 1893 hodie
1901 1860 2047 1893 videmus
2070 1870 2143 1900 per-

1172 1905 1302 1943 multos,
1325 1905 1377 1945 qui
1397 1905 1513 1937 leviter
1529 1905 1672 1946 adspersi
1696 1905 1921 1946 philosophiae
1936 1903 2143 1942 rudimentis,

1171 1957 1234 1987 quo
1264 1958 1298 1979 se
1326 1959 1383 1988 pro
1412 1949 1539 1988 magnis
1573 1948 1774 1990 philosophis
1798 1947 1980 1986 venditent,
2015 1950 2143 1978 tantum

1170 1990 1322 2030 profanas
1355 1991 1593 2031 speculationes
1627 1994 1798 2024 venantur.
1849 1991 1948 2030 Atqui
1982 1989 2046 2020 iam
2081 1989 2143 2021 hoc

1170 2033 1267 2073 plane
1290 2045 1331 2064 ex
1347 2034 1568 2073 superioribus
1585 2035 1725 2066 evictum
1743 2038 1802 2074 est,
1824 2033 1905 2065 nihil
1925 2042 1994 2064 esse
2010 2031 2144 2064 absurdi

1170 2086 1269 2116 quum
1298 2076 1460 2108 Dominus
1493 2077 1617 2109 coelum
1653 2082 1683 2108 et
1717 2081 1838 2108 terram
1872 2075 1948 2106 olim
1982 2074 2052 2116 igni
2087 2075 2143 2106 ab-

1170 2123 1337 2159 sumptum
1371 2120 1412 2150 iri
1444 2121 1646 2160 pronuntiat:
1682 2121 1832 2160 quoniam
1863 2118 1949 2160 ignis
1979 2123 2012 2149 et
2041 2127 2143 2158 aquae

1170 2173 1236 2193 una
1267 2168 1316 2193 est
1345 2162 1436 2194 ratio.
1482 2162 1566 2194 Nam
1598 2168 1631 2194 et
1661 2163 1745 2202 apud
1774 2167 1901 2195 veteres
1935 2162 1996 2192 hoc
2027 2162 2142 2192 tritum

1170 2205 1244 2243 fuit,
1278 2216 1318 2236 ex
1352 2205 1403 2237 his
1437 2205 1561 2237 duobus
1596 2206 1731 2237 summis
1765 2204 1933 2246 principiis
1964 2209 2041 2235 nata
2071 2214 2141 2235 esse

1169 2248 1286 2279 omnia.
1339 2247 1500 2287 Quoniam
1533 2253 1641 2280 autem
1671 2258 1744 2279 cum
1775 2248 1885 2288 impiis
1915 2247 2057 2279 habebat
2086 2257 2141 2277 ne-

1169 2291 1305 2331 gotium,
1329 2290 1368 2321 de
1391 2292 1536 2331 ipsorum
1560 2292 1659 2323 exitio
1684 2291 1877 2322 nominatim
1901 2290 2053 2330 loquitur.

1255 2334 1283 2365 8.
1315 2332 1415 2366 Porro
1444 2344 1481 2365 ne
1511 2334 1564 2366 hoe
1593 2344 1698 2374 unum,
1730 2336 1782 2365 etc.
1832 2334 1927 2365 Nunc
1957 2342 2140 2364 sermonem

1169 2377 1208 2408 ad
1232 2378 1300 2417 pios
1323 2377 1494 2417 convertit,
1518 2382 1699 2417 monetque,
1724 2377 1779 2408 ubi
1799 2377 1837 2408 de
1854 2376 1979 2408 Christi
1995 2375 2139 2407 adventu

1169 2419 1286 2460 agitur,
1318 2424 1353 2450 ut
1381 2420 1490 2452 oculos
1516 2430 1644 2451 sursum
1668 2419 1792 2451 tollant.
1838 2419 1890 2451 Ita
1913 2419 1997 2449 enim
2021 2419 2075 2449 fiet
2097 2427 2139 2449 ne

1167 2463 1384 2503 praeposteris
1413 2463 1480 2494 suis
1504 2464 1587 2494 votis
1614 2463 1850 2503 praescriptum
1874 2472 1892 2493 a
1916 2461 1987 2493 Deo
2011 2465 2139 2501 tempus

1167 2505 1349 2537 subiiciant.
1395 2505 1479 2537 Nam
1509 2506 1580 2536 ideo
1610 2505 1705 2537 nimis
1738 2505 1834 2545 longa
1865 2505 2062 2545 exspectatio
2094 2504 2141 2536 vi-

1167 2548 1274 2587 detur,
1310 2548 1384 2588 quia
1412 2548 1520 2580 oculos
1552 2547 1708 2579 habemus
1739 2547 1861 2579 defixos
1891 2548 1926 2578 in
1958 2547 2139 2587 praesentis

1167 2592 1252 2623 vitae
1277 2591 1485 2622 brevitatem:
1511 2591 1627 2622 deinde
1651 2591 1854 2631 supputando
1876 2590 1954 2630 dies,
1977 2590 2084 2631 horas,
2108 2594 2139 2621 et

1166 2638 1338 2672 momenta,
1362 2633 1503 2665 taedium
1526 2644 1692 2674 augemus.
1734 2634 1857 2665 Verum
1882 2634 1937 2665 ubi
1961 2634 2138 2665 aeternitas

1167 2677 1260 2718 regni
1283 2676 1346 2708 Dei
1371 2676 1463 2708 nobis
1485 2677 1634 2715 occurrit,
1665 2676 1768 2708 multa
1795 2677 1923 2709 saecula
1945 2677 2047 2708 instar
2070 2686 2138 2707 mo-
