2912 4368
413 907 471 937 461

415 1005 583 1044 exagitent
620 1004 682 1044 ipsi
714 1004 868 1035 conviciis
903 1001 1114 1034 christianam
1148 1001 1387 1041 professionem,

416 1047 495 1078 alios
520 1052 628 1078 tamen
655 1046 694 1077 ad
718 1044 962 1078 conviciandum
986 1047 1123 1074 armant.

501 1090 530 1120 3.
567 1089 667 1121 Fictis
700 1088 900 1120 sermonibus
957 1086 1064 1117 Modis
1098 1086 1246 1117 omnibus
1280 1085 1387 1117 studet

416 1133 533 1164 Petrus
557 1132 700 1163 infensos
724 1131 856 1162 reddere
877 1128 987 1159 fideles
1008 1128 1116 1168 pravis
1134 1129 1326 1164 doctoribus,
1353 1133 1386 1159 ut

415 1186 468 1207 eos
507 1175 610 1206 acrius
649 1185 666 1205 a
704 1185 737 1205 se
774 1183 810 1204 ac
847 1172 1048 1203 constantius
1088 1171 1256 1211 repellant.
1316 1170 1387 1202 Hoc

415 1217 558 1249 maxime
588 1217 732 1249 odiosum
763 1218 810 1246 est
840 1224 898 1245 nos
930 1216 1084 1253 tanquam
1116 1214 1192 1245 vilia
1223 1214 1385 1253 mancipia

416 1270 535 1292 venum
566 1259 693 1300 exponi.
738 1257 809 1289 Hoc
840 1262 947 1288 autem
978 1257 1048 1287 fieri
1079 1262 1224 1293 testatur,
1258 1257 1284 1287 si
1316 1257 1386 1296 quis

415 1313 475 1335 nos
498 1313 516 1334 a
533 1302 657 1334 Christi
680 1300 870 1332 liberatione
892 1298 1051 1331 subducit.
1091 1299 1202 1331 Fictos
1220 1309 1384 1330 sermones

416 1350 519 1384 vocat,
554 1349 621 1377 arte
652 1343 845 1383 compositos
880 1342 919 1373 ad
955 1341 1143 1373 fallendum.
1202 1342 1290 1382 Ergo
1324 1342 1386 1373 nisi

416 1389 487 1429 quis
511 1388 556 1419 ita
578 1387 718 1418 insaniat
741 1390 775 1416 ut
799 1390 914 1425 sponte
937 1395 956 1416 a
979 1385 1067 1416 salsis
1085 1385 1268 1416 doctoribus
1284 1386 1386 1425 pretio

416 1431 519 1463 addici
543 1429 618 1462 velit
648 1429 775 1459 animae
805 1439 882 1459 suae
911 1428 1057 1466 salutem,
1088 1427 1248 1467 perversis
1272 1437 1385 1459 eorum

416 1473 576 1516 figmentis
608 1472 729 1502 aditum
759 1481 886 1502 omnem
919 1470 1114 1510 praecludat.
1168 1470 1292 1501 Eodem
1324 1480 1385 1511 quo

417 1517 507 1558 prius
545 1514 679 1546 consilio
717 1514 833 1545 iterum
870 1514 986 1553 repetit
1020 1524 1082 1544 non
1118 1523 1241 1545 cessare
1275 1523 1385 1544 eorum

416 1559 568 1594 exitium,
611 1562 647 1588 ut
681 1557 782 1588 bonos
816 1566 834 1586 a
867 1556 1017 1588 societate
1051 1566 1161 1587 eorum
1197 1555 1385 1587 absterreat.

416 1599 554 1641 Quando
584 1600 667 1630 enim
701 1599 881 1640 propinquo
912 1599 1011 1630 exitio
1042 1599 1149 1630 devoti
1181 1602 1266 1636 sunt,
1301 1599 1385 1638 quis-

414 1644 485 1684 quis
514 1653 548 1674 se
578 1642 642 1674 illis
672 1642 865 1680 commiscet,
897 1641 977 1673 nihil
1008 1645 1111 1682 potest
1144 1651 1238 1682 quam
1269 1642 1386 1673 misere

413 1695 527 1727 perire.

499 1772 528 1802 4.
560 1770 597 1802 Si
628 1771 708 1801 enim
733 1770 863 1810 angelis,
893 1770 948 1809 qui
974 1773 1182 1810 peccaverant,
1211 1769 1301 1802 Deus
1327 1780 1387 1801 non

412 1814 559 1855 pepercit,
575 1813 629 1845 sed
643 1813 758 1845 catenis
773 1813 919 1853 caliyiais
934 1813 967 1843 in
983 1813 1153 1844 Tartarum
1163 1813 1388 1853 praecipitatos

416 1856 547 1889 tradidit
577 1857 744 1888 servandos
772 1856 807 1887 in
836 1855 1005 1886 iudicium:
1036 1856 1066 1886 5.
1096 1858 1122 1887 et
1143 1856 1251 1895 prisco
1274 1855 1388 1887 nzarzdo

415 1910 474 1932 non
504 1900 648 1940 pepercit,
682 1899 736 1930 sed
769 1901 906 1930 octavum
940 1899 1080 1929 iustitiae
1105 1908 1290 1938 praeconem
1322 1898 1388 1930 Noe

414 1943 555 1982 servavit,
579 1942 698 1973 diluvio
720 1942 754 1973 in
776 1941 925 1973 mandam
949 1941 1118 1981 impiorum
1141 1941 1279 1972 inducto:
1309 1942 1338 1973 6.
1362 1943 1389 1972 et

415 1986 551 2018 civitates
567 1983 768 2016 Sodomorum
788 1987 814 2015 et
834 1983 1025 2015 Gomorrhae
1047 1984 1080 2015 in
1098 1985 1228 2016 cinerem
1246 1984 1388 2016 redactas

416 2028 610 2060 subversione
640 2027 818 2066 damnavit,
852 2037 961 2066 easque
994 2028 1103 2058 statuit
1136 2027 1312 2066 exemplam
1345 2028 1387 2058 iis

415 2071 469 2111 qui
494 2070 590 2110 impie
614 2071 715 2102 acturi
741 2070 856 2110 forent:
887 2070 915 2101 7.
946 2072 972 2100 et
1000 2070 1116 2101 iustum
1141 2069 1227 2108 Loth,
1258 2071 1313 2109 qai
1336 2080 1387 2109 op-

408 2113 603 2154 primebatur
625 2123 646 2145 a
668 2113 801 2153 nefariis
817 2123 877 2152 per
900 2112 1100 2144 libidinosam
1122 2113 1387 2151 conversationem,

415 2157 538 2197 eripuit.
585 2156 613 2187 8.
646 2156 731 2187 Nam
757 2156 854 2187 oculis
877 2158 903 2187 et
925 2155 1057 2187 auribus
1079 2156 1181 2187 iustus
1203 2155 1263 2194 ille,
1293 2166 1388 2195 qaum

416 2199 566 2231 habitaret
589 2200 668 2231 inter
691 2199 784 2238 ipsos,
811 2198 945 2238 quotidie
968 2199 1106 2230 animam
1130 2200 1246 2231 iustam
1268 2199 1388 2239 iniquis

414 2242 539 2274 illorum
561 2241 701 2281 operibus
724 2241 926 2273 excruciabat.

500 2328 529 2359 4.
563 2327 599 2358 Si
630 2328 718 2364 enim,
749 2330 800 2358 etc.
847 2326 999 2358 Diximus
1030 2331 1230 2367 quantopere
1261 2327 1389 2358 intersit

416 2370 476 2401 hoc
499 2371 658 2411 cognosci,
685 2381 748 2401 non
767 2380 858 2409 posse
875 2371 1000 2409 impios,
1023 2371 1075 2410 qui
1093 2370 1261 2402 ecclesiam
1280 2371 1388 2409 pravis

416 2413 620 2453 dogmatibus
662 2419 888 2453 corruperunt,
929 2412 988 2444 Dei
1025 2413 1197 2444 vindictam
1234 2413 1389 2453 effugere.

416 2455 487 2486 Hoc
515 2456 626 2495 itaque
658 2456 759 2487 tribus
784 2456 926 2487 maxime
948 2455 1129 2496 insignibus
1153 2455 1254 2486 divini
1278 2456 1387 2487 iudicii

416 2499 572 2538 exemplis
596 2499 718 2538 probat,
743 2498 835 2538 Quod
853 2509 893 2529 ne
910 2499 1032 2539 angelis
1049 2499 1179 2538 quidem
1197 2499 1263 2530 suis
1280 2509 1390 2539 peper-

418 2541 515 2572 cerit:
545 2541 629 2581 quod
661 2545 766 2572 totum
797 2542 953 2572 mundum
978 2542 1077 2572 semel
1102 2541 1318 2581 absumpserit
1342 2541 1387 2572 di-

418 2584 522 2615 luvio:
558 2584 642 2624 quod
675 2584 850 2616 Sodomam
884 2587 916 2615 et
948 2584 1026 2616 alias
1058 2584 1181 2616 vicinas
1212 2584 1307 2615 urbes
1339 2594 1387 2615 re-

419 2626 542 2667 degerit
558 2627 591 2657 in
608 2628 758 2659 cinerem.
784 2627 891 2658 Sumit
908 2633 1015 2658 autem
1033 2637 1090 2667 pro
1107 2627 1252 2659 confesso
1270 2627 1389 2658 Petrus

417 2669 500 2709 quod
525 2670 610 2700 inter
632 2680 692 2701 nos
717 2670 887 2701 indubium
912 2680 981 2701 esse
1005 2670 1108 2707 debet,
1139 2670 1244 2701 Deum
1269 2669 1389 2701 scilicet

418 2723 487 2743 esse
510 2712 606 2743 totius
630 2713 743 2744 mundi
767 2713 916 2744 iudicem.
954 2712 1049 2744 Unde
1072 2713 1229 2752 sequitur,
1254 2723 1332 2753 quas
1348 2712 1387 2743 de

418 2754 525 2794 impiis
549 2760 580 2786 et
604 2755 767 2787 sceleratis
791 2766 910 2796 poenas
933 2755 1010 2787 olim
1034 2756 1181 2795 sumpsit,
1207 2766 1293 2787 nunc
1315 2766 1389 2796 quo-

420 2808 481 2837 que
520 2797 558 2829 de
596 2798 754 2830 similibus
787 2803 1006 2838 sumpturum.
1064 2798 1175 2838 Neque
1209 2799 1294 2830 enim
1329 2799 1388 2830 sibi

418 2840 581 2871 dissimilis
606 2851 675 2871 esse
699 2844 813 2881 potest,
838 2851 896 2872 nec
920 2851 1072 2881 personas
1096 2842 1221 2881 accipit,
1246 2846 1280 2872 ut
1304 2841 1388 2872 idem

418 2883 521 2914 scelus
551 2883 644 2914 alteri
675 2883 819 2923 ignoscat
850 2884 935 2924 quod
960 2884 1136 2916 vindicavit
1163 2885 1196 2914 in
1221 2893 1302 2915 uno:
1333 2884 1388 2915 sed

420 2936 579 2966 peraeque
603 2926 794 2957 iniustitiam
818 2927 895 2966 odit,
919 2927 1102 2967 ubicunque
1126 2927 1259 2959 inventa
1282 2927 1389 2958 fuerit.

419 2968 556 3008 Semper
591 2969 675 3000 enim
712 2969 883 3000 tenendum
915 2976 963 3001 est
993 2969 1074 3001 illud
1105 2970 1191 3001 inter
1220 2969 1326 3001 Deum
1359 2974 1390 3001 et

420 3011 568 3043 homines
596 3011 779 3049 discrimen,
809 3011 891 3051 quod
914 3012 1059 3044 homines
1084 3013 1212 3053 quidem
1236 3013 1389 3052 inaequa-

420 3054 493 3085 liter
527 3054 689 3086 iudicant:
725 3054 814 3085 Deus
848 3059 957 3085 autem
992 3062 1183 3096 perpetuum
1218 3055 1389 3087 iudicando

420 3102 564 3128 tenorem
585 3102 702 3129 servat.
741 3097 824 3128 Nam
844 3096 927 3136 quod
947 3097 1056 3130 electis
1073 3102 1203 3139 peccata
1219 3098 1389 3136 condonat,

419 3139 450 3170 id
484 3140 520 3170 fit
555 3140 640 3180 quod
672 3150 708 3171 ea
737 3150 795 3180 per
825 3140 1054 3179 poenitentiam
1085 3146 1117 3172 et
1147 3141 1242 3172 fidem
1274 3141 1388 3172 abolet.

419 3181 532 3222 Itaque
562 3194 625 3214 non
656 3183 750 3214 aliter
780 3182 965 3214 reconciliat
995 3193 1052 3215 nos
1082 3184 1152 3222 sibi,
1184 3194 1278 3224 quam
1312 3184 1388 3215 dum

420 3234 477 3256 nos
506 3225 666 3257 iustificat.
712 3226 826 3257 Donec
857 3225 942 3257 enim
972 3225 1135 3257 sublatum
1158 3226 1256 3258 fuerit
1279 3237 1388 3266 pecca-

421 3273 497 3305 tum,
530 3273 637 3299 manet
665 3278 791 3309 semper
814 3269 900 3299 inter
923 3278 981 3299 nos
1004 3272 1036 3299 et
1059 3268 1151 3299 illum
1175 3268 1298 3300 dissidii
1322 3280 1387 3300 ma-

419 3310 509 3341 teria.
562 3310 656 3349 Quod
688 3311 726 3342 ad
762 3310 958 3352 angelos
988 3315 1123 3350 spectat,
1159 3317 1387 3351 argumentum

419 3356 467 3384 est
491 3363 509 3384 a
532 3354 645 3385 maiori
669 3354 708 3385 ad
732 3354 850 3386 minus.
888 3353 969 3384 Nam
993 3364 1091 3394 quum
1109 3353 1203 3394 longe
1221 3361 1388 3394 praestan-

1302 902 1450 935 CAPUT
1482 902 1522 933 11.

2344 904 2405 934 462

1441 1000 1537 1030 tiores
1566 1003 1682 1036 essent,
1712 1010 1772 1031 non
1804 1004 1911 1030 tamen
1942 1000 2011 1031 illos
2042 1010 2100 1031 sua
2123 1000 2265 1040 dignitas
2289 1000 2406 1039 eripuit

1440 1053 1457 1073 e
1487 1052 1585 1073 manu
1610 1041 1686 1072 Dei:
1719 1042 1821 1073 multo
1851 1042 1958 1073 minus
1988 1053 2063 1082 ergo
2096 1043 2235 1073 evadent
2262 1042 2408 1073 homines

1440 1085 1594 1116 mortales
1624 1084 1805 1125 quicunque
1833 1095 1943 1116 eorum
1967 1085 2163 1124 impietatem
2188 1086 2315 1124 sequuti
2340 1086 2406 1116 fue-

1440 1128 1515 1158 rint.
1562 1127 1732 1158 Caeterum
1760 1128 1834 1167 quia
1865 1128 1902 1158 de
1932 1128 2021 1167 lapsu
2053 1128 2242 1168 angolorum
2268 1127 2408 1158 breviter

1440 1170 1492 1202 hic
1514 1170 1662 1201 meminit
1685 1169 1816 1201 Petrus:
1848 1175 1974 1210 tempus
2000 1180 2074 1201 vero
2096 1177 2127 1201 et
2150 1170 2292 1208 modum,
2315 1170 2406 1201 alias-

1440 1223 1501 1252 que
1536 1212 1793 1244 circumstantias
1828 1224 1891 1244 non
1926 1217 2106 1244 enumerat:
2142 1214 2245 1244 sobrie
2280 1214 2312 1243 in
2349 1213 2408 1244 hac

1440 1260 1532 1295 parte
1561 1255 1779 1295 philosophari
1804 1257 1965 1287 convenit.
2011 1255 2097 1287 Sunt
2120 1256 2235 1286 curiosi
2260 1256 2408 1295 plerique

1440 1298 1587 1329 homines
1618 1298 1673 1338 qui
1699 1297 1822 1328 nullum
1847 1298 1886 1329 de
1910 1299 1960 1329 his
1984 1299 2078 1330 rebus
2102 1299 2284 1329 sciscitandi
2309 1299 2408 1329 finem

1440 1341 1577 1372 faciunt:
1610 1340 1697 1380 atqui
1725 1351 1822 1380 quum
1846 1340 1936 1372 Deus
1960 1351 2055 1381 parce
2079 1341 2239 1372 duntaxat
2262 1346 2293 1371 et
2317 1341 2409 1380 quasi

1439 1384 1542 1415 obiter
1573 1394 1627 1415 eas
1658 1383 1803 1424 attigerit
1834 1383 1867 1413 in
1898 1385 2066 1423 scriptura,
2098 1383 2157 1415 hoc
2180 1383 2249 1423 ipso
2272 1394 2328 1414 nos
2352 1383 2407 1414 ad-

1440 1426 1566 1457 monuit
1597 1431 1632 1457 ut
1664 1426 1789 1457 modica
1820 1426 1881 1456 ista
1905 1427 2018 1457 notitia
2041 1427 2142 1458 simus
2165 1427 2317 1457 contenti.
2364 1426 2406 1456 Et

1439 1479 1516 1501 sane
1545 1470 1598 1509 qui
1631 1468 1736 1509 magis
1765 1469 1860 1499 anxie
1890 1469 2066 1508 inquirunt,
2097 1479 2160 1500 non
2193 1469 2405 1500 aedificationi

1440 1512 1586 1549 student,
1622 1511 1677 1543 sed
1710 1512 1803 1542 vanis
1836 1512 2108 1551 speculationibus
2138 1512 2262 1543 animos
2294 1511 2408 1542 volunt

1441 1564 1580 1595 pascere.
1636 1554 1732 1594 Quod
1764 1554 1856 1585 nobis
1890 1555 1968 1585 utile
2003 1561 2087 1592 erat,
2126 1555 2214 1586 Deus
2249 1554 2408 1594 patefecit,

1441 1597 1583 1629 diabolos
1606 1598 1699 1628 initio
1722 1602 1846 1629 creatos
1870 1607 1939 1628 esse
1963 1603 1996 1627 ut
2021 1597 2090 1627 Deo
2115 1602 2282 1637 parerent:
2313 1597 2410 1627 fuisse

1441 1650 1517 1673 vero
1550 1640 1680 1680 propria
1710 1640 1806 1679 culpa
1835 1644 2008 1680 apostatas,
2038 1641 2112 1679 quia
2146 1640 2206 1671 Dei
2238 1640 2410 1679 imperium

1441 1693 1505 1714 non
1524 1683 1674 1714 tulerint:
1698 1683 1806 1723 itaque
1828 1683 2030 1723 pravitatem,
2054 1693 2133 1722 quae
2156 1683 2189 1713 in
2209 1682 2273 1713 illis
2290 1682 2411 1719 haeret,

1441 1726 1672 1758 accidentalem
1703 1736 1789 1762 esse,
1825 1735 1891 1756 non
1922 1735 1939 1755 a
1971 1730 2087 1756 natura.
2116 1730 2152 1756 ut
2183 1725 2252 1756 Deo
2280 1724 2411 1756 attribui

1441 1773 1545 1809 queat.
1591 1768 1662 1800 Hoc
1692 1768 1770 1800 satis
1801 1772 1910 1808 aperte
1940 1769 2129 1808 pronuntiat
2155 1768 2281 1806 Petrus,
2312 1777 2411 1807 quum

1441 1811 1574 1852 angelos
1606 1812 1659 1851 qui
1683 1811 1882 1849 exciderunt,
1914 1811 1990 1842 facit
2013 1811 2196 1842 hominibus
2219 1811 2411 1851 superiores.

1441 1855 1595 1895 Apertius
1619 1854 1715 1885 etiam
1739 1853 1847 1890 Iudas,
1872 1864 1971 1894 quum
1991 1853 2102 1885 scribit
2121 1864 2172 1885 eos
2190 1864 2250 1884 non
2269 1853 2410 1884 tenuisse

1440 1907 1533 1929 suam
1572 1897 1747 1937 originem,
1786 1896 1836 1928 vel
1872 1907 1967 1928 suum
2003 1897 2226 1937 principatum.
2283 1895 2410 1935 Quibus

1441 1940 1519 1971 haec
1554 1940 1741 1971 testimonia
1775 1949 1841 1970 non
1874 1939 2090 1976 satisfaciunt,
2125 1940 2145 1970 ii
2180 1939 2239 1970 sibi
2270 1939 2411 1970 habeant

1441 1983 1641 2014 sorbonicam
1664 1982 1872 2023 theologiam,
1896 1993 1976 2022 quae
2001 1982 2046 2014 sic
2070 1982 2108 2013 ad
2133 1983 2314 2013 satietatem
2339 1981 2410 2012 illos

1442 2026 1480 2057 de
1505 2026 1628 2066 angelis
1652 2025 1787 2063 docebit,
1818 2030 1851 2056 ut
1875 2025 1971 2056 simul
1994 2035 2066 2057 cum
2091 2025 2224 2057 diabolis
2247 2035 2347 2064 usque
2371 2023 2411 2055 ad

1441 2069 1562 2100 inferos
1584 2069 1783 2108 praecipitet.

1529 2110 1654 2143 Catenis
1669 2111 1822 2151 caliyirzis.
1852 2110 1924 2141 Hac
1936 2110 2125 2150 metaphora
2138 2111 2307 2151 significat,
2325 2115 2410 2141 tene-

1442 2155 1507 2186 bris
1544 2155 1736 2186 constrictos
1773 2154 1876 2185 teneri
1914 2164 2013 2194 usque
2051 2154 2090 2185 ad
2129 2153 2213 2184 diem
2247 2153 2410 2184 ultimum.

1442 2197 1581 2237 Sumpta
1613 2202 1661 2228 est
1685 2202 1791 2228 autem
1816 2197 1895 2228 haec
1918 2196 2095 2227 similitudo
2119 2207 2136 2227 a
2159 2196 2323 2236 maleficis,
2355 2196 2410 2236 qui

1442 2246 1613 2281 postquam
1635 2240 1778 2270 damnati
1794 2243 1881 2279 sunt,
1905 2240 2043 2271 carceris
2059 2240 2225 2270 atrocitate
2242 2238 2411 2270 dimidium

1442 2293 1564 2324 poenae
1603 2283 1779 2323 sustinent,
1817 2282 1919 2313 donec
1957 2282 1996 2313 ad
2035 2282 2182 2313 ultimum
2220 2282 2411 2322 supplicium

1443 2325 1623 2357 trahantur.
1678 2325 1765 2356 Hinc
1797 2325 1947 2366 colligere
1978 2324 2063 2365 licet,
2095 2335 2156 2356 non
2187 2324 2283 2356 modo
2314 2335 2410 2364 quam

1443 2378 1577 2409 poenam
1600 2368 1782 2400 sustineant
1805 2368 1932 2408 reprobi
1957 2373 2028 2408 post
2051 2373 2196 2405 mortem,
2228 2367 2284 2399 sed
2307 2367 2411 2407 qualis

1442 2412 1538 2443 etiam
1562 2412 1603 2443 sit
1628 2411 1766 2442 filiorum
1791 2410 1854 2442 Dei
1878 2410 2027 2442 conditio.
2068 2410 2146 2441 Nam
2170 2411 2202 2441 in
2226 2420 2282 2450 spe
2305 2414 2412 2441 certae

1442 2454 1652 2486 beatitudinis
1685 2453 1807 2494 placide
1839 2454 2056 2493 acquiescunt,
2088 2454 2236 2493 quamvis
2266 2462 2303 2484 ea
2332 2463 2412 2484 non-

1443 2497 1519 2528 dum
1550 2496 1717 2528 fruantur:
1748 2497 1842 2528 sicuti
1873 2497 1998 2537 priores
2029 2496 2180 2527 horribile
2204 2507 2243 2527 ex
2267 2494 2409 2527 vindicta

1442 2540 1502 2572 sibi
1526 2545 1638 2580 parata
1662 2544 1861 2570 tormentum
1884 2540 2055 2571 sustinent.

1529 2583 1557 2614 5.
1590 2582 1699 2614 Prisco
1728 2582 1853 2614 mundo.
1898 2582 1995 2613 Ratio
2027 2582 2122 2613 huius
2146 2581 2342 2622 loquutionis
2365 2584 2414 2612 est

1443 2626 1527 2666 quod
1545 2625 1636 2657 Deus
1660 2631 1731 2666 post
1754 2625 1956 2657 submersum
1981 2625 2160 2656 humanum
2184 2634 2295 2664 genus,
2319 2624 2411 2663 quasi

1443 2679 1562 2700 novum
1585 2669 1754 2709 deintegro
1777 2668 1937 2700 mundum
1960 2667 2147 2699 condiderit.
2186 2668 2245 2698 Est
2261 2667 2320 2698 hoc
2336 2676 2412 2706 quo-

1442 2722 1504 2752 que
1539 2717 1766 2752 argumentum
1802 2722 1819 2743 a
1853 2711 1967 2742 maiori
2000 2710 2039 2741 ad
2075 2710 2187 2741 minus.
2240 2709 2410 2749 Quomodo

1442 2755 1527 2785 enim
1552 2755 1680 2786 divinae
1703 2755 1769 2785 irae
1792 2754 1948 2785 diluvium
1973 2753 2145 2785 evaderent
2168 2752 2324 2792 scelerati,
2348 2761 2410 2792 quo

1442 2798 1541 2829 semel
1565 2797 1735 2838 absorptus
1758 2798 1817 2828 fuit
1842 2802 1926 2828 totus
1949 2796 2055 2827 orbis?
2102 2795 2184 2825 Nam
2209 2805 2309 2835 quum
2334 2795 2410 2826 dicit

1443 2846 1515 2871 octo
1550 2840 1650 2871 fuisse
1684 2845 1844 2877 servatos,
1880 2840 2038 2880 significat
2072 2838 2311 2869 multitudinem
2345 2848 2410 2869 non

1443 2883 1510 2914 fore
1539 2884 1641 2914 instar
1671 2883 1775 2923 clypei
1805 2893 1910 2914 coram
1943 2882 2022 2919 Deo,
2053 2885 2089 2911 ut
2116 2880 2216 2912 malos
2245 2885 2409 2921 protegat:

1443 2926 1498 2957 sed
1523 2930 1678 2966 quotquot
1699 2926 1913 2966 peccaverint,
1938 2934 2056 2965 poenas
2073 2923 2212 2961 daturos,
2234 2924 2301 2955 sive
2317 2924 2410 2963 pauci

1442 2969 1506 3000 sint
1530 2979 1675 3009 numero,
1698 2969 1765 3000 sive
1788 2968 1891 3000 multi.
1930 2966 2105 3006 Quaeritur
2121 2972 2228 2998 autem
2245 2976 2302 2997 cur
2317 2968 2410 2998 vocet

1443 3011 1529 3043 Noe
1571 3012 1795 3043 iustitiae
1836 3019 2119 3051 praeconem.
2177 3008 2318 3048 Quidam
2360 3009 2409 3039 in

1443 3054 1593 3095 telligunt
1616 3064 1809 3094 praeconem
1830 3055 1971 3085 iustitiae
1988 3051 2059 3090 Dei,
2084 3052 2222 3092 qualiter
2239 3052 2409 3091 scriptura,

1443 3098 1504 3129 Dei
1535 3097 1691 3129 iustitiam
1721 3098 1753 3128 in
1785 3107 1821 3128 eo
1848 3095 2050 3128 commendat
2080 3095 2164 3134 quod
2189 3105 2262 3126 suos
2286 3097 2408 3131 tuetur,

1441 3143 1474 3171 et
1504 3151 1522 3171 a
1552 3145 1654 3171 morte
1682 3145 1808 3180 ereptos
1833 3139 1969 3170 restituit
1993 3138 2026 3168 in
2050 3138 2161 3169 vitam.
2208 3137 2278 3177 Ego
2301 3141 2410 3167 autem

1441 3183 1547 3223 potius
1577 3193 1768 3222 praeconem
1800 3183 1938 3213 iustitiae
1962 3180 2071 3211 vocari
2101 3181 2305 3219 interpretor,
2335 3179 2410 3219 quia

1441 3226 1602 3266 perditum
1634 3225 1791 3257 mundum
1823 3229 1955 3256 conatus
1986 3223 2027 3254 sit
2057 3222 2096 3253 ad
2128 3232 2241 3253 sanam
2265 3228 2408 3253 mentem

1442 3268 1610 3300 reducere:
1642 3279 1745 3309 neque
1776 3268 1805 3298 id
1836 3266 1982 3298 doctrina
2006 3270 2133 3296 tantum
2157 3270 2189 3296 et
2212 3265 2330 3296 sanctis
2354 3275 2407 3295 ex-

1440 3311 1686 3351 hortationibus,
1716 3311 1771 3343 sed
1803 3319 1902 3350 quum
1933 3319 1989 3349 per
2019 3308 2189 3339 continuos
2221 3311 2352 3339 centum
2376 3312 2407 3337 et

1443 3354 1556 3395 viginti
1592 3364 1692 3385 annos
1728 3354 1761 3384 in
1797 3351 1993 3386 exstruenda
2032 3361 2106 3383 arca
2140 3351 2235 3382 anxie
2269 3350 2406 3382 sudaret.
