2513 3126
232 182 270 213 17
1134 183 1283 216 CAPUT
1308 185 1332 216 Ι.
2190 186 2228 217 18

228 276 305 308 tiam
334 279 360 308 et
387 277 479 308 odisti
509 277 711 317 iniquitatem,
741 279 907 317 propterea
935 278 1026 309 unxit
1052 280 1078 309 te
1101 277 1198 317 Deus,
1224 279 1226 315 ἕ

1224 360 1226 368 .
1253 321 1366 362 diligit,
1392 322 1466 352 facit
1485 327 1519 352 ut
1544 322 1574 352 in
1598 321 1666 352 suis
1691 328 1813 360 regnet.

229 318 318 351 Deus
339 322 420 357 tuus,
444 320 505 351 oleo
526 320 662 352 laetitiae
680 330 760 360 prae
781 320 972 352 consortibus
994 321 1064 352 tuis.

315 431 343 462 7.
377 430 430 463 Ad
463 431 585 471 anqetos
616 431 747 470 quidem.
802 430 854 461 Ad
888 429 1033 470 angelos,
1069 440 1126 469 pro
1160 429 1199 460 de

229 483 268 504 an
296 474 364 505 elis.

227 484 357 547 serigsum
396 517 491 547 trahi.
549 517 630 547 Nam
669 526 767 555 quum
806 515 871 545 illic
910 515 1016 545 David
1054 514 1198 545 ordinem

228 559 394 596 describat,
418 569 514 599 quem
535 560 569 590 in
593 559 704 590 mundi
726 557 1005 588 administratione
1027 557 1198 593 cernimus,

226 601 308 633 nihil
340 602 457 633 certius
485 608 534 633 est
564 611 662 641 quam
692 601 744 632 hio
773 601 842 631 fieri
866 599 1062 630 mentionem
1087 604 1199 630 vento-

225 655 310 682 rum,
341 654 418 684 quos
449 645 526 676 dicit
556 654 574 675 a
598 643 738 674 Domino
768 643 836 673 fieri
866 642 1006 681 nuntios,
1034 643 1110 681 quia
1141 652 1198 680 pro

225 688 406 719 cursoribus
444 687 507 718 illis
542 690 666 717 utatur:
704 684 971 724 quemadmodum
1006 684 1198 715 fulminibus

226 730 300 760 dum
333 734 452 760 terram
484 729 670 768 perlustrat,
701 737 793 766 quam
824 726 944 757 celeres
971 732 1002 757 et
1029 727 1197 766 expeditos

223 772 262 803 ad
297 771 443 802 obeunda
477 781 535 802 sua
569 771 656 801 iussa
686 770 850 800 ministros
880 769 1010 806 habeat,
1045 769 1195 801 ostendit.

223 814 312 846 Nihil
331 814 390 845 hoc
406 814 445 844 ad
462 813 593 853 angelos
609 813 759 852 pertinet.
795 811 936 850 Quidam
954 811 993 842 ad
1010 811 1196 852 allegoriam

217 857 421 897 confugiunt,
445 856 535 895 quasi
559 855 722 895 apostolus
746 859 894 894 apertum
918 860 950 885 et
970 854 1127 885 literalem
1147 854 1196 896 (ut

219 899 350 939 vocant)
389 908 520 929 sensum
561 897 732 938 allegorice
770 897 808 928 de
846 897 970 937 angelis
1008 901 1195 938 exponeret.

218 941 302 973 Mihi
332 943 439 972 autem
470 941 573 981 magis
602 941 708 980 placet
738 939 798 971 hoc
827 941 1049 971 testimonium
1074 941 1118 972 sie
1142 941 1194 971 ad-

219 984 349 1015 ductum
381 993 459 1021 esse,
491 988 528 1014 ut
560 993 616 1023 per
646 982 889 1013 similitudinem
920 983 1046 1023 angelis
1069 993 1192 1014 accom-

217 1027 376 1063 modetur,
400 1026 459 1057 hoe
482 1025 584 1063 modo,
609 1025 716 1057 David
742 1025 865 1065 angelis
884 1030 1049 1065 comparat
1069 1031 1191 1063 ventos,

217 1074 253 1100 ut
284 1069 336 1100 hie
366 1069 400 1099 in
430 1069 551 1100 mundo
579 1068 665 1099 idem
689 1073 862 1099 exerceant
886 1068 1026 1100 officium
1052 1069 1136 1109 quod
1160 1070 1192 1100 in

216 1112 303 1144 coelo
326 1111 451 1152 angeli:
475 1117 551 1143 sunt
570 1112 654 1142 enim
673 1111 763 1142 venti
784 1111 874 1150 quasi
892 1111 1034 1142 visibiles
1051 1112 1192 1151 spiritus.

216 1155 261 1186 Et
290 1165 367 1186 sane
394 1154 666 1194 quemadmodum
690 1154 799 1185 Moses
831 1155 863 1184 in
896 1155 1057 1185 creatione
1081 1154 1193 1185 mundi

216 1201 345 1229 tantum
380 1207 418 1228 ea
451 1200 682 1228 commemorat
715 1207 796 1236 quae
831 1196 889 1228 sub
924 1207 1037 1228 sensus
1067 1202 1193 1229 nostros

216 1241 346 1280 cadunt,
370 1245 402 1270 et
424 1245 533 1271 tamen
557 1240 629 1271 vult
651 1240 818 1279 superiora
841 1239 937 1270 etiam
961 1240 1116 1281 intelligi:
1147 1240 1193 1271 sie

216 1283 323 1314 David
346 1283 380 1313 in
404 1282 461 1313 illa
484 1283 596 1313 mundi
621 1287 654 1313 et
676 1286 814 1313 naturae
843 1282 1068 1322 descriptione,
1098 1284 1191 1323 quasi

214 1326 249 1356 in
273 1325 381 1356 tabula
412 1326 503 1356 nobis
527 1325 673 1366 depingit
695 1325 779 1365 quod
803 1325 900 1356 etiam
924 1335 964 1356 ex
987 1325 1099 1356 ordine
1123 1336 1192 1357 coe-

214 1368 287 1400 lesti
310 1368 558 1408 intelligendum
583 1374 640 1399 est.
675 1367 786 1406 Quare
809 1374 1036 1407 argumentum
1057 1379 1075 1399 a
1093 1369 1191 1400 simili

214 1421 284 1442 esse
308 1416 394 1451 puto,
419 1421 518 1451 quum
540 1410 580 1441 ad
597 1411 729 1451 angelos
749 1412 903 1441 transfert
924 1411 1088 1451 apostolus
1105 1413 1189 1452 quod

214 1454 344 1494 proprie
368 1454 406 1485 de
430 1454 536 1484 ventis
559 1453 679 1485 dictum
704 1458 761 1484 est.

301 1514 329 1546 8.
360 1514 414 1545 Ad
441 1514 544 1553 filium
572 1524 651 1545 vero.
696 1513 881 1544 Fatendum
911 1516 959 1545 est
988 1513 1118 1554 quidem
1151 1514 1188 1545 de

217 1556 391 1590 Salomone
419 1557 507 1588 hunc
542 1557 704 1597 psalmum
728 1557 824 1587 fuisse
848 1558 1062 1597 compositum
1086 1558 1189 1589 instar

216 1600 432 1640 epithalamii:
471 1601 545 1640 quia
583 1599 646 1631 illic
681 1599 862 1631 celebratur
896 1601 964 1631 eius
998 1600 1187 1641 coniugium

214 1654 287 1675 cum
319 1643 384 1674 filia
418 1643 503 1683 regis
530 1642 682 1683 Aegypti.
734 1641 799 1673 Sed
832 1643 943 1683 negari
977 1652 1089 1674 rursus
1124 1654 1188 1674 non

213 1689 318 1726 potest
341 1685 423 1725 quod
448 1686 500 1716 hic
518 1686 667 1725 refertur,
691 1685 792 1715 multo
812 1696 882 1716 esse
909 1686 1068 1717 excelsius
1091 1697 1187 1726 quam

213 1734 250 1760 ut
279 1730 311 1760 in
343 1728 552 1760 Salomonem
587 1732 759 1768 competat.
811 1727 924 1759 Iudaei
960 1739 999 1760 ne
1029 1734 1188 1769 cogantur

213 1782 386 1812 agnoscere
421 1771 588 1803 Christum
627 1781 695 1802 esse
730 1770 852 1809 Deum,
891 1772 1087 1803 cavillantur
1126 1772 1187 1803 diei

211 1814 366 1845 thronum
388 1814 458 1851 Dei,
482 1814 535 1845 vel
558 1813 816 1845 subaudiendum
841 1824 909 1845 esse
933 1815 1068 1846 verbum
1092 1815 1186 1846 stabi-

211 1857 292 1888 livit.
337 1857 389 1887 Ita
417 1857 592 1888 seeundum
624 1856 764 1896 priorem
793 1858 1037 1897 expositionem,
1069 1868 1187 1889 nomen

211 1888 314 1935 0³55&
338 1899 529 1931 vertendum
555 1900 634 1930 foret
658 1899 835 1931 thronus
859 1905 964 1939 tuus,
987 1901 1020 1931 in
1044 1901 1187 1941 genitivo

210 1953 286 1974 casu
310 1942 446 1974 thronus
465 1942 538 1973 Dei.
577 1942 690 1973 Altera
713 1942 870 1982 expositio
894 1944 988 1984 fingit
1007 1945 1186 1974 orationem

210 1985 409 2017 defectivam.
455 1985 580 2016 Verum
612 1990 745 2025 apparet
775 1995 828 2016 eos
852 1996 1004 2025 quaerere
1028 1997 1116 2017 mera
1140 1987 1186 2017 ef-

209 2028 309 2069 fugia.
367 2027 524 2068 Quisquis
559 2038 635 2068 ergo
669 2028 846 2068 composito
879 2029 1001 2069 animo,
1040 2034 1071 2059 et
1105 2029 1186 2061 eitra

209 2071 338 2102 rixandi
362 2071 502 2102 studium
527 2070 615 2102 hunc
637 2081 765 2102 versum
791 2071 883 2111 leget,
908 2082 972 2102 non
992 2071 1186 2103 infitiabitur

210 2114 364 2145 Messiam
382 2114 489 2145 vocari
507 2113 621 2144 Deum.
658 2113 724 2145 Nee
744 2118 791 2145 est
807 2114 890 2153 quod
908 2114 1048 2154 excipias
1066 2125 1185 2146 nomen

209 2156 263 2189 hic
286 2157 363 2196 poni
386 2156 510 2196 angelis
533 2162 564 2187 et
580 2156 738 2187 iudicibus
755 2157 983 2196 promiscuum.
1020 2157 1184 2198 Nusquam

209 2200 294 2230 enim
319 2199 439 2239 legitur
462 2199 519 2230 uni
538 2204 569 2229 et
592 2199 781 2238 simpliciter
811 2200 1012 2237 attributum,
1042 2201 1103 2231 nisi
1127 2200 1186 2232 soli

209 2241 290 2274 Deo.
347 2242 521 2273 Praeterea
556 2246 589 2272 ut
624 2242 662 2272 de
693 2252 772 2273 voce
806 2252 868 2273 non
904 2253 1059 2283 pugnem,
1094 2244 1186 2275 cuius

211 2284 348 2316 thronus
381 2285 414 2315 in
450 2290 643 2324 perpetuum
678 2284 803 2316 stabilis
836 2285 1089 2326 praedicabitur,
1124 2287 1186 2317 nisi

208 2327 309 2358 solius
331 2327 409 2359 Dei:
440 2328 528 2368 Ergo
553 2327 644 2367 regni
668 2328 865 2367 perpetuitas
887 2329 1106 2360 testimonium
1137 2333 1186 2360 est

210 2368 409 2402 Divinitatis.
451 2370 569 2402 Postea
603 2375 765 2409 sceptrum
790 2371 881 2419 regni
905 2370 1027 2402 Christi
1052 2377 1186 2403 vocatur

210 2417 371 2451 sceptrum
397 2413 607 2444 rectitudinis.
643 2412 745 2444 Cuius
769 2413 816 2444 rei
838 2414 871 2444 in
896 2413 1069 2445 Solomone
1089 2425 1185 2454 quae-

210 2453 284 2485 dam
320 2455 452 2486 fuerunt
489 2455 702 2493 lineamenta,
741 2456 795 2487 sed
833 2455 984 2488 obscura:
1026 2464 1185 2497 quatenus

211 2496 332 2528 scilicet
365 2498 486 2528 iustum
521 2504 553 2529 et
586 2498 757 2538 aequitatis
791 2499 972 2530 studiosum
1008 2510 1118 2540 regem
1150 2511 1184 2531 se

211 2539 381 2578 praestitit.
437 2539 501 2571 Sed
536 2540 694 2573 rectitudo
727 2542 760 2572 in
795 2551 895 2582 regno
929 2542 1052 2574 Christi
1087 2543 1185 2574 latius

211 2586 314 2620 patet.
338 2582 414 2621 quia
435 2582 556 2614 scilicet
577 2583 746 2631 evangelio
765 2594 830 2621 suo,
855 2584 938 2624 quod
955 2592 1118 2626 sceptrum
1135 2593 1184 2617 est

208 2623 387 2664 spirituale,
419 2634 476 2655 nos
505 2625 538 2655 in
562 2625 625 2656 Dei
648 2626 804 2658 iustitiam
832 2627 996 2659 reformat
1042 2628 1133 2660 Idem
1153 2637 1183 2660 et

316 2683 423 2709 Calvina·
437 2690 528 2716 opera.
565 2684 621 2710 Vol.
638 2683 700 2710 LV.

409 474 474 506 Sed
499 473 595 513 locus,
620 484 714 513 quem
738 473 826 510 citat,
851 472 978 504 videtur
1001 472 1035 502 in
1059 472 1198 502 alienum
1224 491 1226 500 .

1253 279 1290 309 de
1315 278 1486 310 directione
1516 278 1655 310 iustitiae
1679 278 1894 310 sentiendum.
1942 277 2018 310 Ideo
2041 279 2125 310 enim
2152 281 2227 319 quia

1337 364 1365 395 9.
1391 364 1560 403 Propterea
1583 364 1682 395 unxit.
1728 364 1799 395 Hoc
1818 362 1947 403 quidem
1972 373 2047 395 vere
2071 363 2109 394 de
2133 364 2224 395 Solo-

1253 416 1345 437 mone
1376 407 1496 438 dietum
1528 407 1602 437 fuit:
1637 406 1692 446 qui
1722 406 1792 437 ideo
1822 416 1879 437 rex
1907 411 2034 438 creatus
2064 411 2112 438 est
2143 407 2226 446 quod

1254 448 1341 480 Deus
1371 450 1476 488 ipsum
1502 449 1631 489 reliquis
1655 449 1806 480 fratribus
1831 449 1997 497 praetulit,
2029 449 2082 489 qui
2107 448 2225 489 alioqui

1252 491 1401 538 aequales
1425 497 1526 529 erant,
1558 496 1590 523 et
1614 490 1746 532 perinde
1770 496 1805 522 ut
1829 492 1904 531 ipse,
1937 492 2021 531 regis
2045 491 2113 522 filii.
2159 491 2224 523 Sed

1252 532 1311 564 hoc
1342 533 1374 564 in
1399 534 1565 565 Christum
1598 535 1700 575 magis
1731 534 1860 574 proprie
1889 534 2052 582 competit,
2084 535 2138 574 qui
2168 545 2225 566 nos

1251 575 1310 606 sibi
1342 576 1506 616 adoptavit
1536 581 1714 615 consortes,
1747 577 1873 608 tametsi
1906 576 1975 607 iure
2004 578 2131 616 proprio
2160 588 2224 608 nou

1251 628 1388 650 eramus.
1434 619 1558 650 Unctus
1582 625 1688 651 autem
1713 620 1771 650 fuit
1798 629 1896 659 supra
1920 629 1979 650 nos
2001 629 2121 656 omnes,
2151 621 2225 659 quia

1251 660 1321 691 sine
1351 672 1511 700 mensura,
1542 673 1599 693 nos
1629 667 1737 693 autem
1768 662 1807 693 ad
1837 666 1958 693 certam
1987 662 2122 701 quisque
2153 673 2223 701 por-

1252 703 1380 740 tionem,
1405 710 1498 743 prout
1522 704 1657 745 singulis
1680 705 1749 745 ipse
1766 704 1939 736 distribuit.
1972 703 2097 735 Deinde
2115 710 2225 736 nostra

1250 755 1348 776 causa
1382 752 1498 778 unctus
1532 748 1608 785 fuit,
1647 752 1681 778 ut
1715 747 1902 778 hauriamus
1936 757 2046 778 omnes
2081 757 2120 778 ex
2156 748 2224 778 eius

1251 787 1461 827 plenitudine.
1503 788 1611 828 Quare
1635 791 1701 829 ipse
1726 790 1886 830 Christus,
1911 800 1968 821 nos
1992 789 2031 820 ab
2055 800 2091 820 eo
2115 789 2223 821 Chris-

1251 831 1340 867 tiani,
1373 832 1461 870 quasi
1493 832 1589 862 rivuli
1620 842 1638 862 a
1669 833 1766 864 fonte.
1812 832 1899 871 Quia
1928 842 2007 864 vero
2039 833 2222 864 unctionem

1250 873 1333 904 hanc
1357 873 1389 904 in
1414 884 1509 905 earne
1533 884 1590 904 sua
1613 875 1733 915 recepit
1750 875 1911 913 Christus,
1934 874 2006 906 ideo
2029 875 2148 906 dicitur
2171 874 2224 906 hio

1250 922 1365 947 unctus
1389 927 1407 947 a
1431 916 1501 947 Deo
1523 927 1591 948 suo.
1627 917 1811 949 Absurdum
1836 918 1922 949 enim
1946 921 2031 949 esset
2055 917 2125 949 Deo
2148 917 2223 949 sub-

1248 959 1311 999 iici,
1335 959 1397 990 nisi
1421 959 1584 990 humanae
1607 964 1743 991 naturae
1768 966 1923 1000 respectu.

1334 1044 1382 1075 10.
1407 1044 1451 1076 Et
1472 1047 1505 1076 tu
1528 1045 1566 1076 ab
1589 1044 1688 1084 initio,
1713 1044 1856 1085 Domine,
1880 1048 1995 1077 terram
2011 1046 2172 1085 fundasti:
2196 1050 2224 1078 ct

1246 1096 1339 1126 opera
1361 1097 1512 1119 manuum
1534 1090 1661 1119 tuarum
1683 1090 1754 1118 sunt
1776 1088 1857 1119 coeli.
1900 1088 1948 1119 11.
1974 1088 2045 1128 Ipsi
2062 1089 2220 1129 peribunt,

1245 1131 1277 1160 tu
1315 1132 1416 1161 autem
1450 1141 1635 1170 permanes.-
1674 1133 1700 1161 et
1736 1140 1839 1161 omnes
1878 1132 1970 1169 quasi
2011 1133 2222 1164 vestimentum

1245 1175 1436 1210 veterascent,
1479 1173 1528 1204 12.
1551 1173 1595 1205 Et
1616 1176 1766 1212 tanquam
1789 1173 1934 1205 amictum
1957 1174 2089 1205 involves
2112 1185 2170 1215 eos,
2194 1178 2221 1206 et

1245 1216 1461 1247 mutabuntur:
1494 1219 1528 1248 tu
1558 1218 1657 1248 autem
1686 1216 1766 1247 idem
1795 1226 1835 1255 es,
1856 1218 1892 1252 ,et
1919 1217 1995 1247 anni
2017 1217 2064 1247 tm·
2085 1228 2145 1249 uon
2167 1217 2219 1249 de-

1243 1257 1354 1297 ficient.
1401 1259 1450 1290 13.
1473 1259 1527 1291 Ad
1555 1269 1644 1299 quem
1672 1269 1741 1290 vero
1762 1258 1939 1299 auqelorum
1961 1259 2043 1290 dixit
2066 1270 2221 1299 unquam:

1247 1300 1326 1332 Sede
1348 1312 1368 1332 α
1392 1302 1510 1333 dextris
1531 1302 1619 1342 meis,
1650 1302 1740 1333 donec
1762 1311 1882 1341 ponam
1904 1301 2045 1333 inimicos
2067 1305 2132 1334 tuos
2153 1313 2220 1334 sca-

1245 1343 1356 1376 bellum
1381 1345 1496 1384 pedum
1525 1345 1672 1376 tuorum?
1720 1344 1768 1376 14.
1792 1345 1908 1376 Annon
1936 1355 2039 1376 omnes
2066 1348 2137 1377 sunt
2166 1346 2220 1376 ad-

1243 1387 1465 1419 ministratorii
1494 1388 1638 1426 spiritus,
1669 1388 1724 1427 qui
1747 1388 1780 1418 in-
1802 1388 2009 1419 ministerium
2032 1389 2217 1425 emittuntur,

1238 1432 1366 1469 propter
1388 1440 1437 1462 eos
1461 1431 1514 1470 qui
1535 1430 1754 1462 haereditatem
1775 1430 1905 1470 capiunt
1926 1430 2062 1461 salutis?

1333 1515 1381 1547 10,
1414 1515 1457 1546 Et
1484 1518 1516 1546 tu
1545 1515 1584 1547 ab
1612 1516 1713 1548 tuitio.
1761 1515 1833 1547 Hoc
1863 1516 2083 1547 testimonium
2114 1516 2218 1556 prima

1243 1558 1348 1599 specie
1371 1558 1411 1589 ad
1431 1558 1600 1590 Christum
1624 1560 1733 1599 inepte
1757 1558 1840 1589 trahi
1862 1558 1963 1589 videri
1987 1560 2103 1599 posset,
2126 1568 2218 1598 prae-

1243 1602 1354 1633 sertim
1386 1602 1418 1632 in
1448 1612 1544 1633 causa
1572 1601 1670 1634 dubia
1693 1602 1796 1642 qualis
1821 1602 1872 1632 hic
1896 1606 2061 1633 tractatur.
2107 1602 2218 1642 Neque

1243 1645 1329 1675 euim
1354 1643 1528 1684 disputatio
1552 1651 1600 1676 est
1624 1646 1662 1675 de
1685 1645 1788 1685 gloria
1811 1644 1883 1683 Dei,
1910 1645 1965 1675 sed
1988 1644 2065 1684 quid
2089 1645 2218 1685 proprie

1243 1687 1374 1718 Christo
1395 1687 1576 1718 conveniat.
1611 1687 1711 1727 Atqui
1736 1686 1824 1718 nulla
1846 1687 1911 1718 illie
1933 1687 2059 1718 Christi
2083 1687 2216 1727 mentio,

1241 1731 1297 1761 sed
1322 1730 1409 1761 nuda
1432 1731 1624 1770 proponitur
1647 1730 1710 1760 Dei
1733 1730 1895 1761 maiestas.
1933 1730 2053 1761 Fateor
2076 1730 2216 1770 quidem,

1242 1778 1309 1803 toto
1334 1772 1456 1813 psalmo
1476 1783 1540 1804 non
1565 1773 1724 1804 nominari
1747 1772 1933 1804 Christum:
1958 1772 2013 1804 sed
2037 1773 2144 1812 palam
2168 1781 2216 1804 est

1241 1816 1286 1846 ita
1318 1816 1492 1856 designari,
1525 1821 1561 1847 ut
1591 1825 1684 1847 nemo
1718 1815 1855 1852 dubitet,
1887 1826 1928 1846 ex
1958 1815 2099 1855 professo
2125 1816 2216 1848 nobis

1240 1859 1458 1889 commendari
1493 1859 1562 1890 eius
1596 1869 1742 1899 regnum.
1800 1858 1913 1898 Itaque
1947 1857 2216 1890 accommodanda

1240 1907 1318 1932 sunt
1340 1902 1408 1932 eius
1432 1911 1588 1941 personae
1611 1911 1820 1941 quaecunque
1843 1901 1909 1933 illic
1932 1900 2100 1932 habentur.
2141 1901 2215 1933 Non

1239 1944 1325 1975 enim
1346 1943 1405 1975 hoc
1422 1945 1484 1975 nisi
1501 1945 1534 1975 in
1552 1943 1684 1977 Christo
1701 1945 1870 1983 impletum
1887 1950 1946 1984 est,
1970 1944 2019 1974 Tu
2036 1954 2216 1984 exsurgens

1240 1987 1443 2018 misereberis
1466 1987 1557 2026 Sion,
1590 1993 1624 2018 ut
1654 1987 1789 2017 timeant
1816 1991 1931 2027 gentes
1961 1997 2079 2017 nomen
2111 1993 2215 2024 tuum,

1238 2036 1270 2061 et
1298 2040 1409 2061 omnes
1437 2040 1529 2070 reges
1559 2036 1664 2061 terrae
1687 2029 1823 2070 gloriam
1848 2035 1948 2060 tuam.
1992 2029 2084 2067 Item,
2116 2040 2214 2069 quum

1238 2073 1347 2112 populi
1370 2073 1559 2113 congregati
1583 2073 1706 2104 fuerint.
1724 2073 1828 2111 simul,
1851 2078 1883 2103 et
1902 2082 2003 2113 regna
2019 2076 2054 2103 ut
2070 2074 2215 2104 serviant

1238 2115 1389 2146 Domino.
1423 2115 1562 2147 Frustra
1585 2121 1671 2147 certe
1696 2115 1783 2147 hunc
1802 2115 1909 2146 Deum
1933 2126 1989 2156 per
2009 2125 2103 2155 quem
2127 2121 2214 2147 totus

1239 2157 1377 2188 mundus
1401 2158 1434 2188 in
1459 2168 1556 2189 unam
1581 2158 1676 2190 fidem
1700 2168 1736 2189 ac
1760 2158 1821 2189 Dei
1844 2158 1969 2189 cultum
1992 2158 2120 2197 coaluit,
2151 2159 2214 2190 nisi

1238 2201 1272 2232 in
1296 2201 1429 2232 Christo
1451 2211 1652 2241 quaeremus.
1684 2201 1771 2241 Ergo
1795 2201 1919 2240 reliqua
1942 2201 2051 2240 etiam,
2074 2211 2154 2241 quae
2178 2201 2213 2231 in

1239 2243 1361 2284 psalmo
1385 2244 1602 2284 continentur,
1626 2248 1699 2284 apte
1723 2244 1882 2284 quadrant
1901 2243 2024 2275 Christi
2042 2254 2212 2284 personae:

1238 2292 1333 2326 atque
1358 2286 1416 2318 hoc
1440 2287 1523 2318 inter
1547 2287 1618 2325 alia,
1649 2287 1733 2327 quod
1758 2287 1848 2318 Deus
1871 2292 1918 2318 est
1942 2292 2102 2326 aeternus,
2133 2286 2213 2318 coeli

1237 2335 1269 2361 et
1293 2335 1396 2360 terrae
1419 2335 1558 2361 creator:
1589 2330 1672 2370 quod
1701 2329 1748 2360 illi
1775 2329 1973 2370 perpetuitas
1998 2330 2150 2361 tribuitur
2173 2328 2213 2360 ab

1237 2373 1326 2403 omni
1355 2373 1533 2403 mutatione
1561 2378 1720 2413 exempta,
1751 2382 1814 2412 quo
1837 2377 1870 2403 et
1893 2372 1962 2404 eius
1985 2372 2136 2404 maiestas
2158 2382 2213 2403 ex-

1238 2415 1364 2446 tollitur
1393 2415 1427 2445 in
1458 2425 1622 2447 summum
1657 2416 1836 2456 fastigium,
1870 2421 1902 2446 et
1931 2416 2000 2455 ipse
2030 2414 2070 2445 ab
2099 2415 2213 2446 ordine

1236 2458 1380 2488 omnium
1404 2464 1626 2489 creaturarum
1649 2458 1811 2489 eximitur.
1856 2457 1953 2497 Quod
1977 2457 2085 2489 David
2109 2457 2212 2489 coelos

1237 2502 1396 2541 perituros
1426 2501 1532 2541 docet,
1563 2501 1607 2532 ita
1638 2500 1766 2540 quidam
1798 2501 1979 2538 resolvunt,
2010 2501 2137 2532 etiamsi
2165 2500 2211 2531 ita

1236 2544 1454 2583 contingeret:
1479 2544 1569 2583 quasi
1593 2543 1675 2574 nihil
1699 2544 1851 2575 affirmet.
1888 2543 2011 2575 Verum
2036 2543 2112 2583 quid
2131 2553 2211 2583 opus

1236 2592 1284 2617 est
1307 2585 1367 2617 hac
1390 2592 1498 2617 coacta
1521 2587 1730 2626 expositione,
1758 2596 1859 2626 quum
1883 2587 2024 2619 sciamus
2047 2591 2211 2617 creaturas

1235 2639 1346 2660 omnes
1371 2630 1506 2660 vanitati
1534 2639 1603 2661 esse
1631 2628 1814 2661 subiectas?
1861 2627 2027 2668 Quorsum
2051 2630 2137 2660 enim
2160 2637 2210 2658 re-

1975 2688 1991 2713 2
