2513 3126
288 213 349 246 307

293 314 326 345 in
341 313 433 345 nobis
454 313 615 344 inclusum
636 311 778 342 ferimus.
811 311 909 343 Pauci
931 312 990 344 hoc
1003 312 1133 352 quidem
1148 322 1265 353 expen-

293 357 385 394 dunt,
410 365 505 395 quam
526 355 644 385 misera
668 358 700 386 et
723 354 836 385 infelix
862 355 904 385 sit
928 355 1143 387 conscientiae
1168 355 1266 388 vacil-

292 399 385 431 latio:
417 398 471 429 sed
497 398 539 427 ita
564 407 614 428 res
639 397 750 434 habet,
775 397 937 428 infernum
962 407 1100 438 regnare
1123 397 1177 430 ubi
1203 409 1266 430 non

293 447 342 473 est
366 451 428 481 pax
453 450 524 471 cum
551 439 631 471 Deo.
678 439 752 479 Quo
773 441 878 481 magis
901 440 1051 480 amplecti
1068 445 1137 472 toto
1160 442 1268 473 animo

293 485 375 516 hanc
396 483 639 524 promissionem
660 483 759 519 decet,
784 493 865 523 quae
884 488 1005 515 certam
1025 484 1175 516 omnibus
1195 495 1267 525 pec-

293 532 362 559 cata
396 536 454 557 sua
484 525 711 557 confitentibus
742 526 870 557 veniam
899 525 1004 558 offert.
1051 526 1154 558 Porro
1184 526 1267 559 hanc

291 571 323 600 in
355 569 416 600 Dei
450 569 512 599 fide
543 574 575 600 et
603 569 725 600 iustitia
757 568 922 600 fundatam
954 579 1025 601 esse
1056 569 1161 601 docet:
1193 570 1268 610 quia

292 612 392 651 Deus,
418 612 473 651 qui
499 611 656 652 promisit,
684 621 783 643 verax
807 616 855 643 est
879 622 914 644 ac
942 616 1058 644 rectus.
1104 612 1187 644 Nam
1211 613 1266 653 qui

290 655 449 686 iustum
486 655 592 686 vocari
625 657 741 694 putant
778 654 853 695 quia
887 665 945 686 nos
976 656 1077 695 gratis
1100 656 1294 696 ,iustitiae-ts

290 698 428 729 nimium
443 703 555 738 argute
574 697 659 738 (meo
681 697 812 739 iudicio)
828 697 1109 738 philosophantur.
1136 699 1267 730 Iustitia

290 741 377 772 enim
402 740 482 772 haec
506 750 523 771 a
547 740 611 770 fide
635 740 769 780 pendet:
802 747 939 781 utraque
963 751 1038 773 vero
1061 742 1267 782 promissioni

292 793 421 815 annexa
439 788 496 814 est.
534 783 651 814 Posset
666 783 752 814 enim
774 783 893 824 alioqui
913 784 1016 816 iustus
1036 795 1105 816 esse
1118 783 1217 821 Deus,
1237 789 1268 814 et

293 832 403 858 tamen
421 836 544 857 summo
561 826 629 857 iure
643 826 810 858 nobiscum
824 837 935 868 agere:
954 826 1009 858 sed
1023 827 1098 867 quia
1114 837 1148 858 se
1167 827 1267 858 verbo

292 880 348 901 suo
363 868 454 900 nobis
464 869 667 907 constrinxit,
680 869 788 901 iustus
798 870 922 902 censeri
932 880 995 901 non
1006 870 1086 906 vult,
1102 870 1164 901 nisi
1178 870 1268 909 igno-

291 915 368 943 scat.
416 911 589 943 Caeterum
611 912 771 944 confessio
788 912 867 945 haec
886 923 982 953 quum
1004 913 1043 944 ad
1061 912 1167 944 Deum
1188 912 1267 944 refc-

291 959 390 992 ratur,
415 955 579 986 sincerum
604 954 708 986 cordis
731 955 882 987 affectum
905 956 1057 996 requirit:
1081 965 1135 987 cor
1159 959 1266 986 autem

292 998 380 1037 loqui
404 996 475 1028 Deo
505 1008 570 1029 non
602 1003 707 1038 potest
738 999 858 1038 absque
890 999 974 1030 vitae
997 999 1158 1030 novitate:
1191 1007 1268 1038 ergo

295 1050 406 1072 veram
431 1041 462 1071 in
493 1051 528 1071 se
559 1041 791 1080 poenitentiam
822 1042 975 1073 continet.
1022 1041 1176 1073 Gratuito
1199 1040 1269 1080 qui-

294 1083 366 1114 dem
391 1083 525 1114 remittit
545 1083 645 1123 Deus,
662 1083 717 1115 sed
737 1084 792 1123 ita,
814 1088 849 1115 ut
869 1084 1106 1116 misericordiae
1130 1082 1267 1115 facilitas

292 1136 356 1158 non
381 1126 424 1157 sit
446 1126 598 1158 illecebra
622 1126 784 1166 peccandi.

378 1168 495 1210 Puryet
517 1179 583 1201 nos.
618 1170 786 1210 Purgandi
800 1170 935 1201 verbum
953 1169 1081 1201 videtur
1094 1169 1156 1200 alio
1169 1178 1266 1200 sensu

290 1222 404 1252 capere
428 1222 522 1252 quam
547 1212 648 1253 prius,
693 1212 777 1244 Nam
803 1212 924 1244 Christi
952 1213 1110 1253 sanguine
1133 1211 1266 1252 purgari

291 1265 351 1286 nos
375 1254 518 1294 dicebat,
549 1256 626 1294 quia
650 1255 718 1287 eius
742 1255 896 1287 beneficio
920 1261 1049 1295 peccata
1072 1265 1137 1286 non
1161 1255 1265 1295 impu-

291 1302 420 1329 tantur:
444 1307 532 1329 nunc
555 1308 633 1329 vero
655 1302 826 1338 postquam
852 1298 890 1329 de
914 1297 1010 1329 venia
1033 1298 1184 1338 loquutus
1208 1301 1266 1336 est,

291 1340 382 1372 addit
401 1340 511 1380 etiam,
534 1339 641 1372 Deum
662 1351 719 1372 nos
742 1351 880 1381 purgare
900 1341 939 1372 ab
955 1341 1130 1372 iniustitia:
1151 1345 1186 1372 ut
1204 1339 1265 1372 hoc

291 1382 469 1415 secundum
500 1383 681 1415 membrum
716 1383 880 1415 diversum
916 1384 958 1415 sit
992 1394 1010 1415 a
1044 1384 1159 1424 priore.
1214 1383 1265 1414 Ita

292 1425 451 1466 duplicem
472 1437 511 1457 ex
525 1427 724 1458 confessione
743 1427 882 1458 fructum
902 1426 942 1457 ad
963 1437 1021 1458 nos
1040 1426 1145 1458 redire
1163 1426 1263 1468 signi·

292 1470 384 1501 ficat:
417 1469 501 1508 quod
525 1469 616 1501 Deus
640 1468 763 1500 Christi
794 1469 952 1501 sacrificio
982 1470 1144 1510 placatus,
1174 1468 1265 1501 nobis

294 1512 443 1552 ignoscit,
467 1517 497 1542 et
522 1512 604 1552 quod
629 1522 686 1543 nos
710 1512 841 1553 corrigit
865 1522 901 1543 ac
924 1513 1088 1545 reformat.
1135 1511 1172 1545 Si
1195 1512 1266 1553 quis

294 1555 430 1591 obiiciat,
456 1565 633 1594 nunquam,
654 1555 731 1586 dum
752 1555 785 1586 in
805 1555 927 1586 mundo
946 1557 1203 1597 peregrinamur,
1227 1555 1266 1587 ab

296 1598 385 1628 omni
415 1597 577 1629 iniustitia
607 1607 666 1629 nos
688 1599 837 1639 purgari:
866 1604 1024 1638 quantum
1053 1599 1093 1630 ad
1115 1599 1267 1630 reforma-

293 1640 414 1672 tionem
438 1645 571 1681 spectat,
595 1651 708 1672 verum
732 1641 765 1672 id
788 1640 916 1681 quidem
941 1647 1006 1673 est:
1030 1642 1086 1674 sed
1103 1641 1267 1673 Iohannes

294 1693 361 1714 non
386 1683 478 1715 docet
494 1683 570 1723 quid
590 1683 681 1715 Deus
705 1695 791 1716 nunc
809 1685 956 1725 perficiat
974 1685 1007 1716 in
1026 1685 1127 1716 nobis.
1172 1684 1267 1716 Fide-

294 1726 334 1757 lis
353 1731 411 1765 est,
430 1726 543 1766 inquit,
563 1729 600 1758 ut
617 1737 675 1758 nos
687 1727 836 1758 mundet:
855 1738 921 1759 non
942 1727 1036 1760 hodie
1055 1728 1188 1768 scilicet,
1207 1737 1266 1759 nec

291 1778 373 1800 cras.
409 1768 492 1800 Nam
512 1769 666 1809 quamdiu
687 1780 784 1802 carne
803 1770 995 1803 circumdati
1012 1781 1134 1810 sumus,
1156 1781 1214 1802 nos
1232 1770 1266 1801 in

293 1812 448 1844 continuo
467 1813 613 1852 profectu
633 1823 702 1844 esse
721 1817 863 1854 oportet:
883 1814 940 1845 sed
951 1814 1035 1855 quod
1052 1814 1151 1846 semel
1163 1813 1268 1853 coepit

294 1854 437 1895 quotidie
461 1856 566 1896 pergit
588 1855 707 1895 facere,
730 1856 831 1888 donec
855 1856 986 1888 tandem
1011 1857 1167 1889 absolvat.
1212 1856 1268 1888 Sic

295 1897 418 1929 Paulus
435 1897 511 1930 dicit
528 1898 648 1939 (Colos.
669 1900 697 1937 1,
721 1899 786 1941 22),
810 1909 870 1931 nos
891 1900 1011 1932 electos
1030 1910 1110 1941 esse,
1133 1904 1169 1931 ut
1190 1899 1269 1930 irre·

295 1940 528 1980 prehensibiles
569 1952 782 1983 appareamus
823 1952 930 1974 coram
974 1943 1054 1974 Deo.
1109 1943 1153 1973 Et
1193 1941 1269 1974 alibi

296 1982 429 2023 (Ephes.
443 1984 472 2022 5,
486 1984 527 2025 7),
547 1984 741 2016 Mundatam
755 1996 824 2017 esse
839 1985 1018 2025 ecclesiam,
1037 1990 1073 2017 ut
1092 1985 1135 2017 sit
1150 1985 1270 2025 absque

297 2026 385 2056 omni
403 2037 483 2067 ruga
502 2033 533 2058 01
553 2028 690 2059 macula.
720 2027 925 2069 Quamquam
943 2029 969 2060 si
983 2029 1055 2069 quis
1067 2034 1270 2069 praesentem

296 2067 400 2099 locum
423 2079 513 2101 secus
535 2070 743 2112 interpretari
763 2071 866 2110 malit,
890 2072 983 2112 quasi
1001 2071 1088 2103 idem
1107 2071 1156 2103 bis
1175 2071 1270 2110 dicat,

298 2110 435 2142 liberum
457 2112 489 2142 id
514 2113 671 2154 relinquo.

385 2153 434 2185 10.
466 2154 647 2187 Mendacem
662 2156 806 2196 facimus.
836 2157 932 2189 Ultra
950 2157 1167 2198 progreditur,
1185 2156 1270 2197 quod

300 2197 408 2229 Deum
423 2197 647 2237 blasphement
657 2201 709 2239 qui
723 2200 783 2231 sibi
797 2200 971 2241 puritatem
985 2205 1149 2241 arrogant.
1173 2199 1272 2231 Vide-

298 2250 372 2271 mus
395 2240 480 2271 enim
505 2247 541 2272 ut
558 2242 676 2281 passim
701 2246 804 2274 totum
828 2253 932 2284 genus
948 2243 1128 2274 humanum
1149 2242 1271 2284 peccati

299 2282 447 2314 damnet:
482 2293 582 2323 quare
613 2284 731 2316 bellum
763 2296 835 2317 cum
860 2286 930 2317 Deo
960 2286 1095 2327 suscipit
1128 2285 1272 2326 quisquis

299 2325 442 2366 effugere
461 2330 568 2357 tentat
586 2326 670 2359 hanc
689 2327 946 2360 damnationem:
970 2329 1139 2369 ipsumque
1163 2328 1271 2369 arguit

299 2369 467 2407 mendacii,
491 2370 585 2410 quasi
614 2370 794 2401 immeritos
823 2375 957 2412 premat.
1004 2371 1270 2403 Confirmationis

299 2421 395 2443 causa
414 2412 513 2450 addit,
533 2422 761 2444 sermonem
780 2412 856 2445 Dei
876 2424 956 2445 non
973 2425 1062 2446 esse
1081 2415 1122 2445 in
1139 2413 1269 2446 nobis:

299 2463 336 2486 ac
355 2455 381 2485 si
394 2454 514 2486 diceret
533 2465 592 2487 nos
608 2460 731 2487 tantem
750 2456 819 2487 eius
833 2456 1012 2488 doctrinam
1026 2457 1168 2495 reiicere,
1188 2466 1271 2497 quae

299 2496 358 2527 sub
375 2502 465 2529 reatu
487 2507 599 2529 omnes
618 2498 766 2530 includit.
796 2498 891 2530 Unde
910 2500 1099 2541 colligimuS,
1119 2510 1178 2532 1108
1193 2505 1271 2530 111110

300 2539 430 2571 (1011111111
462 2541 524 2572 rite
547 2541 719 2581 profecisse
741 2542 775 2572 in
799 2541 897 2573 verbo
920 2542 1068 2582 Domini,
1096 2543 1172 2574 dum
1196 2552 1272 2574 vere

300 2582 463 2614 humiliati
495 2594 625 2615 sumus:
656 2589 693 2615 ut
715 2590 882 2625 gementes
904 2585 963 2616 sub
988 2586 1141 2617 vitiorum
1165 2594 1271 2622 onere,

300 2626 473 2666 confugere
493 2626 653 2658 discamus
677 2628 716 2658 ad
734 2626 798 2658 Dei
821 2627 1090 2659 misericordiam:
1114 2639 1174 2660 nec
1197 2627 1272 2660 alibi

298 2677 397 2707 quam
420 2669 453 2699 in
478 2675 613 2709 paterna
635 2669 700 2701 Dei
723 2669 926 2711 indulgentia
948 2672 1198 2711 acquiescamus.

1099 215 1239 247 Epls'r.
1265 215 1409 248 IOHAN
1418 217 1489 248 le

2230 220 2292 252 308

1678 314 1857 354 CAPUT
1882 314 1935 353 ΙΙ.

1409 400 1435 430 1.
1462 398 1573 429 Filioli
1596 399 1667 439 mei,
1690 398 1762 431 hacc
1784 398 1883 430 scribo
1905 399 1990 431 vobis
2011 402 2045 431 ut
2068 409 2128 432 non
2146 401 2293 440 peccetis:

1319 442 1399 481 quod
1421 441 1450 472 si
1468 441 1538 480 quis
1555 442 1735 481 peccaverit,
1758 441 1940 474 advocatum
1961 441 2110 474 habemus
2131 443 2217 483 apud
2232 454 2293 483 pa-

1319 487 1403 523 trem,
1428 483 1536 514 Iesum
1561 483 1727 525 Christum,
1750 485 1883 516 iustum.-
1913 485 1944 516 2.
1968 484 2011 516 Et
2033 486 2099 525 ipSet
2121 489 2165 517 est
2182 487 2291 526 propi-

1319 527 1408 558 tiatio
1422 536 1481 566 pro
1494 527 1630 566 peccatis
1641 528 1766 566 nostris,
1785 537 1845 559 mm
1856 538 1918 567 pro
1933 529 2048 561 nostris
2066 531 2167 560 autem
2185 528 2294 569 solum,

1319 569 1373 601 scd
1395 570 1488 600 ctiam
1504 579 1566 608 pro
1586 570 1682 602 totius
1703 570 1821 602 mundi.

1404 654 1433 686 3.
1467 654 1578 686 Filiozi
1600 656 1670 687 mei.
1716 656 1776 688 Est
1799 656 1878 688 haec
1903 667 1967 687 non
1992 656 2100 694 modo,
2130 657 2293 698 ἀνακεφα-

1319 696 1447 734 λαίωσις
1464 698 1638 738 superioris
1658 698 1831 737 doctrinae,
1854 699 1909 730 sed
1933 699 2034 732 totius
2064 699 2130 732 fere
2153 710 2294 741 evange-

1320 741 1352 772 lii
1372 751 1508 777 summa,
1522 745 1557 772 ut
1576 741 1796 784 abstineamus
1815 752 1834 774 a
1865 742 2018 782 peccatis:
2038 747 2070 774 et
2089 747 2197 774 tamen
2217 743 2292 783 quia

1320 793 1447 823 semper
1487 783 1618 815 obnoxii
1660 794 1772 817 sumus
1812 784 1875 816 Dei
1910 785 2044 824 iudicio,
2079 787 2158 818 certi
2192 786 2294 817 simus

1320 826 1490 858 Christum
1514 837 1587 858 cum
1611 827 1768 859 sacrificio
1792 828 1904 860 mortis
1926 838 2003 859 suae
2026 828 2234 867 intercedere,
2259 833 2294 860 ut

1320 874 1444 910 patrem
1476 869 1568 901 nobis
1598 870 1757 910 propitiet.
1804 870 1934 902 Interea
1962 871 2172 912 occupatione
2195 872 2293 902 etiam

1320 913 1432 950 utitur,
1463 922 1502 943 ne
1521 912 1592 952 quis
1617 917 1709 953 putet
1731 923 1806 944 eum
1835 913 1989 953 peccandi
2018 914 2181 946 licentiam
2206 914 2294 954 dare,

1319 965 1418 995 quum
1436 954 1474 986 de
1494 955 1713 987 misericordia
1729 955 1791 987 Dei
1815 956 2034 996 concionatur,
2056 961 2089 989 et
2112 967 2181 988 eam
2202 957 2294 989 docet

1320 998 1413 1029 nobis
1437 998 1586 1030 omnibus
1602 1009 1672 1030 esse
1688 1000 1879 1039 expositam.
1926 999 2016 1031 Duas
2031 1009 2109 1041 ergo
2133 999 2293 1041 evangelii

1319 1044 1429 1080 partes
1451 1041 1549 1072 simul
1573 1042 1757 1082 coniungit,
1781 1052 1859 1082 quas
1881 1042 2069 1082 separando,
2092 1043 2292 1083 praeposteri

1319 1083 1466 1115 homines
1478 1083 1557 1114 illud
1571 1083 1714 1116 lacerant
1727 1094 1764 1115 ac
1776 1084 1939 1116 mutilant.
1974 1085 2148 1117 Praeterea
2165 1096 2292 1126 semper

1320 1126 1466 1158 doctrina
1481 1127 1615 1167 gratiae,
1636 1127 1775 1159 obnoxia
1793 1126 1854 1159 fuit
1872 1128 2092 1168 improborum
2111 1128 2292 1160 calumniis.

1320 1169 1429 1208 Quum
1461 1170 1653 1210 proponitur
1683 1171 1716 1202 in
1743 1170 1875 1202 Christo
1906 1176 2109 1211 peccatorum
2141 1171 2293 1211 expiatio,

1319 1211 1473 1253 peccandi
1503 1212 1666 1245 licentiam
1696 1213 1827 1245 concedi
1857 1214 1987 1245 iactant.
2038 1213 2101 1246 His
2131 1214 2226 1245 malis
2255 1218 2294 1245 ut

1319 1260 1467 1287 occurrat
1476 1256 1652 1295 apostolus,
1666 1257 1770 1296 primo
1780 1260 1919 1287 testatur
1932 1256 2019 1288 hunc
2037 1267 2107 1288 esse
2124 1256 2292 1289 doctrinae

1319 1307 1397 1329 suae
1432 1299 1544 1339 finem,
1579 1304 1616 1330 ut
1649 1298 1798 1331 homines
1828 1309 1960 1339 peccare
1995 1299 2155 1331 desinant.
2208 1299 2292 1330 Nam

1319 1351 1415 1381 quum
1447 1340 1541 1380 dicit,
1571 1346 1615 1372 ut
1639 1351 1716 1373 non
1745 1343 1949 1382 peccetis,
1979 1341 2040 1373 hoc
2071 1347 2198 1374 tantum
2223 1342 2293 1374 vult

1319 1389 1354 1416 ut
1376 1393 1435 1424 pro
1454 1383 1616 1416 humanae
1639 1385 1839 1416 infirmitatis
1855 1384 1949 1416 modo
1970 1385 2158 1416 abstineant
2180 1395 2199 1416 a
2222 1396 2294 1426 pec-

1319 1427 1409 1459 catis.
1465 1427 1573 1467 Atque
1607 1427 1670 1459 huc
1704 1432 1828 1468 spectat
1864 1427 1948 1468 quod
1982 1428 2046 1459 iam
2078 1428 2216 1460 tractavi
2252 1428 2291 1459 de

1319 1470 1471 1502 societate
1487 1480 1560 1501 cum
1577 1469 1658 1509 Deo,
1682 1475 1718 1501 ut
1737 1471 1916 1502 conformes
1939 1470 1986 1502 illi
2005 1471 2116 1502 simus.
2160 1470 2294 1502 Interea

1319 1517 1429 1544 tamen
1454 1513 1493 1544 de
1509 1513 1653 1554 gratuita
1668 1519 1869 1553 peccatorum
1889 1514 2079 1545 remissione
2098 1522 2165 1544 non
2189 1518 2291 1545 tacet:

1319 1556 1393 1596 quia
1416 1556 1552 1595 etiamsi,
1576 1556 1702 1588 coelum
1726 1567 1834 1594 ruere,
1862 1561 1894 1588 et
1916 1556 2025 1587 omnia
2048 1556 2176 1588 misceri
2200 1556 2293 1588 debe—

1319 1603 1385 1635 ant.
1410 1598 1490 1631 haec
1514 1609 1588 1639 pars
1613 1599 1778 1630 doctrinae
1802 1609 1971 1639 nunquam
1995 1598 2190 1630 omittenda:
2214 1599 2292 1640 quin

1319 1642 1423 1682 potius
1458 1642 1544 1673 clare
1577 1646 1609 1673 et
1646 1642 1764 1673 diserte
1799 1641 2051 1682 praedicandum
2085 1644 2135 1674 est
2167 1641 2291 1674 Christi

1318 1685 1472 1716 officium.
1523 1684 1577 1717 Sic
1607 1685 1703 1716 etiam
1734 1685 1830 1716 hodie
1853 1695 1912 1716 nos
1942 1695 2037 1725 agere
2061 1684 2161 1717 decet.
2207 1684 2293 1724 Quia

1318 1728 1468 1767 proclivis
1492 1733 1541 1759 est
1559 1737 1633 1759 caro
1656 1727 1695 1758 ad
1717 1728 1892 1765 lasciviam,
1915 1727 2026 1759 sedulo
2048 1727 2200 1759 monendi
2215 1732 2293 1759 sunt

1320 1771 1484 1809 homines,
1516 1770 1674 1802 iustitiam
1703 1775 1734 1802 et
1762 1771 1900 1802 salutem
1931 1775 2036 1802 morte
2065 1770 2190 1803 Christi
2219 1770 2292 1802 ideo

1292 1845 1294 1852 ,
1320 1819 1445 1854 partam
1476 1824 1561 1852 esse,
1593 1818 1628 1845 ut
1651 1813 1753 1845 simus
1781 1823 1909 1845 sacrum
1934 1814 1995 1845 Dei
2018 1813 2188 1854 peculium.
2234 1812 2294 1845 Ut-

1320 1866 1446 1897 cunque
1463 1861 1571 1888 tamen
1589 1856 1707 1888 multos
1721 1856 1782 1888 Dei
1803 1856 2023 1888 misericordia
2038 1861 2188 1897 proterve
2204 1855 2294 1887 abuti

1322 1900 1504 1940 contingat,
1526 1899 1622 1930 multi
1645 1900 1741 1930 etiam
1765 1910 1861 1931 canes
1884 1899 2081 1931 calumniose
2104 1909 2163 1931 nos
2188 1898 2295 1931 tradu-

1322 1947 1405 1979 cant,
1429 1942 1522 1982 quasi
1546 1943 1633 1974 vitiis
1657 1942 1769 1974 fraena
1792 1942 1956 1974 laxemus:
1988 1942 2115 1974 fortiter
2145 1942 2178 1973 in
2208 1951 2294 1973 asse-

1321 1985 1423 2016 renda
1438 1985 1562 2017 Christi
1581 1985 1685 2026 gratia
1708 1984 1907 2026 pergendum
1932 1989 1989 2024 est,
2012 1985 2047 2016 in
2069 1995 2133 2025 qua
2152 1985 2296 2016 maxime

1322 2027 1385 2059 Dei
1402 2028 1504 2069 gloria
1519 2028 1668 2069 refulget,
1694 2031 1825 2069 totaque
1844 2028 2014 2059 hominum
2033 2028 2120 2060 salus
2136 2027 2294 2059 consistit.

1323 2070 1506 2112 Spernendi
1524 2075 1601 2102 sunt
1622 2071 1758 2111 inquam
1782 2071 1836 2102 isti
1860 2071 2030 2112 impiorum
2055 2071 2202 2108 latratus,
2226 2070 2294 2110 qui—

1323 2114 1381 2145 bus
1413 2114 1577 2154 impetitos
1608 2113 1758 2145 videmus
1791 2113 1892 2146 fuisse
1926 2114 2094 2154 apostolos.
2147 2113 2219 2144 Hac
2255 2111 2296 2143 de

1323 2166 1418 2188 causa
1439 2157 1617 2189 secundum
1641 2157 1822 2188 membrum
1847 2167 1924 2188 mox
1946 2156 2092 2193 subiicit,
2120 2155 2294 2187 advoca-

1324 2205 1405 2231 tum
1435 2199 1529 2231 nobis
1556 2209 1642 2240 esse,
1673 2200 1726 2231 ubi
1757 2199 1972 2240 peccavimus.
2029 2198 2156 2238 Quibus
2187 2197 2294 2229 verbis

1323 2243 1494 2274 confirmat
1517 2242 1600 2283 quod
1623 2243 1687 2273 iam
1707 2242 1795 2282 prius
1819 2242 2002 2279 habuimus,
2025 2242 2100 2282 quia
2123 2241 2218 2282 longe
2241 2240 2293 2272 ab·

1323 2296 1434 2317 sumus
1453 2296 1472 2317 a
1490 2285 1631 2326 perfecta
1654 2285 1786 2324 iustitia,
1810 2285 1875 2316 imo
1894 2284 2036 2325 quotidie
2055 2288 2181 2315 reatum
2201 2282 2293 2314 nobis

1323 2328 1532 2360 accersimus:
1562 2337 1632 2359 esse
1661 2327 1757 2359 simul
1787 2328 1822 2358 in
1846 2333 1997 2368 promptu
2019 2326 2199 2358 remedium
2222 2325 2295 2357 Deo

1322 2371 1493 2412 placando,
1524 2371 1551 2403 si
1580 2370 1620 2401 ad
1643 2370 1812 2402 Christum
1841 2369 2057 2410 confugimus.
2102 2370 2211 2409 Atque
2234 2368 2294 2400 hoc

1322 2414 1426 2445 solum
1450 2419 1513 2452 est,
1545 2414 1579 2444 in
1602 2423 1665 2454 quo
1686 2413 1888 2453 acquiescere
1910 2418 2047 2453 possunt
2069 2412 2293 2444 conscientiae.

1322 2457 1353 2487 in
1378 2467 1442 2497 quo
1464 2457 1649 2488 continetur
1667 2454 1835 2486 hominum
1858 2455 1992 2494 iustitia,
2016 2455 2048 2486 in
2072 2465 2134 2495 quo
2157 2454 2293 2486 fundata

1322 2504 1371 2531 est
1400 2510 1474 2540 spes
1503 2499 1627 2531 salutis.
1677 2497 1912 2530 Conditionalis
1942 2498 2102 2538 particuia
2130 2498 2164 2529 si
2187 2498 2293 2537 quis,

1323 2542 1418 2573 debet
1436 2543 1470 2573 in
1489 2542 1650 2574 causalem
1669 2541 1806 2572 resolvi:
1830 2550 1905 2571 nam
1922 2541 1992 2573 fieri
2012 2551 2075 2572 non
2092 2544 2197 2581 potest
2212 2540 2293 2580 quin

1324 2595 1500 2625 peccemus.
1545 2584 1696 2625 Denique
1718 2584 1881 2624 significat
1905 2583 2085 2622 Iohannes,
2111 2593 2176 2615 non
2200 2581 2295 2614 modo

1324 2638 1382 2660 nos
1414 2628 1560 2660 revocari
1583 2637 1602 2658 a
1632 2627 1771 2668 peccatis
1795 2636 1852 2666 per
1875 2627 2098 2668 evangelium,
2130 2625 2205 2666 quia
2227 2624 2293 2656 illic

1325 2681 1384 2702 nos
1407 2671 1447 2702 ad
1471 2681 1505 2702 se
1529 2670 1618 2702 Deus
1639 2670 1771 2708 invitat,
1799 2674 1831 2700 et
1854 2670 2003 2710 spiritum
2038 2667 2294 2710 regenerationis
