2513 3126
292 210 356 241 263

296 316 374 347 ergo
398 306 519 337 radices
544 305 576 334 in
602 302 693 334 nobis
716 305 800 342 agat,
827 303 861 332 ut
886 300 1002 333 deinde
1025 301 1170 342 proferat
1192 310 1265 333 con-

296 349 444 382 sessionis
468 347 618 377 fructum.

385 392 434 422 16.
465 389 542 421 Cum
571 387 817 419 mansuetudine.
871 384 973 417 Valde
1003 386 1185 418 necessaria
1212 386 1265 418 ad-

296 434 438 466 monitio.
484 431 554 462 Nisi
585 431 672 462 enim
704 429 744 461 ad
769 428 959 460 modestiam
982 429 1177 469 compositae
1200 429 1266 460 sint

296 482 428 511 mentes,
452 474 562 505 statim
586 473 811 505 contentiones
834 471 1004 503 ebulliunt.
1046 471 1265 504 Mansuetudo

295 526 401 551 autem
426 523 491 548 tam
515 516 684 557 superbiae
708 518 740 547 et
756 518 912 547 ventosae
928 515 1149 553 ostentationi,
1172 524 1264 556 quam

295 561 394 592 nimio
429 559 546 592 fervori
581 559 764 599 opponitur.
817 557 905 590 Huic
935 557 1049 589 merito
1083 557 1264 589 timorem

296 603 478 644 coniungit:
509 612 584 633 nam
608 601 661 633 ubi
686 601 810 632 obtinet
833 599 896 632 Dei
919 600 1112 641 reverentia,
1136 610 1264 632 omnem

293 647 476 678 animorum
505 645 655 677 ferociam
686 643 810 676 domat:
843 643 1030 684 praesertim
1061 653 1139 675 vero
1166 643 1266 676 efficit

293 695 329 721 ut
366 688 492 730 placide
529 692 704 719 tractemus
742 686 804 718 Dei
845 686 1010 728 mysteria.
1069 685 1154 718 Nam
1190 686 1265 718 inde

293 732 445 764 oriuntur
467 730 684 762 contentiosae
708 729 953 770 disputationes,
976 729 1061 770 quod
1086 729 1169 761 bona
1190 739 1265 770 pars

295 776 403 806 minus
438 774 613 805 honorifice
650 783 747 813 quam
780 771 927 813 decebat,
965 772 1004 804 de
1037 772 1184 804 coelestis
1217 782 1264 804 sa-

296 818 436 858 pientiae
455 815 680 858 magnitudine
696 815 850 855 sentiens,
873 815 1007 856 profana
1023 815 1156 847 audacia
1171 814 1264 846 effer-

294 867 355 892 tur.
401 859 510 899 Quare
533 859 560 891 si
584 859 654 890 Deo
677 858 751 890 fidei
777 862 908 890 nostrae
931 858 1166 889 confessionem
1190 867 1263 898 pro-

294 903 369 934 bare
392 903 553 939 volumus,
578 901 662 933 absit
684 901 789 933 omnis
812 901 975 939 iactantia,
1000 901 1136 932 facessat
1157 900 1264 931 omnis

291 946 466 978 eontentio.

380 987 603 1021 szscientiam
633 986 783 1019 habentes.
829 986 915 1026 Quia
941 996 1058 1027 parum
1082 985 1264 1017 autoritatis

295 1031 394 1063 habet
431 1041 537 1063 sermo
575 1029 694 1071 absque
732 1029 817 1068 vita,
854 1029 925 1060 ideo
962 1028 1037 1060 fidei
1074 1027 1264 1069 professioni

290 1075 409 1106 bonam
425 1073 656 1106 conscientiam
672 1072 830 1113 adiungit.
866 1071 1024 1103 Videmus
1040 1071 1126 1103 enim
1143 1071 1264 1111 pleros-

293 1128 355 1158 que
390 1118 467 1149 satis
501 1121 652 1158 prompta
685 1126 755 1147 esse
789 1115 917 1156 lingua,
954 1118 987 1145 et
1024 1113 1128 1145 multa
1165 1113 1265 1144 libere

292 1160 435 1198 effutire,
466 1159 556 1191 nullo
587 1163 694 1190 tamen
725 1158 885 1199 profectu,
917 1156 1069 1197 quoniam
1101 1157 1170 1187 vita
1200 1165 1264 1186 non

292 1203 475 1244 respondet.
522 1201 650 1233 Deinde
680 1200 747 1233 sola
771 1206 819 1233 est
841 1200 1055 1232 conscientiae
1085 1197 1265 1239 integritas,

293 1256 374 1286 quae
397 1245 490 1277 nobis
514 1245 568 1277 dat
591 1243 744 1276 fiduciam
767 1242 919 1283 loquendi
943 1246 979 1273 ut
1002 1245 1139 1282 oportet.
1180 1240 1263 1272 Nam

293 1289 349 1329 qni
364 1288 468 1320 multa
484 1287 634 1330 garriunt
650 1287 688 1318 de
704 1286 884 1326 evangelie,
902 1285 968 1317 vita
985 1290 1092 1316 autem
1108 1283 1265 1315 dissoluta

291 1332 422 1372 coargui
456 1335 592 1371 possunt
622 1329 812 1369 impietatis,
848 1338 912 1359 non
945 1326 1038 1358 modo
1071 1337 1105 1359 se
1139 1326 1264 1358 faciunt

292 1373 455 1413 ridiculos
476 1373 533 1406 sed
557 1372 736 1404 doctrinam
756 1372 858 1412 ipsam
878 1370 1076 1411 prostituunt
1091 1369 1263 1409 impiorum

292 1416 472 1449 calumniis.
525 1415 593 1448 Cur
626 1415 713 1446 enim
749 1424 852 1454 nuper
886 1412 1017 1445 iubebat
1051 1422 1109 1444 nos
1138 1411 1178 1443 ad
1208 1411 1263 1444 de-

293 1459 474 1491 fensionem
490 1463 620 1500 paratos
635 1468 715 1497 esse,
738 1457 764 1488 si
781 1457 853 1496 quis
869 1456 943 1487 fidei
961 1460 1089 1488 nostrae
1104 1455 1263 1486 rationem

294 1502 453 1543 postulet:
493 1501 555 1532 nisi
589 1500 674 1540 quod
708 1499 770 1531 Dei
808 1499 989 1531 doctrinam
1027 1500 1176 1530 nostrum
1215 1500 1264 1529 est

293 1544 459 1577 vindicare
483 1555 501 1576 a
523 1544 664 1576 sinistris
687 1541 922 1583 suspicionibus
952 1540 1068 1583 quibus
1096 1551 1168 1572 eam
1191 1551 1264 1582 gra-

293 1591 374 1620 vant
405 1586 570 1629 imperiti?
622 1585 720 1626 Atqui
755 1595 869 1626 parum
900 1585 952 1617 hic
982 1583 1102 1617 valebit
1131 1583 1264 1624 linguae

293 1631 520 1671 patrocinium,
544 1630 605 1662 nisi
628 1630 694 1662 vita
717 1628 813 1660 simul
837 1627 1040 1669 respondeat.
1078 1626 1156 1659 Ideo
1177 1626 1264 1666 dicit,

294 1678 336 1705 ut
366 1673 590 1715 pudefiant
620 1672 673 1712 qui
697 1671 885 1712 vituperant
916 1671 1033 1702 bonam
1064 1676 1206 1702 vestram
1229 1669 1263 1700 in

294 1716 426 1748 Christo
449 1715 738 1752 conversationem,
763 1715 840 1755 quia
863 1719 1016 1755 tanquam
1039 1713 1193 1745 maleficis
1209 1713 1264 1744 ob-

293 1759 478 1800 loquuntur.
514 1759 564 1791 Ac
585 1758 612 1789 si
634 1758 763 1796 diceret,
786 1757 814 1790 si
837 1757 920 1789 nihil
942 1757 1064 1788 habent
1086 1755 1264 1788 adversarii

293 1802 378 1842 quod
407 1807 541 1842 carpant
570 1802 604 1832 in
628 1800 729 1839 vobis,
759 1800 821 1832 nisi
851 1801 926 1841 quia
956 1799 1125 1832 Christum
1156 1798 1263 1839 sequi·

293 1845 381 1881 mini,
401 1845 532 1876 tandem
549 1844 636 1884 ipsos
652 1843 797 1876 malitiae
813 1853 891 1875 suae
907 1842 1055 1884 pudebit:
1080 1841 1133 1874 vel
1149 1841 1264 1873 saltem

295 1888 479 1920 innocentia
502 1893 610 1919 vestra
633 1886 673 1918 ad
697 1897 750 1919 eos
772 1886 962 1919 refutandos
985 1885 1131 1918 sufficiet.

381 1972 430 2003 17.
464 1972 608 2005 Praestat
637 1973 720 2005 euim
748 1971 961 2013 benefaciendo
987 1970 1031 2013 (si
1059 1971 1107 2003 ita
1135 1971 1196 2010 fert
1217 1980 1267 2002 vo-

295 2015 400 2046 luutas
429 2015 504 2057 Dei)
529 2016 617 2055 pati,
646 2025 741 2056 quam
770 2014 1001 2055 malefaciendo.
1047 2013 1097 2045 18.
1131 2013 1213 2053 Quia
1241 2015 1269 2044 et

298 2057 439 2089 Christus
466 2059 558 2090 semel
581 2069 640 2098 pro
673 2059 812 2098 peccatis
834 2067 956 2098 passus
987 2059 1046 2096 est,
1079 2057 1182 2088 iustus
1205 2065 1268 2096 pro

296 2101 440 2141 iniustis,
468 2104 502 2132 ut
523 2111 585 2133 ruos
614 2101 777 2133 adduceret
802 2100 885 2141 Deo,
912 2100 1116 2140 mortificatus
1143 2098 1268 2139 quidem

296 2153 398 2183 carue,
420 2144 593 2183 vivificatus
616 2147 718 2175 autem
740 2145 867 2184 spiritu.

384 2228 434 2260 17.
471 2228 617 2260 Praestat
652 2229 742 2260 enim.
797 2229 869 2260 Hoc
906 2239 970 2261 non
1008 2227 1048 2260 ad
1086 2227 1267 2269 proximam

295 2271 391 2304 modo
407 2272 614 2309 sententiam,
637 2272 693 2303 sed
709 2270 749 2302 ad
767 2277 868 2303 totum
890 2271 1092 2312 complexum
1115 2271 1267 2312 pertinet.

296 2315 470 2355 Loquutus
494 2320 542 2346 est
566 2314 605 2346 de
628 2313 702 2346 fidei
722 2315 929 2355 professione,
954 2325 1033 2355 quae
1052 2314 1107 2346 illo
1123 2318 1268 2354 tempore

296 2358 478 2398 periculosa
511 2362 598 2389 erat:
629 2367 716 2388 nunc
751 2356 827 2388 dicit
860 2357 961 2388 multo
994 2367 1064 2389 esse
1094 2356 1211 2388 melius
1241 2355 1268 2386 si

297 2401 373 2441 quid
396 2399 592 2432 incommodi
615 2410 674 2440 pro
697 2399 800 2431 bonae
824 2409 939 2431 causae
965 2399 1149 2432 defensione
1172 2398 1268 2431 susti-

298 2448 411 2483 neant,
445 2444 492 2475 sic
525 2444 646 2475 iniuste
680 2443 764 2483 pati,
798 2452 895 2482 quam
929 2442 956 2474 si
986 2442 1026 2474 ob
1056 2453 1114 2474 sua
1143 2441 1269 2482 flagitia

297 2486 490 2526 plectantur.
536 2486 629 2518 Haec
659 2485 836 2517 consolatio
861 2495 979 2517 arcana
1002 2485 1108 2526 potius
1130 2484 1267 2516 medita-

297 2530 384 2561 tione
428 2539 525 2569 quam
559 2529 656 2570 longo
704 2528 875 2560 verborum
910 2528 1046 2559 circuitu
1081 2527 1268 2569 percipitur.

297 2572 425 2603 Passim
449 2571 580 2612 quidem
604 2572 664 2603 hoc
688 2571 772 2612 apud
797 2571 948 2612 profanos
971 2571 1143 2611 scriptores
1158 2580 1268 2602 occur-

298 2615 349 2653 rit,
378 2615 455 2646 satis
486 2626 555 2646 esse
587 2614 739 2655 praesidii
769 2614 803 2645 in
833 2613 917 2645 bona
944 2614 1149 2654 conscientia,
1178 2612 1267 2653 quid-

299 2657 375 2697 quid
398 2657 557 2689 malorum
581 2658 713 2696 accidat,
735 2659 767 2688 et
790 2657 931 2697 perferre
956 2666 1084 2688 necesse
1108 2657 1158 2687 sit.
1204 2655 1267 2686 Lo-

1118 204 1259 237 EPIST.
1285 204 1420 236 PETRI
1444 205 1460 236 I

2225 208 2287 239 264

1319 301 1410 342 qunti
1433 304 1510 332 sunt
1532 300 1578 331 illi
1603 299 1755 339 animose,
1778 300 1835 332 sed
1859 305 1935 334 tune
1950 301 2080 334 demum
2098 312 2174 334 vere
2195 302 2287 336 fortis

1320 344 1382 376 erit
1410 344 1547 380 animus,
1578 343 1605 374 si
1633 343 1666 374 in
1690 342 1797 375 Deum
1821 344 1979 384 respiciat.
2026 344 2102 376 Ideo
2127 344 2211 377 hauc
2233 356 2286 377 ex-

1318 387 1499 427 ceptionem
1523 384 1647 417 addidit
1670 385 1797 425 Petrus,
1821 386 1854 418 si
1878 386 1936 418 ita
1959 387 2068 419 ferat
2091 388 2288 420 voluntas

1319 430 1402 461 Dei.
1459 428 1541 460 Nam
1576 428 1627 460 his
1662 428 1768 460 verbis
1801 429 1966 468 admonet,
1998 430 2026 462 si
2059 430 2134 470 quid
2168 430 2288 462 iniuste

1319 472 1471 512 patimur,
1501 471 1534 502 id
1566 481 1629 502 non
1653 471 1787 503 fortuito
1810 471 1963 511 accidere,
1992 472 2048 504 sed
2071 477 2158 504 certo
2182 473 2288 514 potius

1320 514 1382 546 Dei
1405 514 1554 546 arbitrio:
1587 514 1693 545 Deum
1724 519 1832 546 autem
1857 515 1936 546 nihil
1961 515 2045 547 velle
2068 520 2124 546 aut
2146 520 2289 548 statuere

1320 558 1379 589 nisi
1413 557 1533 597 optima
1566 567 1677 597 causa,
1715 567 1773 597 pro
1806 557 1951 590 confesso
1984 558 2128 590 assumit.
2179 558 2288 597 Quare

1318 600 1377 632 hoc
1407 600 1513 632 solatii
1541 610 1669 640 semper
1698 599 1819 631 habent
1848 600 1882 631 in
1913 601 1979 632 suis
2002 601 2141 633 miseriis
2163 601 2287 642 fideles,

1318 643 1403 683 quod
1434 642 1540 675 sciunt
1567 653 1602 674 se
1638 641 1744 674 Deum
1785 642 1905 674 habere
1934 648 2068 675 testem:
2109 643 2288 685 deindeque

1318 691 1498 727 agnoscunt
1528 686 1566 717 ab
1590 695 1627 716 eo
1651 695 1685 717 se
1708 685 1743 716 in
1769 696 1900 717 arenam
1925 686 2048 725 deduci,
2078 691 2115 718 ut
2137 686 2197 719 sub
2219 687 2288 718 eius

1318 729 1470 769 auspiciis
1494 728 1567 759 fidei
1591 738 1668 760 suae
1690 728 1850 768 specimen
1873 728 1981 760 edant.

1405 772 1454 803 18.
1493 770 1575 810 Quia
1608 773 1634 802 et
1665 769 1809 803 Christus
1836 772 1939 804 semel.
1992 771 2067 803 Alia
2100 771 2288 811 consolatio,

1317 814 1402 854 quod
1434 815 1462 846 si
1493 815 1526 845 in
1557 813 1785 846 afflictionibus
1813 815 1932 846 nostris
1955 824 2068 846 sumus
2092 814 2184 847 nobis
2207 815 2288 847 bene

1317 857 1454 896 conscii,
1487 857 1636 897 exemplo
1666 856 1789 888 Christi
1820 858 1977 897 patimur:
2012 857 2100 889 unde
2128 858 2287 898 sequitur,

1317 910 1376 931 nos
1398 899 1507 932 beatos
1529 910 1609 931 esse.
1648 899 1752 931 Simul
1776 904 1885 931 autem
1909 900 2022 941 probat
2044 911 2062 931 a
2085 901 2149 932 fine
2172 901 2288 932 mortis

1318 941 1454 979 Christi,
1478 943 1613 973 minime
1636 947 1889 975 consentaneum
1913 953 1984 975 esse
2006 948 2042 974 ut
2064 943 2104 975 ob
2128 943 2288 975 maleficia

1317 990 1428 1017 nostra
1444 985 1630 1026 plectamur.
1661 985 1831 1017 Christum
1847 985 1934 1017 enim
1950 996 2082 1026 passum
2099 996 2169 1018 esse
2185 986 2288 1026 docet,

1318 1032 1353 1059 ut
1383 1038 1441 1059 nos
1470 1028 1644 1059 adduceret
1673 1028 1751 1060 Deo.
1803 1027 1891 1067 Quid
1926 1028 1987 1060 hoc
2016 1028 2075 1060 sibi
2105 1029 2190 1069 vult,
2224 1029 2287 1060 nisi

1318 1080 1376 1102 nos
1391 1070 1516 1102 Christi
1540 1077 1642 1102 morte
1665 1071 1712 1102 ita
1734 1071 1834 1103 fuisse
1850 1070 1921 1103 Deo
1944 1075 2159 1109 consecratos,
2182 1076 2219 1103 ut
2241 1071 2289 1102 illi

1319 1113 1467 1145 vivamus
1504 1118 1536 1145 et
1573 1113 1774 1145 moriamur?
1831 1114 1919 1146 Sunt
1955 1114 2057 1155 igitur
2090 1114 2153 1146 duo
2190 1114 2288 1146 huius

1317 1157 1496 1188 sententiae
1520 1156 1674 1188 membra.
1716 1156 1815 1188 Prius
1838 1162 1896 1197 est,
1920 1157 2070 1189 ferendas
2092 1167 2163 1189 esse
2185 1167 2288 1197 aequo

1317 1199 1426 1230 animo
1461 1200 1738 1239 persequutiones,
1772 1199 1848 1240 quia
1877 1199 1962 1231 filius
1985 1199 2048 1231 Dei
2079 1200 2173 1231 nobis
2200 1199 2288 1232 viam

1318 1244 1487 1272 monstret.
1531 1242 1683 1272 Alterum
1707 1252 1795 1279 vero,
1822 1241 1908 1282 quod
1931 1252 2029 1282 quum
2053 1243 2088 1273 in
2112 1242 2174 1274 Dei
2197 1242 2288 1274 obse·

1318 1284 1430 1323 quium
1460 1283 1580 1315 addicti
1603 1285 1705 1315 simus
1729 1284 1852 1316 Christi
1879 1291 1992 1324 morte,
2022 1296 2084 1317 non
2109 1285 2149 1316 ob
2172 1284 2290 1317 delicta

1318 1331 1447 1364 nostra,
1481 1325 1537 1357 sed
1566 1326 1605 1358 ob
1634 1326 1791 1358 iustitiam
1822 1327 1888 1367 pati
1918 1327 2037 1359 deceat.
2086 1327 2150 1359 Hic
2179 1331 2289 1359 tamen

1319 1369 1443 1400 moveri
1466 1373 1572 1409 potest
1590 1369 1748 1408 quaestio:
1773 1371 1892 1401 Annon
1910 1370 2020 1402 fideles
2036 1372 2171 1412 castiget
2187 1370 2288 1408 Deus,

1318 1411 1442 1452 quoties
1477 1411 1626 1443 alicunde
1657 1411 1757 1452 affligi
1780 1412 1912 1452 patitur.
1957 1413 2158 1452 Respondeo,
2192 1423 2290 1454 saepe

1317 1454 1446 1494 quidem
1459 1454 1530 1486 fieri
1554 1457 1590 1485 ut
1607 1454 1697 1486 Deus
1720 1464 1841 1494 poenas
1864 1454 1953 1495 ipsis,
1977 1465 2057 1496 quas
2079 1456 2186 1487 meriti
2203 1460 2289 1494 sunt,

1316 1498 1448 1538 irroget.
1493 1497 1617 1538 Neque,
1652 1497 1712 1529 hoc
1746 1497 1865 1529 Petrus
1898 1503 2014 1539 negat:
2048 1498 2103 1530 sed
2138 1498 2291 1530 admonet

1317 1544 1475 1580 quantum
1509 1539 1571 1572 hoc
1603 1540 1645 1571 sit
1676 1539 1799 1578 solatii,
1832 1539 1952 1572 habere
1982 1541 2187 1573 coniunctam
2215 1550 2289 1572 cum

1318 1583 1390 1614 Deo
1413 1593 1552 1616 causam.
1598 1582 1772 1622 Quomodo
1795 1588 1902 1615 autem
1925 1586 2056 1624 peccata
2079 1583 2170 1615 Deus
2192 1584 2226 1615 in
2249 1583 2290 1615 iis

1318 1637 1382 1658 non
1405 1627 1529 1667 puniat,
1564 1627 1618 1666 qui
1652 1627 1936 1667 persequutionem
1965 1627 2129 1658 sustinent
2157 1630 2290 1667 propter

1317 1669 1486 1710 iustitiam,
1505 1674 1537 1701 et
1553 1678 1616 1709 quo
1633 1679 1731 1701 sensu
1748 1672 1906 1701 vocentur
1921 1669 2120 1708 innocentes,
2139 1669 2288 1710 proximo

1317 1722 1384 1754 cap.
1410 1711 1605 1744 videbimus.

1404 1755 1617 1795 Mortificatus
1648 1755 1782 1795 quidem.
1831 1755 1904 1787 Hoc
1930 1755 1994 1787 iam
2023 1764 2179 1796 magnum
2208 1758 2288 1794 erat,

1318 1809 1378 1831 nos
1401 1798 1468 1830 filio
1492 1798 1554 1830 Dei
1577 1807 1646 1830 esse
1669 1799 1858 1836 conformes,
1889 1808 1991 1839 quum
2021 1798 2091 1829 sine
2116 1807 2213 1829 causa
2235 1808 2288 1838 pa-

1319 1843 1434 1873 timur:
1462 1841 1519 1873 sed
1543 1840 1667 1873 accedit
1689 1840 1776 1872 aliud
1799 1841 2026 1873 consolationis
2048 1845 2289 1882 argumentum,

1320 1884 1444 1916 felicem
1461 1884 1574 1915 mortis
1589 1883 1715 1916 Christi
1730 1884 1854 1916 exitum
1871 1883 1984 1916 fuisse:
2009 1884 2084 1924 quia
2100 1883 2160 1915 etsi
2176 1893 2291 1924 passus

1319 1932 1368 1960 est
1390 1931 1522 1968 propter
1544 1926 1765 1958 infirmitatem
1782 1927 1900 1966 carnis,
1923 1926 2099 1959 resurrexit
2118 1927 2152 1957 in
2169 1927 2290 1959 virtute

1320 1970 1463 2011 spiritus.
1513 1970 1602 2010 Ergo
1636 1968 1771 2001 Christo
1804 1969 1885 2001 nihil
1919 1970 2024 2001 obfuit
2057 1980 2152 2007 crux,
2186 1979 2292 2010 neque

1321 2023 1424 2052 mors,
1458 2023 1557 2053 quum
1589 2012 1657 2044 vita
1683 2012 1824 2052 palmam
1854 2012 2038 2044 obtinuerit.
2084 2011 2157 2043 Hoc
2183 2017 2292 2043 autem

1321 2056 1392 2087 ideo
1422 2055 1542 2088 dictum
1566 2059 1624 2095 est,
1659 2060 1695 2085 ut
1722 2056 1861 2087 sciamus
1883 2054 2170 2097 (quemadmodum
2193 2055 2291 2086 etiam

1322 2098 1446 2130 Paulus
1479 2098 1632 2130 admonet
1661 2095 1705 2139 [2.
1735 2097 1809 2129 Cor.
1837 2097 1868 2137 4,
1897 2097 1967 2140 10])
2001 2108 2059 2129 nos
2093 2098 2128 2128 in
2161 2107 2293 2137 corpore

1323 2146 1433 2173 nostro
1467 2141 1551 2173 ferre
1573 2140 1854 2172 mortificationem
1879 2140 2013 2179 Christi,
2048 2150 2110 2181 quo
2132 2139 2202 2172 vita
2224 2140 2292 2171 eius

1322 2184 1550 2216 manifestetur
1575 2183 1610 2214 in
1641 2183 1743 2214 nobis.
1788 2182 1891 2215 Caro
1920 2183 1972 2215 hic
1999 2193 2058 2223 pro
2080 2187 2215 2214 externo
2238 2182 2294 2213 ho-

1322 2229 1410 2259 mine
1439 2227 1582 2267 capitur,
1614 2224 1780 2266 spiritus
1810 2236 1869 2266 pro
1899 2225 2010 2259 divina
2040 2225 2199 2266 potentia,
2231 2235 2293 2265 qua

1322 2269 1474 2302 Christus
1498 2270 1600 2302 victor
1623 2280 1642 2301 a
1664 2272 1767 2299 morte
1789 2268 1930 2301 emersit.

1409 2355 1457 2387 19.
1482 2356 1525 2387 In
1546 2365 1605 2396 quo
1626 2357 1653 2386 et
1674 2353 1717 2386 iis
1738 2353 1793 2393 qui
1814 2353 1850 2385 in
1871 2352 1995 2393 specula
2016 2355 2104 2385 eraut
2118 2353 2292 2394 spiritibus,

1316 2398 1477 2438 profectus
1500 2397 1712 2438 praedicavit:
1765 2396 1816 2428 20.
1844 2406 1940 2436 quum
1971 2396 2127 2428 increduli
2158 2396 2292 2436 fuissent

1321 2441 1405 2482 olim,
1424 2452 1521 2482 quum
1538 2440 1631 2473 semel
1643 2438 1875 2479 exspectabatur
1890 2439 1953 2470 Dei
1964 2440 2118 2478 patientia
2134 2439 2166 2470 in
2181 2439 2290 2470 diebus

1324 2484 1407 2516 Noe:
1434 2484 1508 2516 dum
1530 2482 1746 2524 apparabatur
1768 2492 1853 2522 arca,
1876 2483 1911 2513 in
1931 2493 1991 2522 qua
2010 2492 2139 2521 paucae,
2162 2481 2216 2513 hoc
2239 2483 2291 2521 est,

1323 2530 1385 2558 octo
1418 2528 1543 2559 animae
1575 2528 1713 2558 servatae
1744 2527 1819 2556 sunt
1841 2535 1900 2565 per
1933 2535 2057 2565 aquam.
2109 2525 2160 2556 21.
2193 2523 2292 2556 Cuius

1320 2571 1440 2611 fiyurae
1462 2569 1651 2609 respondens
1671 2568 1854 2608 baptismus,
1883 2578 1939 2600 uos
1961 2577 2078 2608 quoque
2099 2568 2203 2599 salvos
2224 2566 2292 2598 red-

1321 2613 1382 2645 dit:
1403 2623 1463 2645 rzon
1479 2613 1605 2644 abiectio
1620 2612 1761 2643 sordium
1775 2611 1888 2652 carnis,
1910 2611 1964 2642 sed
1983 2610 2076 2642 bonae
2090 2609 2290 2642 conscientiae

1322 2666 1450 2688 eramen
1472 2655 1560 2695 apud
1581 2654 1685 2686 Deum
1701 2664 1763 2694 per
1784 2654 2035 2686 resurrectionem
2058 2653 2132 2684 Iesu
2157 2652 2290 2688 Christi:
