2513 3126
173 205 214 237 93
1056 205 1202 237 CAPUT
1228 205 1292 236 VII
2130 210 2170 241 94

175 305 226 337 vel
255 305 377 345 templi.
425 304 507 336 Nam
540 304 677 345 populus
708 304 741 334 in
772 303 853 334 atrio
883 302 993 343 procul
1028 302 1145 342 stabat,

174 359 234 379 nec
268 349 417 388 cuiquam
452 349 582 388 propior
623 346 799 378 sanctuarii
835 356 980 378 accessus
1016 345 1147 385 patebat

174 391 236 422 nisi
261 390 493 422 sacerdotibus:
527 390 666 421 interius
694 400 769 420 vero
802 389 1020 420 sanctuarium
1040 388 1148 426 ingre-

176 433 325 464 diebatur
359 444 504 464 summus
538 433 698 464 sacerdos.
751 432 846 463 Nunc
880 437 986 462 autem
1021 430 1147 461 sublato

176 476 393 511 tabernaculo,
417 475 509 507 Deus
533 486 590 506 nos
609 476 640 506 in
660 475 850 505 familiarem
869 473 917 505 sui
937 479 1145 512 conspectum

178 519 333 556 admittit,
357 529 375 550 a
398 529 461 559 quo
485 518 639 559 prohibiti
663 518 795 548 fuerunt
819 524 936 556 patres.
982 516 1070 556 Ergo
1093 515 1147 554 qui

176 562 257 602 legis
281 562 411 593 umbros
436 561 541 592 adhuc
559 562 675 591 retinet
695 561 743 591 vel
762 559 912 594 restituit,
939 569 1001 588 non
1020 564 1144 604 tantum

177 605 327 636 obscurat
357 604 479 636 Christi
508 604 661 644 gloriam,
692 602 747 633 sed
777 612 834 633 nos
865 601 990 632 fraudat
1022 601 1146 640 ingenti

177 647 273 678 bono:
306 647 380 687 quia
410 646 620 677 interstitium
652 646 736 675 inter
764 654 822 674 nos
852 649 883 674 et
907 642 1013 673 Deum
1047 643 1146 681 ponit,

176 690 215 721 ad
246 700 340 730 quem
371 687 652 729 appropinquandi
684 686 814 717 libertas
849 696 905 725 per
938 685 1145 724 evangelium

177 733 269 764 nobis
302 742 451 763 concessa
485 738 542 762 est.
595 730 638 760 Et
672 729 818 769 quisquis
852 728 885 758 in
918 728 989 767 lege
1024 727 1146 766 haeret,

177 776 282 807 sciens
306 784 341 805 ac
365 774 477 804 volens
500 783 534 803 se
557 773 663 811 privat
689 771 748 801 Dei
774 771 1023 810 propinquitate.

262 816 313 848 20.
339 815 427 855 Quod
448 825 508 846 non
530 814 643 854 absque
664 813 878 844 iureiurando.
923 812 1022 844 Aliud
1051 822 1147 852 argu-

177 867 331 895 mentum,
356 869 412 889 cur
427 858 541 888 cedere
557 857 610 887 lex
629 857 796 897 evangelio
814 857 942 887 debeat:
966 856 1039 896 quia
1056 855 1146 886 Deus

176 901 388 934 sacerdotium
418 899 542 932 Christi
574 900 708 930 Aaronis
737 900 916 930 sacerdotio
946 898 1147 939 praetulerit,

175 943 303 985 quando
327 946 360 974 in
381 943 467 974 illius
492 942 644 974 honorem
665 943 772 973 iurare
796 942 946 982 dignatus
963 948 1020 972 est.
1062 941 1145 972 Nam

175 997 275 1027 quum
300 993 425 1017 veteres
455 987 637 1017 sacerdotes
666 986 858 1023 institueret,
891 984 1017 1016 nullum
1048 984 1146 1015 iusiu-

174 1029 312 1060 randum
338 1029 544 1069 interposuit.
578 1028 628 1059 De
652 1028 784 1060 Christo
808 1033 916 1059 autem
941 1028 1067 1065 dieitur,
1092 1026 1145 1057 Iu·

175 1073 259 1103 ravit
282 1072 463 1103 Dominus:
492 1071 577 1112 quod
601 1071 711 1112 procul
736 1071 832 1102 dubio
856 1071 891 1102 fit
919 1072 987 1102 eius
1010 1069 1146 1101 ornandi

172 1125 280 1147 causa.
326 1114 484 1145 Videmus
516 1115 548 1144 in
585 1125 679 1154 quem
712 1115 807 1145 finem
839 1114 999 1154 psalmum
1034 1124 1148 1144 rursus

173 1157 331 1189 adducat:
362 1168 477 1197 nempe
501 1162 536 1188 ut
558 1158 708 1198 sciamus,
739 1157 867 1188 iurante
894 1158 970 1196 Deo,
998 1156 1072 1196 plus
1101 1156 1147 1186 di·

173 1200 337 1240 gnationis
368 1200 502 1231 attribui
527 1199 649 1231 Christi
674 1201 854 1232 sacerdotio
884 1210 980 1240 quam
1005 1200 1147 1240 reliquis.

174 1243 278 1274 Porro
309 1243 464 1274 memoria
495 1243 706 1283 repetendum
737 1249 786 1274 est
827 1244 1022 1284 principium
1057 1242 1147 1280 illud,

174 1286 373 1318 sacerdotem
398 1286 500 1317 creari
518 1293 553 1317 ut
576 1287 618 1317 sit
641 1296 779 1327 sponsor
797 1286 943 1318 foederis.
979 1286 1056 1317 Ideo
1072 1297 1145 1317 con-

172 1328 273 1361 cludit
306 1329 479 1368 apostolus,
515 1329 626 1360 foedus
660 1329 744 1369 quod
775 1341 831 1370 per
862 1340 994 1361 manum
1023 1329 1147 1361 Christi

173 1371 339 1402 nobiscum
363 1371 454 1403 Deus
484 1373 614 1412 pepigit,
646 1373 701 1403 illo
731 1374 843 1411 veteri,
871 1373 962 1405 cuius
985 1373 1147 1413 interpres

172 1414 234 1445 fuit
257 1414 373 1452 Moses,
397 1414 491 1456 longe
515 1425 585 1446 esse
607 1417 833 1456 praestantius.

259 1499 310 1531 23.
335 1499 377 1531 Et
399 1500 448 1532 illi
471 1501 595 1541 quidem
608 1501 715 1541 plures
731 1501 808 1541 facti
822 1501 951 1540 fuerunt
965 1501 1146 1542 sacerdotes,

172 1542 254 1583 quod
270 1542 509 1582 prohiberentur
537 1548 632 1575 morte
649 1555 850 1583 permanere:
891 1544 942 1576 24.
965 1544 1015 1576 hic
1045 1547 1147 1575 autem

172 1585 248 1625 quia
271 1588 422 1625 perpetuo
451 1590 562 1627 manet,
596 1588 785 1619 immutabile
813 1587 902 1618 habet
929 1588 1145 1620 sacerdotium.

172 1628 224 1659 25.
255 1628 342 1660 Unde
371 1631 398 1660 et
419 1639 542 1662 servare
570 1630 605 1662 in
634 1633 792 1662 aeternum
807 1632 908 1671 potest
936 1641 986 1663 eos
1015 1631 1069 1671 qui
1088 1641 1147 1670 per

171 1671 278 1712 ipsum
301 1670 368 1703 Deo
390 1674 656 1713 appropinquant:
677 1684 796 1714 semper
811 1675 917 1706 vivens
931 1677 966 1706 ut
980 1674 1147 1706 intercedat

165 1723 230 1754 pro
251 1714 349 1746 nobis.
383 1715 435 1747 26.
462 1716 552 1748 Talis
574 1717 656 1748 enim
677 1727 733 1749 nos
753 1717 874 1749 decebat
883 1718 1036 1758 pontifex,
1059 1727 1147 1749 sanc-

172 1759 232 1797 tus,
256 1757 407 1794 innocens,
431 1758 620 1799 impollutus,
643 1763 820 1801 seqreyatus
838 1771 858 1792 a
875 1760 1098 1801 peccatoribus,
1121 1763 1148 1792 et

173 1799 321 1831 excelsior
353 1801 445 1833 coelis
470 1802 584 1843 factus,
628 1803 679 1834 27.
703 1804 758 1843 qui
792 1814 855 1835 non
887 1814 1005 1836 necesse
1038 1803 1148 1835 habeat

173 1843 315 1882 quotidie,
344 1845 600 1884 quemadmodum
620 1847 801 1887 sacerdotes,
825 1847 968 1887 primum
989 1857 1050 1886 pro
1078 1847 1148 1878 suis

167 1886 305 1924 peccatis
326 1885 447 1919 hostias
474 1888 591 1928 offerre,
624 1889 735 1921 deinde
750 1900 812 1929 pro
828 1890 952 1930 populi,
986 1889 1039 1922 hoc
1065 1891 1147 1921 enim

173 1929 264 1959 semel
284 1928 364 1968 fecit,
395 1940 490 1970 quum
512 1941 544 1963 se
566 1932 669 1971 ipsum
692 1933 807 1964 obtulit.
852 1933 903 1964 28.
933 1933 1001 1964 Lew
1023 1933 1147 1972 quidem

173 1970 313 2004 homines
348 1974 503 2006 constituit
538 1975 708 2007 sacerdotes
744 1975 885 2008 habentes
922 1976 1146 2015 infirmitatem:

173 2023 274 2046 sermo
310 2018 412 2047 autem
447 2017 663 2050 iurisiurandi
699 2019 779 2059 quod
811 2019 874 2060 Zeye
900 2020 1058 2059 posterius
1094 2021 1146 2059 est,

170 2056 275 2096 filium
297 2057 330 2089 in
353 2062 510 2091 aeternum
527 2061 708 2101 perfeetum.

263 2143 314 2176 23.
338 2144 382 2176 Et
403 2145 453 2177 illi
481 2146 615 2186 quidem.
660 2147 728 2179 Iam
760 2148 850 2188 prius
881 2147 1033 2188 attigerat
1062 2146 1147 2180 hanc

175 2188 464 2228 comparationem:
487 2189 542 2220 sed
560 2190 636 2230 quia
652 2201 703 2222 res
727 2191 839 2222 maiori
863 2191 1146 2222 animadversione

175 2229 274 2270 digna
290 2236 347 2268 est,
371 2232 489 2263 iterum
514 2232 641 2272 plenius
663 2233 820 2274 explicat:
844 2244 1038 2273 quamquam
1063 2233 1145 2265 alius

174 2275 224 2303 est
261 2272 489 2313 disputationis
526 2286 641 2308 sensus
663 2287 758 2317 quam
783 2283 887 2308 antea.
933 2277 1025 2308 Tunc
1059 2277 1145 2308 enim

174 2315 388 2348 sacerdotium
419 2322 512 2349 vetus
535 2319 708 2359 aliquando
731 2319 878 2352 debuisse
901 2320 1035 2351 interire
1057 2319 1145 2351 colli-

175 2357 280 2398 gebat,
313 2360 396 2399 quod
420 2360 466 2392 illi
489 2370 678 2402 praeessent
701 2362 847 2394 homines
870 2363 1035 2394 mortales:
1060 2373 1146 2394 nune

175 2400 364 2440 simpliciter
393 2405 536 2435 ostendit
564 2415 621 2436 cur
648 2405 800 2437 Christus
829 2412 959 2437 maneat
988 2411 1144 2446 perpetuo

176 2442 332 2475 sacerdos.
376 2445 414 2477 ld
445 2448 520 2478 facit
547 2455 740 2489 argumento
769 2459 788 2480 a
810 2449 982 2489 disparatis
1004 2454 1145 2488 sumpto.

177 2482 312 2533 Veteres
334 2487 405 2519 ideo
428 2490 536 2529 plures
559 2491 701 2531 fuerunt,
724 2491 798 2532 quia
821 2502 907 2523 mors
930 2491 1144 2523 sacerdotium

177 2526 324 2559 finiebat:
354 2531 443 2562 nulla
470 2540 518 2564 est
542 2544 629 2565 mors
652 2545 734 2574 quae
757 2535 913 2575 impediat
936 2533 1102 2566 Christum
1127 2544 1146 2565 a

178 2580 236 2601 sua
270 2572 441 2605 functione.
487 2575 574 2616 Ergo
605 2587 688 2609 unus
719 2583 767 2609 est
797 2588 833 2609 ac
864 2582 1049 2618 perpetuus.
1094 2576 1145 2608 Ita

178 2622 293 2645 causae
316 2614 486 2648 diversitas
508 2617 651 2651 diversos
673 2620 751 2652 facit
773 2620 917 2652 effectus.

264 2657 314 2689 25.
347 2657 431 2690 Unde
459 2661 485 2690 et
513 2669 646 2699 servare,
677 2665 727 2694 etc.
777 2662 840 2694 Hic
867 2663 991 2694 fructus
1021 2662 1144 2694 aeterni

1199 302 1377 340 sacerdotii,
1408 313 1524 342 nempe
1553 303 1641 334 salus
1665 308 1791 335 nostra:
1826 304 1868 335 sit
1891 308 2000 336 tamen
2030 305 2170 337 fructum

1202 346 1286 376 hunc
1310 345 1371 376 fide
1395 345 1576 385 colligimus
1599 351 1634 376 ut
1657 353 1790 385 oportet.
1836 347 1919 378 Nam
1944 347 1997 378 ubi
2022 348 2172 381 interitus

1200 393 1247 418 est
1273 388 1323 419 vel
1347 389 1493 427 mutatio,
1520 389 1585 420 illic
1608 388 1745 420 salutem
1771 390 1892 421 frustra
1915 400 2067 431 quaeras:
2100 391 2172 422 ideo

1200 430 1254 469 qui
1303 431 1335 461 in
1383 432 1486 462 veteri
1535 431 1715 463 sacerdotio
1757 432 1901 470 haerent,
1954 432 1995 464 ad
2035 433 2172 465 salutem

1202 483 1366 512 nunquam
1384 475 1582 514 pervenient.
1614 473 1723 513 Quum
1740 474 1827 512 dicit,
1851 486 1916 507 eos
1939 476 2007 516 qui
2030 486 2173 517 appro-

1200 515 1412 555 pinquant
1441 516 1542 556 Deo,
1578 517 1638 548 hac
1668 517 1849 557 periphrasi
1881 518 1992 550 fideles
2024 520 2172 560 designat

1201 558 1253 596 qui
1282 558 1340 588 soli
1369 559 1523 590 fruuntur
1554 560 1658 591 salute
1686 570 1742 601 per
1765 560 1934 592 Christum
1959 567 2059 601 parta.
2106 562 2172 593 Sed

1200 600 1324 631 interea
1359 606 1464 633 tamen
1500 602 1620 634 indicat
1650 603 1726 643 quid
1756 603 1789 634 in
1820 603 1995 634 mediatore
2026 610 2172 645 spectare

1202 642 1315 673 debeat
1346 644 1439 676 fides:
1472 644 1531 676 hoc
1553 656 1717 677 summum
1741 651 1789 677 est
1813 645 1953 677 hominis
1977 647 2106 685 bonum,
2138 651 2174 679 ut

1203 684 1272 715 Deo
1303 696 1360 716 suo
1390 688 1432 717 sit
1461 689 1662 727 coniunctus,
1693 688 1778 729 apud
1802 699 1897 729 quem
1921 689 1992 720 fons
2016 690 2101 721 vitae
2125 695 2174 722 est

1201 737 1237 758 ac
1254 729 1397 759 omnium
1417 730 1581 762 bonorum.
1618 731 1682 762 Sed
1707 742 1820 763 omues
1843 736 1932 763 arcet
1954 743 2012 763 sua.
2035 732 2173 773 indigni-

1201 775 1250 800 tas
1267 771 1306 800 ab
1326 781 1467 803 accessu.
1502 773 1590 813 Ergo
1614 775 1783 814 proprium
1808 774 2000 806 mediatores
2023 776 2174 814 officium,

1202 812 1292 843 nobis
1328 813 1380 844 hic
1412 824 1615 854 succurrere,
1650 828 1847 857 manumque
1884 818 2049 858 porrigere
2075 823 2111 849 ut
2139 818 2174 849 in

1201 855 1324 886 coelum
1356 866 1413 887 nos
1443 857 1590 889 deducat.
1635 859 1679 890 Et
1710 870 1838 900 semper
1868 859 1908 891 ad
1938 867 2065 892 veteres
2094 860 2173 901 legis

1202 898 1334 929 umbras
1370 898 1496 929 alludit.
1556 901 1699 933 Tametsi
1737 904 1822 934 enim
1861 903 2005 943 pontifex
2043 905 2175 935 nomina

1202 940 1370 972 duodecim
1400 941 1543 973 tribuum
1568 944 1600 974 in
1624 943 1767 975 humeris
1791 945 1945 986 gestabat,
1974 951 2007 977 et
2029 947 2174 987 symbola

1202 984 1233 1013 in
1259 991 1403 1023 pectore:
1435 984 1522 1016 solus
1546 991 1653 1016 tamen
1677 990 1894 1019 sanctuarium
1919 989 2172 1030 ingrediebatur,

1201 1036 1300 1066 quum
1332 1026 1470 1067 populus
1500 1028 1534 1058 in
1564 1029 1647 1059 atrio
1671 1033 1780 1060 staret.
1828 1031 1921 1063 Nunc
1944 1042 2020 1063 vero
2044 1031 2175 1063 Christo

1202 1070 1378 1100 mediatore
1408 1070 1480 1101 freti
1514 1071 1576 1102 fide
1606 1072 1640 1102 in
1671 1072 1794 1103 coelum
1823 1084 1924 1114 usque
1952 1080 2174 1114 penetramus:

1202 1113 1276 1152 quia
1306 1112 1430 1144 nullum
1461 1118 1510 1144 est
1540 1114 1681 1155 amplius
1705 1115 1813 1146 velum
1838 1117 1920 1156 quod
1945 1118 2037 1148 nobis
2059 1119 2174 1154 obstet,

1202 1155 1257 1185 sed
1282 1154 1372 1187 Deus
1397 1156 1502 1196 palam
1527 1157 1618 1188 nobis
1642 1162 1786 1197 apparet,
1817 1159 1996 1200 blandeque
2020 1160 2059 1191 ad
2083 1160 2174 1192 fami·

1202 1198 1314 1229 liarem
1340 1209 1503 1231 accessum
1528 1210 1586 1231 nos
1609 1200 1738 1232 invitat.

1292 1240 1419 1281 Semper
1434 1243 1540 1275 vivens
1554 1245 1588 1274 ut
1603 1243 1779 1275 intercedat.
1816 1243 1920 1283 Quale
1942 1244 2002 1276 hoc
2026 1249 2057 1276 et
2073 1256 2173 1285 quan·

1202 1290 1271 1316 tum
1292 1286 1410 1316 amoris
1433 1296 1508 1326 erga
1532 1297 1589 1318 nos
1613 1287 1732 1327 pignus
1755 1292 1819 1317 est:
1845 1287 1929 1326 quod
1952 1288 2044 1319 nobis
2060 1288 2173 1320 Chris-

1201 1334 1254 1359 tus
1288 1339 1352 1359 non
1387 1328 1447 1359 sibi
1482 1328 1578 1367 vivit,
1612 1329 1698 1369 quod
1729 1336 1878 1370 receptus
1908 1335 1956 1361 est
1985 1332 2016 1361 in
2047 1331 2173 1362 beatam

1202 1372 1426 1402 aeternitatem
1458 1375 1495 1402 ut
1528 1372 1563 1403 in
1593 1372 1682 1404 coelo
1712 1378 1841 1413 regnet:
1876 1372 1908 1403 id
1939 1383 2034 1404 causa
2064 1378 2174 1405 nostra

1202 1415 1320 1445 factum
1352 1414 1518 1454 apostolus
1546 1415 1745 1455 pronuntiat.
1793 1415 1880 1456 Ergo
1911 1420 1943 1447 et
1966 1416 2042 1456 vita,
2074 1421 2105 1448 et
2128 1427 2174 1448 re·

1201 1467 1312 1497 guum,
1342 1463 1375 1488 et
1405 1457 1507 1498 gloria
1531 1457 1656 1490 Christi
1685 1458 1720 1489 iu
1751 1457 1889 1489 salutem
1920 1464 2075 1498 nostram,
2106 1465 2175 1491 tan-

1201 1510 1296 1539 quam
1322 1501 1353 1530 in
1378 1511 1473 1531 suum
1496 1511 1640 1541 scopum,
1664 1501 1882 1533 destinantur:
1917 1512 1974 1534 nec
1998 1502 2173 1542 quidquam

1202 1543 1298 1574 habet
1321 1542 1473 1575 Christus
1503 1543 1588 1584 quod
1619 1554 1683 1575 non
1706 1544 1741 1575 in
1765 1554 1858 1575 usum
1882 1548 2029 1576 nostrum
2052 1555 2174 1576 accom-

1201 1586 1330 1617 modare
1358 1586 1467 1617 liceat:
1500 1587 1575 1627 quia
1605 1587 1667 1619 hac
1697 1587 1879 1619 conditione
1910 1587 2011 1619 semel
2040 1588 2131 1619 nobis
2157 1598 2175 1619 a

1201 1635 1292 1669 patre
1316 1629 1409 1660 datus
1434 1633 1491 1665 est,
1515 1636 1550 1661 ut
1573 1631 1682 1661 omnia
1705 1630 1793 1661 illius
1816 1635 1926 1662 nostra
1949 1631 2023 1662 sint.
2069 1630 2173 1663 Simul

1201 1672 1240 1704 ab
1270 1672 1386 1704 effectu
1411 1671 1580 1704 Christum
1611 1672 1703 1705 docet
1732 1673 1824 1713 fungi
1853 1673 2026 1705 sacerdotis
2056 1674 2172 1712 officio,

1201 1716 1277 1755 quia
1304 1716 1470 1756 proprium
1502 1716 1678 1747 sacerdotis
1706 1722 1754 1748 est
1777 1716 1977 1748 intercedere
1999 1721 2035 1747 ut
2059 1716 2173 1757 populo

1200 1759 1338 1799 gratiam
1372 1758 1456 1799 apud
1489 1758 1596 1790 Deum
1625 1759 1784 1791 conciliet.
1839 1759 1912 1791 Hoc
1942 1770 2069 1800 semper
2099 1759 2174 1790 facit

1200 1801 1362 1839 Christus,
1394 1801 1468 1842 quia
1491 1803 1524 1832 in
1548 1801 1636 1834 hunc
1659 1803 1757 1833 finem
1782 1803 1961 1833 resurrexit
1984 1813 2003 1833 a
2026 1802 2173 1834 mortuis.

1201 1844 1289 1884 Ergo
1326 1844 1394 1875 iure
1427 1849 1559 1885 propter
1591 1845 1756 1877 assiduum
1791 1844 2012 1877 intercedendi
2045 1854 2173 1883 munus,

1200 1887 1369 1919 sacerdotii
1395 1897 1512 1918 nomen
1535 1887 1596 1919 sibi
1619 1888 1778 1920 vendicat.

1285 1930 1335 1962 26.
1362 1930 1452 1961 Talis
1481 1930 1562 1962 enim
1585 1931 1740 1971 pontifeoe.
1795 1930 1847 1962 Ab
1875 1931 2013 1962 annexis
2043 1930 2171 1962 ratioci-

1200 1977 1307 2004 natur.
1360 1972 1570 2005 Conditiones
1602 1974 1683 2005 istae
1713 1973 1765 2005 vel
1794 1973 1966 2014 qualitates
1995 1972 2044 2015 (ut
2073 1972 2172 2014 vulgo

1199 2015 1377 2058 appellant)
1411 2016 1591 2048 necessario
1625 2017 1837 2057 requiruntur
1869 2017 1904 2047 in
1938 2016 2105 2047 sacerdote
2137 2022 2171 2047 ut

1199 2060 1303 2090 iustus
1319 2059 1369 2095 sit,
1392 2059 1549 2090 innocens
1564 2064 1596 2091 et
1611 2070 1712 2100 purus
1728 2061 1814 2091 omni
1831 2059 1966 2091 macula.
2004 2059 2042 2090 In
2066 2058 2172 2090 solum

1200 2102 1366 2133 Christum
1403 2103 1555 2142 competit
1585 2102 1638 2134 hie
1668 2103 1782 2134 honor.
1834 2103 1923 2143 Ergo
1954 2102 2035 2143 legis
2065 2111 2171 2133 sacer-

1200 2145 1327 2176 dotibus
1358 2145 1462 2176 defuit
1492 2145 1577 2185 quod
1605 2146 1645 2177 ad
1669 2156 1789 2177 munus
1812 2155 1887 2177 vere
1910 2144 2097 2176 obeundum
2120 2154 2171 2176 re·

1200 2188 1397 2228 quirebatur.
1425 2187 1520 2220 Unde
1532 2191 1687 2229 sequitur,
1704 2199 1769 2220 non
1782 2193 1930 2221 constare
1943 2189 2170 2228 perfectionem

1200 2232 1324 2263 levitico
1342 2231 1535 2262 sacerdotio:
1559 2241 1595 2263 ac
1615 2242 1657 2263 ne
1679 2242 1738 2272 per
1761 2242 1794 2263 se
1818 2232 1948 2272 quidem
1971 2230 2070 2262 fuisse
2094 2229 2171 2270 legi-

1200 2275 1323 2315 timum,
1347 2274 1409 2305 nisi
1430 2279 1591 2314 quatenus
1606 2274 1731 2306 Christi
1754 2274 1986 2306 subserviebat.
2024 2273 2068 2304 Et
2090 2282 2170 2304 sane

1199 2324 1353 2349 externus
1373 2323 1507 2349 ornatus
1528 2317 1687 2357 pontificis
1710 2317 1869 2349 defectum
1887 2316 1974 2348 hunc
1997 2315 2167 2347 indicabat.

1199 2361 1362 2400 Quorsum
1393 2360 1480 2390 enim
1510 2361 1670 2401 pretiosae
1696 2371 1732 2392 ac
1754 2360 1943 2401 splendidae
1966 2359 2040 2390 illae
2063 2362 2169 2390 vestes

1198 2405 1314 2444 quibus
1335 2403 1500 2434 Aaronem
1528 2403 1562 2434 in
1593 2403 1693 2435 sacris
1722 2403 1917 2444 peragendis
1946 2402 2054 2433 ornari
2077 2400 2169 2432 Deus

1198 2448 1335 2484 iubebat,
1369 2446 1432 2477 nisi
1466 2449 1502 2477 ut
1534 2446 1716 2478 sanctitatis
1748 2457 1785 2478 ac
1818 2447 1853 2477 in
1886 2446 1974 2477 omni
2008 2446 2168 2476 virtutum

1198 2501 1315 2531 genere
1332 2489 1547 2529 praestantiae
1564 2489 1636 2530 plus
1653 2499 1749 2529 quam
1769 2489 1930 2520 humanae
1953 2493 2061 2520 essent
2082 2497 2167 2528 sym—

1198 2533 1291 2565 bola?
1334 2532 1412 2563 Ideo
1443 2538 1551 2563 autem
1574 2531 1810 2563 adhibebantur
1833 2533 1954 2572 figurae
1976 2531 2061 2569 illae,
2091 2529 2167 2570 quia

1198 2587 1249 2608 res
1282 2586 1345 2606 non
1380 2574 1500 2606 aderat.
1552 2574 1699 2615 Apparet
1732 2575 1833 2615 igitur
1863 2574 2029 2605 Christum
2063 2574 2163 2605 solum

1196 2629 1266 2651 esse
1289 2618 1440 2649 idoneum
1462 2617 1672 2649 sacerdotem.
1703 2617 1888 2649 Membrum
1911 2616 2007 2653 istud,
2032 2625 2164 2661 segre-

1197 2666 1316 2702 gatus
1350 2672 1368 2692 a
1401 2660 1712 2700 peccatoribuS,
1754 2660 1878 2701 reliqua
1911 2657 2164 2699 comprehendit.
