2513 3126
314 204 377 235 291

319 310 452 332 omnem
487 303 614 330 nostrae
643 295 811 337 dignitatis
844 305 881 327 ac
904 294 1012 326 meriti
1034 298 1216 336 respectum
1240 305 1295 327 ex-

1143 198 1284 230 EPIST.
1310 198 1445 231 PETRI
1469 198 1485 229 1

2256 199 2319 231 292

1348 295 1387 327 ad
1420 294 1597 326 vanitatem
1631 294 1855 335 propensione.
1907 295 2009 327 Porro
2043 295 2118 336 quia
2148 296 2257 329 firmas
2287 301 2320 329 et

320 343 419 376 cludi.
454 342 538 373 Nam
555 339 639 380 quod
657 339 748 370 Deus
764 348 821 379 per
842 336 1003 379 evangelii
1021 337 1296 378 praedicationem
1322 322 1323 377 l
1349 341 1520 378 perpetuas
1554 337 1674 369 habere
1708 337 1833 369 radices
1863 337 1953 369 nulla
1982 337 2130 370 doctrina
2157 342 2262 378 potest
2285 339 2319 371 in

323 396 384 418 nos
417 385 457 416 ad
491 393 525 415 se
553 382 681 420 invitat,
726 381 758 412 id
781 381 846 412 iam
870 384 920 412 est
941 380 1131 421 gratuitum,
1164 381 1297 413 maioris
1322 384 1323 391 ¹
1350 380 1519 412 hominum
1542 380 1701 418 cordibus,
1726 380 1752 412 si
1775 389 1839 420 qua
1862 380 2064 412 dubitatione
2087 381 2129 413 sit
2150 381 2319 423 implicita,

323 430 421 460 etiam
445 426 579 467 gratiae,
611 423 697 465 quod
726 423 902 456 efficaciter
931 423 1029 455 corda
1051 428 1162 456 nostra
1185 423 1296 462 afficit,

324 477 360 503 ut
384 470 452 502 voci
476 478 556 500 suae
578 468 775 499 obediamus.
814 465 944 498 Fideles
966 470 1076 498 autem
1093 466 1297 507 peculiariter

323 512 499 553 alloquitur
515 511 651 543 Petrus:
674 510 746 542 ideo
769 519 843 542 cum
867 513 1006 541 externa
1028 508 1184 548 doctrina,
1206 510 1298 550 spiri-

323 561 377 587 tus
411 554 585 586 efficaciam
617 553 796 594 coniungit.
847 552 912 583 Pro
935 551 1040 584 tribus
1070 552 1187 591 verbis,
1216 562 1297 593 quae

323 603 516 639 sequuntur,
546 597 599 628 alii
629 595 755 628 codices
778 595 900 627 habent
922 594 985 626 tria
1007 595 1141 627 nomina
1163 595 1297 627 ablativi

321 651 426 679 casus,
458 650 540 681 quae
568 643 705 680 possunt
736 639 767 669 in
791 637 949 680 gerundia
972 638 1098 676 resolvi,
1127 638 1296 675 fulciendo,

322 683 520 722 roborando,
556 681 759 714 stabiliendo.

323 726 490 763 momenti,
514 725 601 765 quod
625 724 665 756 ad
689 734 822 756 sensum
846 724 972 756 attinet.
1014 723 1187 756 Caeterum
1213 723 1298 764 quod

321 769 472 810 pluribus
495 768 603 800 verbis
633 777 701 799 rem
729 777 828 799 unam
853 767 1001 807 designat
1023 767 1152 806 Petrus,
1183 776 1298 807 nempe

322 812 467 844 fidelium
496 810 782 848 confirmationem,
813 809 872 842 hoc
902 810 973 842 ideo
1002 810 1076 842 facit
1099 814 1135 840 ut
1157 810 1298 842 sciamus

324 865 417 886 rarae
439 864 509 886 esse
533 853 735 885 difficultatis
757 863 887 885 cursum
911 856 1058 884 nostrum
1081 852 1240 893 persequi,
1267 856 1300 883 et

1322 510 1324 548 l

1350 427 1469 455 certam
1493 421 1556 455 Dei
1581 423 1750 455 veritatem
1784 432 1854 455 esse
1884 425 2033 461 testatur,
2068 424 2100 455 in
2131 433 2194 464 qua
2216 424 2319 456 edocti

1350 468 1436 497 sunt.
1488 465 1531 496 Et
1564 471 1651 498 certe
1685 466 1748 497 nisi
1779 465 1897 498 animis
1930 466 2051 498 nostris
2084 470 2208 498 constet
2240 466 2320 500 haec

1349 508 1520 547 certitudo,
1555 518 1686 541 necesse
1720 508 1782 540 erit
1815 508 1952 540 subinde
1975 508 2142 548 vacillare,
2179 512 2211 541 et
2232 510 2322 541 flexi-

1350 551 1429 583 biles
1467 561 1536 583 esse
1573 551 1612 583 ad
1651 551 1797 592 quemvis
1835 561 1940 583 novae
1977 551 2142 584 doctrinae
2175 557 2320 584 ventum.

1351 594 1414 625 Per
1437 593 1498 626 Dei
1523 595 1719 634 gratiam,
1743 594 1839 626 fidem
1862 604 1936 627 cum
1959 595 2026 626 suis
2049 595 2173 627 effectis
2188 599 2221 626 et
2237 596 2322 627 fruc-

1324 659 1325 670 ι
1351 638 1437 669 tibus
1460 637 1620 676 intelligit.

816 681 854 712 In
888 691 925 712 eo
959 684 1068 713 tamen
1100 691 1214 722 parum
1248 684 1298 712 est
1324 680 1326 711 ζ

323 897 457 939 proinde
489 896 648 937 singulari
671 895 735 928 Dei
765 896 870 937 gratia
898 906 980 936 opus
1007 906 1085 927 esse.
1131 893 1300 926 Particula
1326 887 1327 905 ³

322 940 545 982 paulisper
569 939 778 976 afflictos,
802 948 883 979 quae
907 938 958 970 hic
982 939 1104 970 inserta
1119 941 1177 976 est,
1200 936 1300 977 signi-

324 984 398 1015 ficat
429 983 526 1014 breve
557 992 626 1014 esse
658 982 868 1014 afflictionum
900 986 1036 1022 tempus.
1081 981 1190 1020 Atque
1220 979 1300 1011 haec

323 1036 452 1066 quoque
474 1035 538 1056 non
563 1025 644 1057 levis
667 1029 717 1057 est
739 1024 968 1056 consolationis
991 1024 1134 1055 materia.

412 1069 461 1101 11.
495 1068 539 1099 Εἰ
566 1068 677 1109 yloria.
730 1066 804 1107 Quo
834 1068 906 1108 plus
937 1067 1072 1098 fiduciae
1101 1065 1162 1105 piis
1191 1064 1299 1104 addat,

323 1112 435 1143 statim
470 1111 654 1152 prorumpit
687 1110 720 1142 in
751 1110 930 1151 gratiarum
961 1110 1129 1141 actionem.
1175 1107 1299 1147 Quam·

324 1164 422 1195 quam
446 1154 508 1185 hoc
531 1158 596 1185 tam
624 1153 810 1192 indicativo,
842 1162 937 1193 quam
961 1150 1093 1192 optandi
1117 1151 1212 1183 modo
1234 1150 1299 1192 legi

323 1201 448 1238 potest:
475 1196 587 1229 eodem
612 1198 721 1228 tamen
746 1196 811 1227 fere
834 1206 938 1227 sensu.

412 1282 463 1314 12.
486 1281 549 1313 Per
580 1280 744 1313 Silvanum
775 1280 859 1312 vobis
886 1280 986 1319 fidum
1014 1279 1145 1319 fratrem
1175 1279 1221 1320 (ut
1249 1290 1300 1311 ar-

323 1325 433 1367 bitror)
462 1325 578 1365 paucis
611 1325 738 1364 scripsi,
773 1323 941 1355 exhortans
973 1325 999 1354 et
1027 1322 1193 1362 testificans
1221 1322 1302 1355 hanc

324 1377 389 1400 esse
416 1377 520 1399 veram
551 1367 687 1407 qratiam
716 1367 750 1398 in
778 1376 840 1406 qua
867 1367 966 1397 statis.
1013 1365 1064 1397 13.
1095 1364 1220 1397 Salutat
1248 1375 1300 1397 vos

324 1420 406 1451 quae
436 1411 470 1442 in
493 1409 655 1450 Babylone
686 1412 729 1441 est
758 1409 883 1441 ecclesia
905 1409 1001 1440 simul
1023 1408 1178 1441 vobiscum
1199 1408 1300 1448 electa,

324 1455 353 1486 et
375 1452 508 1485 Marcus
536 1453 623 1492 filius
652 1462 746 1484 meus.
794 1452 844 1483 14.
869 1451 1007 1483 Salutate
1036 1461 1090 1483 vos
1115 1452 1244 1483 invicem
1265 1452 1301 1483 in

323 1496 426 1528 osculo
455 1496 605 1527 caritatis.
654 1495 768 1527 Gratia
795 1495 879 1527 vobis
908 1494 1058 1533 omnibus,
1089 1495 1145 1535 qai
1172 1495 1246 1526 estis
1266 1494 1300 1526 in

326 1538 451 1571 Christo
475 1538 560 1569 Iesu.

413 1624 462 1656 12.
494 1623 557 1655 Per
587 1623 762 1656 Silvanum.
809 1624 880 1656 Hac
901 1623 1057 1665 epistolae
1080 1623 1226 1655 clausula
1248 1633 1302 1655 ecs

327 1667 367 1698 ad
398 1667 475 1699 fidei
506 1668 724 1699 constantiam
755 1667 918 1698 hortatur:
954 1667 1017 1698 imo
1051 1666 1112 1698 hoc
1142 1665 1302 1698 scribendi

328 1709 498 1742 consilium
531 1709 591 1741 sibi
623 1710 721 1742 fuisse
753 1710 881 1748 asserit,
918 1713 953 1741 ut
979 1719 1034 1741 eos
1066 1710 1100 1740 in
1129 1709 1303 1749 doctrinae,

328 1762 426 1793 quam
443 1753 585 1793 amplexi
602 1758 705 1792 erant,
721 1752 902 1784 obedient-ia
918 1752 1084 1784 retineret.
1116 1751 1182 1784 Sed
1199 1752 1303 1792 primo

329 1796 497 1836 epistolam
528 1806 547 1827 a
576 1795 737 1827 brevitate
767 1795 982 1833 commendat,
1013 1805 1054 1826 ne
1081 1795 1147 1826 illis
1170 1795 1305 1826 molesta

330 1839 372 1870 sit
403 1838 513 1870 lectio:
549 1837 664 1869 deinde
697 1838 785 1870 addit
812 1839 943 1870 brevem
967 1838 1076 1869 nuntii
1099 1837 1304 1869 commenda·

331 1881 468 1918 tionem,
504 1884 541 1912 ut
572 1882 648 1913 viva
682 1882 778 1913 etiam
809 1892 873 1913 vox
901 1882 942 1913 ad
976 1881 1132 1922 scriptum
1165 1881 1304 1912 accedat.

331 1923 406 1955 Huc
440 1925 527 1955 enim
561 1928 686 1964 spectat
720 1924 942 1956 testimonium
980 1923 1063 1965 quod
1097 1923 1205 1955 reddit
1237 1923 1306 1954 eius

331 1966 415 1997 fidei.
469 1966 644 1998 Caeterum
677 1967 823 2008 exceptio
850 1967 931 1999 haec
964 1972 1004 1999 ut
1038 1966 1226 1998 arbitror
1254 1965 1306 1998 vel

331 2009 508 2040 modestiae
532 2020 629 2041 causa
652 2010 761 2042 addita
784 2014 843 2048 est,
867 2010 918 2042 vel
941 2014 978 2042 ut
1001 2014 1088 2042 certo
1111 2010 1215 2041 sciant
1233 2019 1306 2041 eum

331 2061 372 2082 ex
404 2052 503 2082 animi
534 2053 582 2083 sui
612 2063 707 2084 seusu
739 2053 835 2093 loqui.
879 2053 962 2084 Erat
991 2057 1100 2084 autem
1130 2051 1307 2084 absurdum

332 2094 419 2134 ipsos
443 2095 524 2125 tanti
547 2096 684 2134 apostoli
708 2096 826 2128 iudicio
849 2105 915 2128 non
938 2095 1151 2128 subscribere.

420 2135 600 2169 Exhortans
633 2141 660 2169 et
689 2139 862 2179 testificans.
904 2138 1011 2178 Quam
1044 2138 1172 2170 difficile
1202 2138 1244 2169 sit
1273 2138 1306 2168 in

333 2181 484 2220 suscepta
507 2179 569 2211 fide
593 2185 745 2221 perstare,
777 2186 874 2213 testes
897 2185 974 2213 sunt
997 2181 1201 2222 quotidianae
1224 2179 1307 2211 mul-

333 2226 442 2253 torum
466 2222 676 2254 defectiones:
708 2234 767 2255 nec
791 2234 867 2256 vero
891 2225 922 2255 id
946 2225 1064 2256 mirum
1088 2226 1138 2256 est
1160 2224 1194 2255 in
1218 2227 1308 2254 tanta

333 2263 508 2296 hominum
541 2265 674 2297 levitate
696 2272 729 2297 et
759 2267 988 2307 inconstantia,
1019 2267 1136 2299 deinde
1159 2267 1192 2298 in
1216 2270 1308 2297 tanta

1438 679 1488 712 13.
1525 680 1610 720 Quae
1646 681 1680 712 in
1717 679 1885 721 Babylone.
1943 679 2041 712 Multi
2078 690 2119 711 ex
2156 680 2322 712 veteribus

1352 724 1490 755 Romam
1525 722 1737 764 aenigmatice
1771 726 1930 763 putarunt
1963 723 2078 755 notari.
2132 723 2204 756 Hoc
2236 733 2322 755 com-

1353 770 1496 797 mentum
1529 766 1681 807 Papistae
1719 765 1857 797 libenter
1891 765 2068 805 arripiunt,
2106 770 2141 797 ut
2174 766 2324 799 videatur

1353 809 1470 840 Petrus
1500 818 1653 840 romanae
1684 809 1836 840 ecclesiae
1870 809 2056 849 praefuisse.
2102 808 2213 849 Neque
2235 808 2323 840 enim

1353 853 1496 883 deterret
1518 861 1573 883 eos
1597 852 1735 883 nominis
1751 851 1893 888 infamia,
1916 851 2010 882 modo
2028 851 2113 883 sedis
2128 851 2323 892 apostolicae

1354 894 1482 925 titulum
1499 898 1687 935 praetexere
1703 895 1780 935 ipsis
1796 894 1906 926 liceat:
1930 904 1990 926 nec
2006 893 2175 926 Christum
2191 904 2325 935 magno-

1353 947 1429 978 pere
1459 941 1584 976 curant,
1617 937 1712 969 modo
1735 937 1854 969 Petrus
1877 938 1954 977 ipsis
1977 937 2187 978 relinquatur.
2233 936 2323 976 Quin

1354 981 1449 1011 etiam
1473 979 1568 1011 modo
1591 981 1753 1012 retineant
1775 979 1946 1012 cathedrae
1965 979 2054 1011 Petri
2078 990 2207 1018 nomen,
2230 988 2324 1011 suam

1353 1023 1492 1054 Romam
1526 1022 1561 1054 in
1594 1023 1762 1063 profundis
1796 1023 1908 1054 inferis
1932 1023 2088 1055 collocare
2111 1033 2176 1054 non
2199 1031 2325 1054 recusa-

1354 1066 1444 1098 bunt.
1494 1065 1596 1106 Atqui
1627 1071 1721 1098 vetus
1754 1065 1833 1097 illud
1868 1070 2086 1097 commentum
2116 1065 2198 1097 nihil
2229 1065 2325 1096 habet

1353 1109 1483 1141 coloris:
1517 1118 1577 1140 nec
1604 1108 1697 1140 video
1729 1119 1787 1141 cur
1817 1108 1959 1140 Eusebio
1993 1113 2025 1140 et
2054 1108 2127 1140 aliis
2155 1107 2324 1148 placuerit,

1354 1151 1417 1183 nisi
1450 1151 1525 1191 quia
1558 1151 1614 1182 illo
1648 1161 1757 1183 errore
1786 1151 1846 1182 iam
1878 1151 2024 1192 occupati
2048 1154 2157 1190 erant,
2190 1150 2326 1182 Petrum

1353 1194 1479 1225 Romae
1514 1194 1622 1225 fuisse.
1679 1194 1772 1226 Adde
1807 1193 1891 1234 quod
1927 1204 2035 1226 secum
2069 1194 2131 1235 ipsi
2168 1196 2326 1234 pugnant.

1354 1236 1502 1269 Marcum
1527 1241 1641 1269 octavo
1658 1236 1798 1269 Neronis
1820 1247 1905 1268 anno
1922 1236 2140 1268 Alexandriae
2162 1241 2327 1268 mortuum

1355 1289 1424 1312 esse
1447 1279 1596 1311 tradunt:
1621 1279 1756 1311 Petrum
1773 1289 1849 1311 vero
1872 1290 1929 1311 sex
1953 1280 2046 1311 annis
2069 1284 2181 1320 postea
2196 1280 2327 1320 fingunt

1354 1322 1478 1354 Romae
1501 1333 1519 1354 a
1542 1322 1670 1353 Nerone
1702 1322 1801 1354 fuisse
1824 1323 1972 1354 occisum.
2019 1321 2054 1354 Si
2078 1322 2326 1353 alexandrinam

1354 1365 1523 1397 ecclesiam
1547 1365 1678 1397 Marcus
1701 1365 1751 1406 (ut
1767 1365 1895 1404 volunt)
1918 1365 2094 1405 constituit,
2118 1364 2236 1405 diuque
2259 1364 2327 1395 illic

1354 1409 1540 1449 episcopatu
1565 1408 1693 1440 functus
1716 1412 1773 1449 est,
1797 1418 1965 1448 nunquam
1988 1408 2094 1448 potuit
2112 1407 2237 1439 Romae
2256 1416 2327 1438 esse

1354 1461 1427 1483 cum
1458 1451 1568 1482 Petro.
1613 1451 1696 1482 Nam
1731 1452 1815 1491 quod
1847 1450 2010 1482 Eusebius
2042 1453 2074 1482 et
2104 1450 2328 1490 Hieronymus

1355 1503 1518 1525 romanam
1543 1493 1634 1526 Petri
1668 1495 1843 1525 sessionem
1876 1494 1911 1524 in
1935 1492 2195 1534 vigintiquinque
2225 1501 2328 1523 annos

1355 1536 1547 1577 extendunt,
1576 1536 1608 1567 id
1641 1536 1732 1568 facile
1760 1536 1919 1568 refellitur
1941 1546 1981 1567 ex
2004 1535 2109 1576 primo
2132 1540 2164 1566 et
2186 1533 2329 1566 secundo

1354 1579 1394 1610 ad
1418 1579 1526 1611 Galat.
1550 1589 1619 1619 cap.
1665 1578 1776 1618 Quum
1808 1579 1915 1619 itaque
1938 1578 2086 1610 Marcum
2112 1583 2188 1609 tunc
2218 1587 2327 1609 secum

1356 1623 1473 1654 Petrus
1496 1622 1646 1654 comitem
1666 1621 1825 1660 habuerit,
1848 1631 1945 1662 quum
1965 1622 2095 1662 scripsit
2110 1620 2194 1652 hanc
2210 1620 2330 1660 episto·-

1355 1665 1436 1696 lam:
1476 1664 1645 1706 Babylone
1679 1664 1777 1696 fuisse
1811 1664 2008 1705 probabilius
2042 1668 2100 1696 est.
2156 1664 2264 1703 Atque
2295 1662 2329 1693 id

1356 1718 1480 1749 quoque
1515 1708 1584 1739 eius
1608 1708 1765 1739 vocationi
1800 1707 1862 1738 fuit
1890 1712 2154 1739 consentaneum.
2200 1706 2330 1738 Scimus

1357 1751 1441 1782 enim
1477 1750 1686 1791 peculiariter
1721 1750 1833 1781 datum
1856 1750 1956 1782 fuisse
1979 1749 2161 1790 apostolum
2184 1748 2329 1781 Iudaeis:

1358 1803 1455 1834 quare
1489 1803 1543 1825 eas
1577 1793 1729 1833 pracipue
1758 1792 1909 1834 regiones
1938 1792 2115 1833 lustrabat,
2148 1793 2181 1823 in
2215 1791 2331 1832 quibus

1358 1837 1460 1868 maior
1482 1840 1551 1868 erat
1574 1836 1681 1877 gentis
1703 1845 1780 1867 suae
1807 1836 1996 1876 frequentia.
2042 1835 2139 1875 Quod
2163 1834 2331 1867 ecclesiam

1359 1879 1426 1910 illic
1460 1889 1530 1911 esse
1564 1879 1641 1910 dicit
1664 1878 1808 1910 eiusdem
1832 1879 1998 1911 electionis
2032 1878 2234 1918 participem,
2267 1876 2332 1908 huc

1359 1926 1492 1962 spectat,
1515 1924 1554 1953 ut
1576 1921 1651 1953 inde
1674 1921 1731 1953 alii
1753 1922 1858 1963 magis
1881 1931 1917 1953 ac
1940 1921 2043 1962 magis
2066 1922 2099 1952 in
2123 1920 2186 1952 fide
2208 1930 2242 1952 se
2258 1928 2333 1952 con-

1360 1966 1500 1996 firment.
1545 1965 1626 1996 Erat
1648 1964 1733 1996 enim
1758 1963 1818 1996 hoc
1840 1974 2005 2005 magnum,
2040 1963 2178 1995 Iudaeos
2201 1973 2242 1994 ex
2265 1967 2331 1994 tam

1361 2008 1494 2040 remotis
1516 2007 1629 2039 mundi
1653 2007 1758 2048 plagis
1780 2007 1814 2038 in
1838 2017 1936 2039 unam
1959 2006 2128 2039 ecclesiam
2152 2005 2270 2047 colligi.

1447 2050 1554 2082 Filius
1589 2059 1684 2082 meus.
1740 2049 1796 2082 Sic
1833 2050 1981 2082 Marcum
2019 2049 2162 2090 appellat
2198 2047 2334 2079 honon‘s

1361 2104 1471 2125 causa:
1502 2093 1584 2125 ratio
1604 2098 1713 2124 tamen
1737 2097 1795 2129 est,
1819 2092 1904 2133 quod
1926 2103 2000 2124 eum
2023 2093 2057 2123 in
2080 2091 2144 2123 fide
2166 2093 2331 2131 genuerat,

1361 2137 1445 2168 sicut
1468 2136 1677 2167 Timotheum
1706 2135 1840 2167 Paulus.
1885 2135 1937 2166 De
1967 2134 2076 2166 osculo
2106 2133 2180 2165 alibi
2210 2132 2332 2165 dictum

1361 2184 1418 2211 est.
1470 2179 1552 2210 Vult
1586 2183 1693 2210 autem
1728 2178 1788 2210 hoc
1822 2179 1968 2210 osculum
2003 2188 2072 2209 esse
2106 2176 2262 2213 caritatis,
2296 2179 2332 2206 ut

1362 2222 1461 2253 animi
1482 2222 1650 2254 sinceritas
1672 2225 1826 2253 externae
1845 2221 2066 2252 caeremoniae
2087 2219 2288 2259 respondeat.
