2513 3126
296 207 359 238 495
1142 205 1284 238 EPIST.
1308 206 1453 239 IUDAE
2228 213 2291 246 496

299 303 388 333 vitiis
429 301 638 342 proscindunt
678 299 760 340 quod
800 300 889 331 Deus
927 299 1073 332 honorat.
1135 301 1270 332 Licebat

297 352 384 377 certe
423 343 572 375 Micliaeli
618 343 732 373 ultimo
782 342 987 374 anathemate
1026 343 1198 374 fulminare
1236 344 1269 375 in

299 389 473 419 Satanam:
501 390 533 416 et
558 385 705 416 videmus
737 395 832 425 quam
859 385 1069 417 vehementer
1099 386 1270 426 insurgant

299 430 458 462 interdum
477 428 654 468 prophetae
670 434 782 460 contra
799 427 932 468 impios:
949 429 1003 460 sed
1017 439 1113 469 quum
1128 429 1268 460 Michael

298 473 337 505 ab
361 477 504 503 extrema
520 472 692 502 severitate
708 470 843 512 (alioqui
861 471 961 513 licita)
978 471 1148 510 abstineat,
1172 482 1268 512 quam

298 516 453 547 furiosum
486 520 535 544 est
562 524 639 554 erga
662 519 825 545 creaturas
848 513 952 555 gloria
975 514 1172 546 excellentes
1196 514 1268 546 nul·

299 558 364 588 lum
396 556 527 588 modum
552 558 685 588 tenere?
729 556 902 588 Caeterum
927 567 1024 597 quum
1049 557 1088 588 de
1111 557 1175 588 illis
1198 568 1270 597 pro-

298 600 442 638 nuntiat,
478 609 542 630 non
578 604 642 630 tam
678 599 743 630 illis
775 599 895 631 malum
927 600 1138 640 imprecatur,
1171 610 1268 640 quam

297 647 486 683 praemonet
518 642 622 682 qualis
653 642 725 673 illos
749 643 856 674 exitus
880 645 1019 674 mancat.
1066 642 1168 684 quue
1192 643 1269 675 facit

296 695 433 725 nequem
479 686 643 716 incautum
691 695 799 717 secum
840 686 873 716 in
914 685 1087 726 perniciem
1130 686 1267 726 rapiant.

296 727 386 760 Dicit
409 738 462 759 eos
486 728 668 760 imitatores
689 738 759 759 esse
782 728 808 759 G
823 728 863 759 ai
879 739 916 766 n,
942 728 995 769 qui
1016 728 1085 760 Deo
1108 729 1267 770 ingratus,

295 771 418 802 cultum
454 771 522 802 eius
556 771 655 811 impio
690 777 722 802 et
756 770 911 802 scelerato
945 771 1040 803 corde
1071 776 1266 812 pervertens,

294 814 345 845 ius
386 813 662 854 primogeniturae
702 814 762 845 sibi
803 813 971 846 abdicavit.
1034 813 1123 846 Dicit
1165 815 1268 846 instar

295 856 484 888 Balaam
519 856 666 888 mercede
701 857 798 888 fuisse
833 857 997 898 deceptos,
1030 858 1105 898 quia
1139 858 1267 897 pietatis

299 899 477 931 doctrinam
498 899 601 939 turpis
625 899 705 931 lucri
728 899 834 941 gratia
854 899 1047 932 adulterant.
1086 900 1151 932 Sed
1169 904 1268 930 meta-

296 942 408 983 phora,
439 951 502 982 qua
533 943 643 980 utitur,
674 943 839 983 aliquanto
862 942 934 983 plus
965 943 1128 984 exprimit.
1180 943 1267 974 Dicit

293 986 379 1016 enim
411 985 597 1016 effusos
628 995 746 1017 esse:
779 986 854 1026 quia
884 986 1005 1018 scilicet
1037 987 1139 1017 instar
1166 995 1267 1026 aquae

295 1027 472 1059 diffluentis
501 1029 642 1068 proiecta
671 1029 713 1060 sit
743 1038 854 1060 eorum
885 1029 1103 1070 intemperies.
1157 1029 1266 1059 Tertio

296 1070 371 1102 dicit
408 1081 461 1101 cos
499 1071 620 1102 imitari
657 1071 1094 1103 contradictionem
1135 1071 1265 1103 Oore:

294 1114 368 1153 quia
392 1113 514 1145 scilicet
538 1114 620 1145 bene
644 1115 856 1155 compositum
880 1114 1032 1146 ecclesiae
1056 1118 1177 1145 statum
1197 1124 1266 1154 per-

292 1157 436 1188 turbent.

382 1199 432 1230 12.
456 1199 498 1230 In
514 1199 666 1239 fraternis
689 1200 839 1231 conviviis
860 1200 1007 1232 maculae.
1046 1200 1110 1240 Qui
1135 1199 1265 1240 legunt:

293 1241 386 1273 Inter
416 1243 569 1274 caritates
601 1248 735 1283 vestras,
768 1253 832 1273 non
863 1244 940 1274 satis
968 1253 1160 1284 germanum
1192 1253 1264 1274 sen-

292 1294 364 1315 sum
395 1284 481 1326 (meo
510 1285 644 1328 iudicio)
672 1286 846 1326 explicant.
898 1286 981 1317 Nam
1015 1286 1142 1328 ἀγάπας
1172 1289 1266 1318 vocat

292 1328 441 1359 convivia
472 1338 554 1368 quae
583 1329 669 1360 inter
700 1339 734 1360 se
763 1328 932 1369 agitabant
954 1329 1075 1368 fideles,
1105 1330 1265 1360 fraternae

294 1370 428 1402 unitatis
460 1371 628 1403 testandae
654 1381 760 1403 causa.
805 1371 901 1403 Tales
924 1372 1034 1412 epulas
1058 1372 1266 1403 dehonestari

293 1413 372 1445 dicit
395 1414 434 1445 ab
458 1413 595 1454 impuris
619 1414 814 1452 hominibus,
838 1415 894 1455 qui
917 1414 1073 1447 dissolute
1097 1420 1209 1455 postea
1232 1425 1266 1446 se

293 1456 379 1495 ipsos
402 1463 549 1496 pascunt.
594 1458 676 1489 Erat
699 1458 785 1489 enim
810 1457 876 1490 illic
899 1468 1025 1489 summa
1048 1458 1217 1499 frugalitas
1235 1462 1267 1489 et

292 1498 480 1531 moderatio.
525 1499 590 1531 Fas
621 1511 699 1541 erga
728 1511 791 1531 non
822 1505 902 1540 erat,
933 1501 1079 1542 gurgites
1110 1501 1188 1532 illuc
1211 1500 1266 1531 ad·

292 1541 388 1579 mitti,
411 1542 466 1582 qui
489 1547 601 1582 postea
624 1543 882 1584 intemperanter
904 1544 1061 1575 abdomen
1079 1554 1174 1575 suum
1190 1543 1267 1575 alibi

292 1584 465 1624 replerent.
529 1585 687 1618 Nonnulli
730 1586 854 1618 codices
894 1586 1015 1618 habent
1054 1588 1267 1619 convivantes

291 1627 473 1659 vobiscum:
498 1638 578 1668 quae
601 1628 695 1661 lectio
718 1630 745 1661 si
769 1630 873 1670 magis
895 1630 1030 1671 placeat,
1053 1640 1166 1662 sensus
1189 1629 1258 1667 erit,

291 1669 364 1701 illos
392 1681 456 1701 non
487 1670 636 1703 dedecori
664 1672 758 1704 modo
788 1683 867 1711 esse,
899 1673 954 1704 sed
984 1684 1102 1714 graves
1131 1683 1169 1705 ac
1192 1683 1260 1704 mo-

292 1712 399 1751 lestos,
430 1716 466 1744 ut
493 1715 547 1754 qui
572 1715 708 1755 publicis
731 1715 885 1748 ecclesiae
908 1717 1093 1757 sumptibus
1116 1721 1263 1748 ventrem

291 1766 386 1787 suum
416 1756 576 1797 intrepide
603 1758 766 1790 sarcirent.
812 1758 915 1790 Paulo
938 1759 1030 1790 aliter
1054 1760 1181 1798 Petrus,
1212 1760 1266 1799 qui

290 1809 344 1829 eos
369 1799 403 1830 in
426 1800 590 1832 erroribus
613 1801 753 1833 delitiari
777 1802 896 1841 scribit,
928 1806 959 1833 et
982 1812 1046 1833 una
1069 1813 1142 1835 cum
1167 1812 1265 1844 grege

292 1841 436 1873 fidelium
466 1843 569 1874 vesci:
605 1854 641 1876 ac
672 1845 698 1876 si
730 1844 866 1884 diceret,
896 1845 1134 1877 inconsiderate
1163 1847 1267 1876 tacere

294 1894 347 1915 eos
377 1886 430 1925 qui
454 1889 520 1916 tam
544 1888 658 1919 noxios
681 1892 849 1928 serpentes
872 1888 980 1920 alunt:
1013 1893 1045 1919 et
1068 1889 1117 1920 bis
1140 1888 1265 1926 stultos,

293 1927 350 1966 qui
371 1929 521 1967 profusae
536 1939 647 1961 eorum
664 1930 813 1962 luxuriae
829 1931 1009 1972 indulgent.
1043 1932 1153 1971 Atque
1170 1931 1266 1962 hodie

294 1970 416 2000 utinam
445 1971 517 2011 plus
546 1972 657 2005 iudicii
679 1974 711 2004 in
736 1973 930 2013 quibusdam
954 1974 1048 2005 bonis
1071 1975 1150 2006 viris
1174 1975 1265 2012 foret,

292 2013 348 2051 qui
378 2013 454 2044 dum
486 2024 562 2055 erga
592 2016 757 2056 improbos
786 2017 883 2048 nimis
913 2017 1044 2058 benigni
1075 2028 1145 2049 esse
1168 2027 1264 2058 appe-

294 2059 378 2094 tunt,
402 2066 552 2096 magnum
577 2059 636 2090 toti
659 2059 811 2091 ecclesiae
835 2060 988 2091 damnum
1012 2060 1161 2091 afferunt.

380 2098 485 2129 Nubes
512 2110 595 2139 aqua
621 2105 768 2134 carentes.
814 2102 905 2134 Duas
934 2103 1161 2135 similitudines
1184 2112 1265 2143 quae

293 2139 453 2172 habentur
486 2143 571 2182 apud
595 2144 744 2183 Petrum,
785 2146 818 2176 in
852 2156 951 2177 unam
985 2146 1120 2187 colligit,
1154 2146 1264 2177 eodem

293 2188 403 2215 tamen
433 2194 540 2216 sensu.
586 2186 712 2218 Vanam
744 2188 830 2219 enim
857 2189 1104 2220 ostentationem
1129 2191 1265 2229 uterque

292 2230 400 2258 taxat:
425 2227 502 2267 quia
521 2227 699 2260 nebulones
722 2231 787 2269 isti,
811 2241 913 2271 quum
935 2232 1038 2263 multa
1062 2232 1264 2273 promittant,

292 2269 382 2300 intus
419 2274 529 2301 tamen
564 2271 646 2302 aridi
679 2278 755 2303 sunt
789 2279 885 2314 atque
919 2274 1042 2306 inanes.
1100 2274 1263 2314 Quemad-

293 2311 424 2343 modum
448 2313 549 2345 nubes
561 2315 710 2354 procellis
723 2316 862 2356 agitatae
879 2327 970 2356 spem
983 2318 1112 2358 pluviae
1125 2318 1264 2349 faciunt:

293 2354 349 2385 sed
383 2355 492 2386 statim
526 2362 726 2389 evanescunt
759 2358 792 2388 in
826 2359 974 2391 nihilum.
1025 2361 1143 2392 Petrus
1173 2359 1264 2391 addit

293 2397 367 2429 sicci
401 2403 432 2429 et
462 2399 556 2430 vacui
589 2400 688 2431 fontis
718 2400 974 2434 similitudinem.
1028 2403 1127 2434 Iudas
1157 2408 1261 2434 autem

291 2439 400 2479 plures
424 2441 630 2482 metaphoras
652 2443 684 2474 in
709 2443 848 2475 eundem
873 2445 969 2476 finem
989 2447 1152 2486 congerit:
1176 2445 1261 2485 quod

292 2483 487 2515 arbores
513 2485 580 2516 sint
607 2486 888 2525 emarcidae,
911 2488 1181 2527 quemadmodum
1205 2498 1260 2519 au-

291 2528 405 2557 tumno
429 2527 541 2558 defluit
563 2528 715 2560 arborum
738 2529 848 2570 vigor:
881 2535 991 2571 postea
1014 2536 1108 2563 vocat
1131 2532 1260 2563 arbores

291 2568 631 2611 infrugiferas,
655 2571 941 2610 eradicatae,
966 2578 1007 2604 et
1030 2574 1100 2605 bis
1123 2584 1260 2606 emor-

291 2615 405 2643 tuas.
450 2612 499 2644 Ac
529 2614 556 2644 si
585 2614 719 2653 diceret,
749 2615 832 2646 nihil
859 2615 949 2647 intus
979 2627 1048 2648 esse
1077 2618 1178 2655 succi,
1208 2622 1259 2648 ut-

290 2662 416 2695 cunque
439 2661 615 2696 appareant
638 2657 720 2689 folia.

1411 302 1458 333 13.
1496 302 1602 335 Undae
1629 303 1771 342 efferatae
1801 303 1910 334 maris.
1956 303 2118 342 Quorsum
2148 304 2208 337 hoc
2235 306 2290 337 ad-

1323 344 1427 375 ditum
1460 345 1516 386 sit,
1546 345 1661 376 melius
1691 355 1730 376 cx
1763 345 1852 376 Petri
1884 345 1990 377 verbis
2020 346 2170 387 colligere
2200 347 2289 379 licet:

1324 397 1441 428 nempe
1464 388 1549 428 quod
1572 388 1675 418 inflati
1699 388 1860 429 superbia,
1888 389 1997 429 magni
2022 389 2088 421 loco
2111 390 2197 430 stylo
2222 401 2291 422 ver·

1324 430 1438 461 borum
1481 430 1640 471 ampullas
1681 432 1807 470 efflant,
1857 431 1905 461 vel
1947 431 2054 471 potius
2088 431 2289 473 despumant.

1323 472 1451 504 Interea
1474 473 1552 505 adeo
1575 473 1655 505 nihil
1679 474 1818 505 afferunt
1841 474 2019 514 spirituale,
2043 478 2079 506 ut
2103 475 2209 515 potius
2232 475 2290 507 ho-

1323 515 1427 546 mines
1457 515 1607 548 deiiciant
1636 516 1675 547 ad
1708 517 1873 548 brutorum
1904 517 2092 549 animalium
2115 522 2288 558 stuporem.

1323 557 1418 589 'Pales
1442 558 1492 599 (ut
1515 559 1602 600 prius
1626 559 1746 590 dictum
1770 560 1831 601 est)
1859 559 1954 590 hodie
1977 564 2054 591 sunt
2077 560 2209 593 fanatici
2233 561 2289 593 ho·

1322 600 1426 632 mines
1455 602 1509 642 qui
1540 612 1574 634 se
1602 602 1786 634 Libertinos
1816 608 1942 634 vocant.
1988 603 2086 635 Dicas
2117 613 2206 635 mera
2235 614 2290 636 eos

1323 643 1468 675 tonitrua
1501 655 1631 677 sonare:
1673 656 1749 676 nam
1787 645 1950 677 communi
1988 655 2135 678 sermone
2172 651 2289 687 spreto,

1322 687 1484 718 exoticum
1518 688 1625 719 nescio
1658 688 1741 728 quod
1777 689 1894 720 idioma
1928 688 1988 719 sibi
2024 689 2169 729 fingunt:
2203 692 2288 729 post-

1321 739 1418 769 quam
1435 729 1494 762 visi
1517 736 1590 762 sunt
1614 741 1688 762 suos
1712 731 1886 772 discipulos
1907 742 2007 771 supra
2025 731 2149 763 coelum
2167 742 2290 772 rapere,

1322 777 1456 812 repente
1487 773 1522 804 in
1556 773 1716 805 belluinos
1748 784 1874 806 errores
1907 775 2089 814 procidunt.
2142 774 2289 816 Fingunt

1321 815 1407 845 enim
1430 815 1632 848 innocentiae
1655 826 1724 847 esse
1747 821 1877 857 statum,
1901 817 1954 848 ubi
1974 817 2100 849 nullum
2118 817 2289 850 discrimen

1323 862 1372 888 est
1414 858 1517 899 turpis
1555 862 1587 891 et
1624 858 1769 890 honesti:
1814 860 1943 900 fingunt
1980 860 2181 901 spiritualem
2221 870 2290 892 esse

1321 900 1436 942 vitam,
1473 900 1550 933 dum
1584 902 1742 934 exstincto
1775 904 1873 940 metu,
1911 913 2021 934 secure
2059 903 2118 934 sibi
2153 904 2291 943 quisque

1320 943 1482 984 indulget:
1516 955 1573 977 nos
1604 945 1672 976 fieri
1703 944 1787 981 deos,
1822 946 1896 985 quia
1924 945 2058 985 spiritus
2084 956 2126 977 ex
2149 946 2289 986 corpori-

1320 986 1379 1018 bus
1409 987 1587 1027 migrantes
1610 987 1700 1018 Deus
1722 987 1901 1019 absorbeat.
1948 987 2021 1027 Quo
2044 988 2162 1020 maiore
2185 989 2290 1020 studio

1320 1039 1357 1060 ac
1388 1031 1571 1062 reverentia
1602 1030 1694 1062 nobis
1724 1030 1857 1061 colenda
1885 1034 1934 1062 est
1966 1031 2145 1070 scripturae
2168 1031 2290 1072 simpli-

1319 1072 1418 1112 citas,
1455 1084 1495 1104 ne
1535 1075 1681 1114 argutius
1718 1083 1814 1113 quam
1848 1083 1907 1113 par
1941 1078 1990 1104 est
2023 1073 2289 1114 philosophando,

1320 1125 1384 1146 non
1418 1116 1506 1147 coelo
1539 1117 1851 1157 appropinquemus,
1884 1116 1940 1148 sed
1975 1116 2081 1156 potius
2114 1117 2147 1147 in
2182 1116 2289 1148 multi-

1320 1157 1418 1197 plices
1442 1158 1646 1199 labyrinthos
1670 1169 1863 1199 mergamur.
1900 1159 1977 1190 Ideo
2001 1158 2153 1190 stellas
2176 1169 2290 1191 erra·

1318 1202 1428 1232 ticas
1458 1206 1562 1240 vocat,
1593 1203 1668 1242 quia
1695 1201 1833 1233 evanida
1856 1202 1937 1234 lucis
1960 1203 2063 1242 specie
2086 1201 2195 1233 oculos
2218 1212 2289 1242 per-

1317 1244 1490 1285 stringant.

1407 1330 1456 1362 14.
1480 1330 1579 1363 Prius
1608 1334 1708 1363 autem
1737 1331 1830 1363 etiam
1858 1331 1901 1363 iis
1927 1331 2113 1363 vaticinatus
2135 1333 2178 1362 est
2199 1331 2291 1371 septi-

1319 1382 1389 1404 mus
1417 1373 1456 1405 ab
1486 1374 1593 1406 Adam
1617 1374 1734 1412 Enoch,
1768 1375 1889 1406 dicens:
1920 1373 1997 1406 Ecce
2023 1374 2104 1404 venit
2134 1373 2291 1405 Dominus

1320 1416 1354 1447 in
1376 1417 1492 1448 sanctis
1514 1417 1653 1450 millibus
1675 1418 1753 1458 suis,
1799 1417 1848 1449 15.
1879 1417 1917 1450 Ut
1941 1417 2039 1457 faciat
2060 1417 2213 1448 iudicium
2235 1416 2290 1448 ad-

1319 1469 1428 1491 versus
1459 1470 1573 1501 omnes,
1608 1464 1635 1492 et
1661 1461 1832 1502 redaryuat
1861 1471 1898 1492 ea:
1925 1461 1971 1492 eis
1996 1469 2098 1491 omnes
2119 1460 2232 1500 impios
2253 1459 2291 1491 de

1317 1501 1411 1542 factis
1429 1503 1569 1535 omnibus
1591 1504 1761 1545 impietatis
1782 1513 1860 1543 quae
1881 1503 1975 1543 impie
1991 1505 2173 1543 patrarunt,
2196 1503 2291 1542 deque

1320 1545 1464 1577 omnibus
1500 1546 1590 1577 duris
1625 1557 1704 1587 quae
1741 1547 1858 1586 loquuti
1893 1548 1965 1578 sunt
2001 1546 2152 1578 adversus
2188 1544 2291 1576 Deum

1314 1591 1492 1626 peccatores
1529 1589 1631 1629 impii.
1683 1590 1732 1622 16.
1766 1590 1813 1621 Hi
1840 1591 1912 1622 sunt
1937 1590 2189 1628 murmuratores,
2219 1598 2290 1627 que-

1320 1631 1400 1669 ruli,
1437 1632 1528 1663 iuxta
1560 1633 1819 1673 concupiscentias
1850 1642 1928 1664 suas
1960 1631 2165 1669 ambulantes,
2198 1633 2227 1663 et
2258 1639 2292 1661 os

1319 1673 1444 1705 illorum
1472 1674 1609 1715 loquitur
1637 1677 1768 1715 tumida,
1801 1675 1993 1708 admirantes
2008 1684 2173 1715 personas,
2207 1673 2291 1706 utili-

1318 1717 1393 1748 tatis
1412 1718 1529 1758 qratia.

1407 1803 1457 1834 14.
1489 1803 1587 1836 Prius
1616 1807 1726 1844 autem,
1759 1807 1812 1837 etc.
1857 1803 2057 1836 Vaticinium
2092 1803 2152 1834 hoe
2186 1802 2291 1843 potius

1319 1846 1464 1887 ἄγραφον
1511 1847 1609 1879 fuisse
1651 1854 1729 1888 puto
1776 1857 1874 1888 quam
1911 1857 1951 1878 ex
1989 1845 2174 1887 apocrypho
2211 1845 2292 1877 libro

1319 1890 1505 1922 adductum.
1557 1891 1644 1922 Fieri
1676 1892 1762 1922 enim
1794 1894 1902 1931 potest
1929 1890 2049 1922 dietum
2080 1890 2139 1920 hoo
2170 1898 2290 1920 memo-

1319 1932 1419 1963 rabile
1460 1937 1586 1965 veteres
1629 1933 1888 1966 commendarint
1928 1933 2074 1973 posteris.
2143 1931 2178 1964 Si
2218 1931 2290 1971 quis

1319 1977 1426 2015 roget,
1462 1986 1560 2016 quum
1595 1977 1713 2017 passim
1749 1980 1920 2009 occurrant
1953 1976 1988 2006 in
2022 1975 2191 2015 scripturis
2225 1984 2290 2005 non

1319 2018 1481 2050 absimiles
1516 2020 1707 2059 sententiae,
1741 2030 1799 2052 cur
1829 2029 1894 2050 non
1924 2029 1964 2050 ex
1994 2018 2101 2059 aliquo
2131 2017 2291 2058 propheta

1318 2061 1475 2101 scriptum
1500 2063 1719 2094 testimonium
1743 2063 1905 2094 citaverit:
1938 2062 2057 2093 solutio
2080 2061 2114 2092 in
2138 2063 2290 2100 promptu

1318 2108 1382 2140 est,
1421 2105 1564 2137 voluisse
1601 2106 1640 2137 ab
1679 2106 1793 2137 ultima
1831 2109 1992 2136 vetustate
2030 2108 2175 2144 repetere
2212 2102 2289 2143 quid

1317 2147 1451 2186 spiritus
1485 2148 1524 2180 de
1553 2148 1617 2180 illis
1646 2148 1918 2189 pronuntiaverit.
1963 2149 2070 2188 Atque
2099 2147 2160 2178 hoc
2190 2145 2289 2193 verba

1317 2192 1444 2222 sonant.
1498 2190 1729 2232 Septimum
1763 2191 1850 2223 enim
1884 2191 1923 2223 ab
1957 2191 2063 2222 Adam
2097 2189 2288 2221 nominatim

1317 2231 1408 2270 dicit,
1445 2238 1479 2264 ut
1515 2235 1661 2266 vaticinii
1695 2235 1923 2274 antiquitatem
1954 2233 2173 2266 commendet:
2205 2231 2288 2272 quod

1316 2275 1438 2306 scilicet
1469 2277 1533 2308 iam
1563 2278 1670 2318 priore
1694 2278 1815 2309 mundo
1838 2276 2009 2309 exstiterit.
2060 2275 2153 2314 Quod
2178 2279 2288 2305 autem

1316 2317 1522 2358 prophetiam
1553 2320 1638 2352 hanc
1669 2320 1736 2352 dixi
1765 2332 1805 2352 ex
1836 2320 1942 2351 relatu
1973 2323 2083 2350 notam
2113 2318 2211 2349 fuisse
2233 2317 2289 2348 Iu-

1317 2360 1416 2400 daeis,
1451 2362 1478 2394 si
1509 2363 1580 2403 quis
1611 2363 1704 2395 aliter
1734 2364 1868 2401 sentiat,
1902 2372 1965 2393 non
1997 2360 2175 2393 contendo:
2205 2360 2289 2392 sicut

1316 2413 1374 2435 nec
1409 2404 1449 2436 de
1483 2406 1619 2446 epistola
1649 2407 1788 2446 quidem,
1823 2407 1906 2436 sitne
1937 2404 2049 2444 Iudae,
2084 2414 2125 2435 an
2156 2403 2290 2435 alterius

1314 2447 1503 2487 cuiuspiam.
1556 2449 1698 2480 Tantum
1728 2450 1763 2480 in
1794 2449 1890 2480 rebus
1920 2447 2026 2479 dubiis
2055 2446 2140 2486 quod
2170 2445 2286 2487 proba-

1313 2488 1374 2520 bile
1398 2495 1456 2531 est,
1479 2501 1602 2531 sequor.

1398 2533 1477 2566 Ecce
1497 2536 1586 2566 venit.
1633 2535 1853 2566 Praeteritum
1877 2533 1945 2565 loco
1968 2534 2078 2571 futuri,
2101 2542 2190 2564 more
2214 2542 2284 2572 pro-

1312 2575 1452 2614 phetico.
1497 2577 1585 2608 Dicit
1617 2583 1793 2609 venturum
1823 2578 1863 2608 in
1895 2581 2136 2608 sanctorum
2162 2575 2291 2607 milli-

1312 2618 1406 2650 bus:
1438 2620 1498 2652 sub
1531 2620 1649 2660 quibus
1681 2620 1787 2652 verbis
1810 2624 1876 2651 tam
1899 2620 2011 2651 fideles
2034 2629 2131 2659 quam
2155 2618 2286 2660 angelos

1316 2662 1474 2703 designat.
1521 2663 1604 2694 Nam
1636 2663 1804 2695 ornabunt
1836 2663 1968 2703 utrique
1990 2662 2114 2694 Christi
2144 2660 2286 2693 tribunal

2499 1588 2502 1589 ¹
2497 1483 2511 1553 »eff-,-

2486 2388 2496 2406 “-
2483 2125 2502 2373 '‘mssa-
2494 2103 2497 2108 .
