2513 3126
295 207 355 238 347

297 308 360 342 tur,
390 305 603 345 expavefacti,
635 303 673 334 ab
703 301 872 342 evangelio
896 301 1077 333 discedunt.
1125 300 1267 342 Spiritus

297 352 407 380 autem
441 348 536 385 longe
568 346 731 376 diversum
766 344 944 376 remedium
980 344 1188 384 praescribit:
1227 355 1267 376 no

297 398 417 422 temere
448 389 568 420 scilicet
599 395 631 418 et
657 388 776 428 absque
799 386 925 418 delectu
950 387 1127 427 quamlibet
1150 387 1265 419 doctri-

297 444 371 465 nam
397 433 552 471 rccipiunt
573 430 695 462 fideles.
740 429 933 461 Cavendum
957 429 1059 470 igitur
1082 441 1122 461 nc
1145 430 1266 470 opinio-

297 487 375 508 num
403 475 556 506 varictute
579 473 706 510 offensi,
731 473 877 504 doctores
901 483 967 504 una
990 483 1062 504 cum
1088 472 1186 504 verbo
1207 473 1266 504 Dei

298 519 405 549 vnloro
439 517 616 548 iubeamus.
668 515 734 547 Sed
766 516 825 547 hoc
856 520 1148 555 temperamentum
1179 516 1267 547 suffi-

297 562 370 597 ciat,
394 570 457 591 non
481 570 552 591 esse
576 559 758 600 promiscue
781 568 894 589 omnes
916 558 1102 590 audiendos.
1141 558 1266 590 Nomen

297 603 524 644 spiritus,
555 602 772 641 metonymice
795 601 915 641 accipio
942 611 999 641 pro
1023 612 1070 639 eo,
1094 602 1149 641 qui
1173 601 1266 640 spiri-

297 651 349 677 tus
383 645 467 676 dono
502 655 536 676 se
569 645 751 684 praeditum
784 654 854 675 csse
885 645 981 676 iactat
1013 644 1052 675 ad
1083 644 1265 675 obeundum

296 688 474 729 prophetae
505 698 633 718 munus.
680 687 763 718 Nam
794 696 892 727 quum
924 687 1043 718 nemini
1072 687 1266 728 permissum

295 732 339 762 sit
366 732 493 771 privato
516 741 572 762 suo
597 730 727 761 nomine
751 729 848 769 loqui,
880 739 939 761 nec
962 729 1040 761 fides
1064 730 1267 770 loquentibus

297 774 445 806 habenda
482 773 538 812 sit,
581 772 643 804 nisi
681 779 842 813 quatenus
880 773 1013 812 spiritus
1048 773 1151 804 sancti
1189 777 1267 803 sunt

296 826 434 857 organa:
471 826 534 856 quo
570 815 641 856 plus
674 816 858 847 autoritatis
893 815 1050 847 haberent
1080 815 1266 856 prophetae,

297 859 357 891 hoc
389 859 492 899 elogio
516 858 606 889 Deus
636 859 722 898 ipsos
753 859 893 896 ornavit,
922 869 958 890 ac
982 859 1008 889 si
1031 868 1086 890 eos
1110 859 1267 889 eximeret

297 913 335 933 ex
360 902 524 934 communi
549 901 716 932 homiuum
736 911 879 933 numero.
920 900 1062 941 Spiritus
1078 911 1154 941 ergo
1172 910 1266 931 vcca-

297 946 416 976 bantur
455 945 511 984 qui
553 944 697 984 linguam
739 948 866 975 tantum
901 944 1094 984 praebentes
1127 942 1267 974 oraculis

297 988 431 1028 spiritus
461 987 574 1024 sancti,
604 988 787 1018 ministram
817 987 885 1018 eius
916 997 1084 1026 personam
1113 985 1266 1025 quodam-

296 1030 391 1061 modo
432 1030 654 1061 sustinebant:
696 1029 777 1061 nihil
815 1029 1025 1070 proferebant
1063 1040 1102 1059 ex
1141 1028 1267 1068 proprio

296 1083 402 1111 sensu,
427 1083 486 1104 nec
508 1074 636 1113 privato
657 1083 715 1104 suo
732 1073 861 1103 nomine
879 1072 1049 1112 prodibant
1066 1072 1097 1102 iu
1115 1071 1267 1101 medium.

296 1116 370 1147 Huc
401 1121 509 1147 autem
544 1114 709 1155 spectabat
738 1122 803 1146 tam
836 1116 1032 1146 honorificus
1063 1113 1191 1150 tit-ulus,
1228 1123 1268 1143 ne

297 1159 373 1199 quid
398 1159 438 1190 ob
462 1158 602 1189 ministri
622 1163 845 1198 contemptum
870 1158 958 1189 verbi
977 1157 1039 1187 Dei
1067 1156 1268 1187 reverentiae

297 1201 477 1233 decederet.
530 1201 613 1232 Nam
646 1201 734 1232 Deus
768 1211 894 1240 semper
930 1199 1063 1231 verbum
1099 1209 1193 1230 suum
1227 1209 1269 1229 ex

298 1244 468 1275 hominum
503 1254 558 1275 ore
593 1255 656 1274 non
692 1253 784 1275 secus
818 1243 921 1282 excipi
957 1241 1071 1278 voluit,
1112 1251 1208 1281 quam
1242 1242 1268 1272 si

299 1287 405 1327 palam
441 1288 509 1326 ipse
540 1296 556 1317 e
587 1286 675 1318 coelo
706 1286 915 1326 apparuisset.
968 1284 1032 1315 Hic
1062 1294 1096 1315 se
1128 1284 1268 1315 medium

299 1331 409 1362 iniecit
432 1330 553 1361 Satan:
585 1336 615 1360 et
646 1339 745 1369 quum
778 1328 876 1359 falsos
900 1327 1047 1358 doctores
1071 1331 1270 1367 supponeret

299 1373 338 1403 ad
363 1372 500 1404 verbum
524 1371 587 1403 Dei
617 1371 879 1409 adulterandum,
908 1381 1025 1402 nomen
1054 1380 1183 1410 quoque
1206 1369 1269 1401 illis

300 1415 468 1455 imposuit,
502 1415 563 1446 sub
598 1425 660 1454 quo
690 1414 806 1445 melius
837 1413 996 1444 fallerent.
1050 1413 1102 1444 Ita
1132 1411 1268 1453 pseudo-

300 1458 476 1499 prophetae
506 1457 709 1498 superciliose
740 1461 772 1487 et
803 1456 908 1497 plenis
932 1456 1039 1487 buccis
1061 1466 1189 1496 semper
1209 1455 1270 1486 sibi

301 1511 453 1541 arrogare
484 1501 568 1531 soliti
600 1505 675 1531 sunt
707 1499 861 1539 quidquid
885 1498 976 1530 Deus
1006 1500 1039 1530 in
1062 1509 1172 1530 servos
1195 1508 1271 1529 suos

301 1543 434 1574 honoris
457 1544 647 1574 contulerat.
687 1542 826 1573 Videtur
850 1546 957 1573 autem
981 1541 1127 1573 consulto
1147 1547 1271 1581 aposto-

302 1587 354 1618 lus
384 1587 445 1618 hoc
472 1587 600 1617 nomine
632 1596 709 1616 usus
739 1595 820 1624 esse,
850 1595 891 1616 ne
920 1584 987 1616 suis
1014 1584 1114 1615 larvis
1138 1594 1194 1615 nos
1218 1584 1273 1615 de-

301 1630 425 1670 cipiant
455 1630 510 1669 qui
542 1628 622 1660 falso
653 1628 717 1659 Dei
748 1638 866 1659 nomen
897 1628 1127 1668 praetendunt:
1161 1637 1273 1667 quem-

302 1671 475 1704 admodum
501 1671 646 1703 videmus
679 1671 774 1703 hodie
806 1670 984 1711 permultos
1013 1670 1099 1701 nudo
1123 1670 1273 1702 ecclesiae

303 1715 398 1746 titulo
417 1715 631 1754 obstupefieri,
651 1718 685 1745 ut
701 1725 735 1746 se
750 1714 785 1745 in
801 1721 969 1745 aeternum
987 1714 1155 1744 interitum
1173 1723 1274 1753 papae

303 1757 451 1789 addicere
482 1757 606 1795 malint,
638 1767 735 1797 quam
759 1756 806 1788 illi
828 1756 1002 1796 quidquam
1027 1756 1079 1787 vel
1103 1757 1274 1787 minimum

303 1800 488 1832 autoritatis
518 1800 684 1841 abrogare.
731 1799 882 1831 Notanda
912 1804 960 1830 est
990 1799 1091 1840 igitur
1115 1799 1177 1830 ista
1199 1809 1273 1831 con-

303 1844 414 1875 cessio.
466 1843 601 1874 Poterat
635 1843 719 1873 enim
756 1843 860 1874 dicere
894 1843 1076 1882 apostolus,
1110 1852 1175 1873 non
1205 1851 1275 1873 esse

304 1886 471 1926 quibusvis
495 1886 679 1917 hominibus
702 1885 917 1917 credendum:
946 1885 1001 1916 sed
1025 1885 1179 1925 quoniam
1203 1884 1275 1915 falsi

306 1930 451 1961 doctores
485 1929 622 1968 spiritus
657 1928 788 1959 titulum
823 1927 1083 1964 mentiebantur,
1121 1937 1196 1958 eum
1230 1927 1276 1959 sic

306 1971 385 2011 ipsis
426 1971 597 2011 relinquit,
635 1975 672 2002 ut
709 1970 806 2003 simul
842 1971 1013 2001 admoneat
1051 1970 1202 2002 frivolum
1240 1980 1276 2002 ac

306 2015 513 2054 nugatorium
543 2025 623 2054 esse,
654 2014 715 2045 nisi
745 2024 779 2045 re
803 2014 872 2053 ipsa
895 2013 1070 2044 exhibeant
1093 2013 1179 2054 quod
1203 2023 1275 2053 pro-

306 2057 454 2087 fitentur:
484 2056 602 2088 stultos
627 2067 703 2088 vero
729 2067 799 2088 esse
829 2056 882 2096 qui
912 2055 952 2086 ad
979 2056 1083 2087 solum
1109 2056 1276 2088 honorifici

307 2098 394 2129 tituli
412 2099 584 2138 strepitum
601 2100 739 2137 attoniti,
760 2099 798 2130 de
814 2109 849 2130 re
865 2099 1027 2139 inquirere
1044 2110 1107 2130 non
1125 2101 1276 2130 audeant.

392 2140 524 2173 Probate
553 2142 695 2181 spiritus.
742 2141 828 2181 Quia
858 2152 922 2172 non
946 2152 1057 2173 omnes
1081 2152 1176 2173 verae
1199 2144 1277 2173 sunt

307 2184 506 2224 prophetiae,
529 2185 693 2224 apostolus
713 2184 764 2216 hic
784 2185 972 2224 pronuntiat
991 2185 1189 2217 revocandas
1207 2194 1277 2215 esse

307 2226 346 2257 ad
383 2236 531 2258 examen.
584 2227 771 2266 Alloquitur
805 2233 912 2258 autem
948 2238 1009 2258 non
1045 2228 1139 2259 modo
1175 2232 1276 2258 totum

308 2268 461 2301 ecclesiae
491 2279 623 2309 corpus:
654 2269 709 2301 sed
742 2270 837 2300 etiam
867 2270 1011 2310 singulos
1040 2271 1160 2302 fideles.
1213 2269 1278 2302 Sed

308 2312 475 2352 quaeritur
498 2312 584 2343 unde
604 2313 696 2344 nobis
712 2312 775 2343 ista
792 2313 950 2343 discretio.
990 2313 1054 2352 Qui
1070 2312 1278 2354 respondent,

309 2355 445 2386 verbum
468 2354 530 2385 Dei
562 2355 706 2395 regulam
735 2365 804 2385 esse
834 2355 873 2385 ad
904 2365 999 2394 quam
1023 2357 1109 2397 exigi
1133 2360 1280 2396 oporteat

309 2397 464 2437 quidquid
495 2398 529 2428 in
561 2397 703 2429 medium
727 2398 893 2437 proferunt
917 2398 1071 2435 homines,
1104 2409 1207 2439 neque
1230 2398 1279 2429 illi

309 2440 391 2471 nihil
416 2440 537 2477 dicunt,
562 2451 667 2480 neque
691 2445 804 2471 totum.
843 2440 991 2471 Concedo
1011 2442 1193 2480 probandas
1210 2451 1279 2473 esse

310 2482 407 2514 verbo
427 2483 490 2514 Dei
515 2483 692 2514 doctrinas:
717 2493 832 2514 verum
856 2483 917 2514 nisi
941 2483 1023 2514 adsit
1046 2485 1180 2524 spiritus
1203 2495 1279 2525 pru

312 2525 455 2565 dentiae,
497 2526 577 2557 nihil
618 2532 675 2557 aut
714 2536 825 2566 parum
864 2525 1006 2565 proderit
1043 2528 1178 2558 verbum
1218 2527 1280 2558 Dei

312 2567 430 2599 habere
465 2568 501 2599 ad
534 2579 678 2606 manum,
715 2569 805 2600 cuius
835 2569 1058 2608 interpretatio
1089 2570 1180 2601 nobis
1214 2579 1280 2600 non

313 2611 480 2643 constabit.
526 2611 817 2650 Quemadmodum,
847 2611 987 2651 exempli
1018 2613 1132 2652 gratia,
1165 2623 1279 2643 aurum

310 2654 388 2693 igne
412 2662 467 2685 aut
490 2654 577 2694 lydio
602 2654 707 2695 lapide
730 2654 899 2695 probatur:
925 2653 981 2685 sed
998 2654 1036 2685 ab
1052 2655 1090 2685 iis
1107 2655 1159 2694 qui
1177 2660 1279 2686 artem

1105 206 1243 236 fflffi'r.
1268 205 1490 237 IOHANNIS

2229 209 2291 240 348

1321 307 1442 333 tenent.
1497 302 1578 332 Nam
1615 301 1787 341 imperitis,
1824 311 1882 333 nec
1915 301 1997 343 lapis
2032 302 2155 344 lydius,
2189 313 2291 345 neque

1321 345 1406 386 ignis
1444 345 1516 375 usui
1552 354 1622 375 esse
1661 345 1787 384 poterit.
1846 344 1932 386 Ergo
1971 349 2008 376 ut
2045 345 2147 377 simus
2185 345 2290 378 idonei

1320 388 1450 425 iudices,
1482 396 1611 418 necesso
1641 392 1690 417 est
1721 397 1779 418 nos
1808 386 2011 420 discretionis
2038 388 2156 428 spiritu
2181 388 2292 420 donari

1321 436 1354 462 et
1377 430 1482 470 dirigi.
1522 428 1608 468 Quia
1630 435 1738 460 autom
1764 429 1883 461 frustra
1908 429 1967 462 boc
1987 430 2076 462 nobis
2092 431 2294 471 praeciperet

1321 473 1496 513 apostolus,
1528 472 1590 502 nisi
1622 471 1784 503 iudicandi
1818 473 1954 504 facultas
1977 476 2174 514 suppeteret,
2205 480 2293 506 certo

1320 515 1525 547 statuendam
1549 521 1606 550 cst,
1632 515 1700 555 pios
1725 525 1893 555 nunquam
1913 516 2104 547 destitutum
2122 516 2161 547 iri
2177 517 2292 556 spiritu

1322 558 1522 598 prudentiae,
1553 557 1658 597 quoad
1689 558 1847 597 expediet,
1881 558 1976 590 modo
2008 569 2081 590 eum
2111 569 2130 590 a
2152 559 2293 591 Domino

1321 600 1494 641 postulent.
1541 599 1606 632 Sed
1637 601 1683 631 ita
1713 600 1842 632 demum
1867 601 1906 632 ad
1930 611 2041 633 veram
2066 601 2291 634 discretionem

1321 655 1380 675 nos
1403 643 1536 682 spiritus
1560 643 1686 683 diriget,
1718 644 1743 674 si
1768 654 1880 675 omnes
1904 650 2032 675 nostros
2056 654 2171 676 sensus
2194 644 2293 676 verbo

1321 685 1517 717 subiicimus.
1566 685 1625 717 Est
1657 686 1743 717 enim
1771 686 1819 727 (ut
1845 686 1963 718 dictum
1988 687 2050 728 est)
2082 688 2183 719 instar
2214 686 2293 728 lydii

1322 729 1450 770 lapidis:
1477 728 1541 760 imo
1565 728 1659 769 longe
1683 729 1784 769 pluris
1808 739 1877 760 esse
1897 729 1987 760 nobis
2008 729 2117 761 debet:
2143 731 2293 770 quoniam

1321 782 1359 803 ea
1382 771 1510 802 demum
1536 771 1683 811 legitima
1706 777 1756 803 est
1778 772 1934 809 doctrina,
1959 783 2041 812 quae
2065 772 2139 804 inde
2163 779 2294 813 sumpta

1321 819 1379 845 est.
1431 813 1496 845 Sed
1532 814 1583 845 hic
1619 815 1764 846 nascitur
1799 815 1938 846 difficilis
1969 816 2127 854 quaestio:
2163 816 2239 855 quia
2268 816 2294 846 si

1322 867 1419 897 penes
1442 856 1588 897 singulos
1612 857 1662 888 ius
1686 863 1717 888 ct
1740 857 1910 888 arbitrium
1931 858 1993 889 erit
2012 857 2186 895 iudicandi,
2212 857 2295 889 nihil

1322 909 1465 939 unquam
1490 900 1570 931 certi
1593 900 1748 931 constitui
1773 901 1908 940 poterit:
1932 901 2008 940 quin
2034 901 2140 940 potius
2165 900 2292 932 vacilla-

1322 943 1367 974 bit
1400 948 1466 973 tota
1490 942 1612 983 religio.
1660 942 1861 982 Respondeo,
1893 943 2014 984 duplex
2038 954 2107 974 esse
2131 943 2295 975 doctrinae

1322 995 1473 1016 examen:
1510 986 1690 1025 privatum,
1725 989 1757 1016 et
1789 985 1959 1025 publicum.
2014 986 2198 1023 Privatum,
2231 996 2295 1026 quo

1322 1028 1544 1068 unusquisque
1568 1028 1664 1059 fidem
1688 1038 1780 1059 suam
1805 1027 1936 1066 stabilit,
1961 1034 1996 1059 ut
2020 1034 2090 1060 tuto
2110 1030 2292 1069 acquiescat

1322 1072 1355 1102 in
1386 1081 1422 1101 ea
1452 1070 1600 1102 doctrina
1630 1080 1725 1110 quam
1759 1082 1777 1102 a
1803 1071 1872 1102 Deo
1900 1072 1990 1102 novit
2013 1074 2188 1112 protectam
2212 1082 2294 1103 esse.

1322 1114 1434 1153 Neque
1466 1114 1551 1144 enim
1588 1113 1663 1144 alibi
1699 1124 1796 1154 quam
1827 1113 1860 1144 in
1901 1113 1972 1145 Deo
2009 1119 2112 1145 tutam
2145 1119 2177 1145 et
2208 1120 2296 1145 tran-

1322 1157 1458 1196 quillam
1481 1157 1654 1187 stationem
1674 1156 1840 1188 invenient
1857 1156 2084 1188 conscientiae.
2122 1156 2295 1188 Publicum

1322 1210 1459 1230 examen
1504 1199 1543 1230 ad
1589 1209 1793 1231 communem
1837 1199 1990 1231 ecclesiae
2030 1209 2225 1231 consensum
2265 1204 2296 1230 et

1515 1247 1646 1282 spectat.
1692 1242 1777 1273 Nam
1808 1243 1882 1283 quia
1912 1242 2087 1283 periculum
2113 1247 2161 1274 est
2184 1253 2224 1274 ne
2247 1243 2296 1274 in-

1323 1289 1459 1325 surgant
1501 1285 1629 1316 fanatici
1664 1284 1826 1322 homines,
1867 1286 1921 1325 qui
1956 1295 1990 1316 se
2025 1290 2142 1316 temere
2176 1286 2296 1317 iactent

1322 1329 1436 1368 spiritu
1462 1327 1525 1358 Dei
1548 1339 1617 1359 esse
1642 1328 1822 1368 praeditos:
1851 1328 2068 1359 necessarium
2092 1333 2141 1359 est
2165 1328 2224 1360 hoc
2246 1337 2296 1359 re-

1323 1370 1475 1407 medium,
1509 1376 1544 1401 ut
1574 1370 1672 1402 simul
1701 1371 1898 1402 conveniant
1926 1370 2045 1410 fideles,
2076 1376 2108 1402 et
2136 1372 2296 1402 rationem

1324 1414 1367 1452 pii
1403 1413 1538 1453 purique
1569 1424 1745 1445 consensus
1776 1419 1941 1454 quaerant.
1994 1413 2166 1445 Caeterum
2197 1423 2296 1454 quum

1325 1461 1418 1487 vetus
1442 1455 1523 1486 illud
1546 1455 1754 1496 proverbium
1778 1456 1876 1487 nimis
1901 1467 2013 1487 verum
2036 1457 2089 1495 sit,
2113 1456 2201 1496 Quot
2220 1461 2298 1488 sunt

1324 1499 1438 1539 capita,
1464 1504 1511 1529 tot
1533 1509 1603 1530 esse
1625 1509 1759 1531 sensus:
1790 1505 1913 1530 certum
1938 1504 1987 1530 est
2012 1499 2072 1530 hoc
2094 1510 2163 1531 esse
2186 1500 2298 1540 singu-

1325 1541 1392 1573 lare
1411 1541 1471 1572 Dei
1495 1552 1585 1581 opus,
1609 1547 1644 1573 ut
1667 1542 1787 1573 domita
1803 1543 1890 1573 omni
1908 1542 2096 1582 pervicacia,
2121 1552 2179 1573 nos
2196 1551 2298 1573 unum

1325 1585 1460 1621 sentire,
1492 1590 1587 1624 atque
1615 1584 1648 1615 in
1681 1595 1793 1624 puram
1823 1584 1899 1616 fidei
1931 1585 2089 1615 unitatem
2117 1585 2299 1616 coalescere

1326 1628 1432 1659 faciat.
1478 1627 1572 1666 Quod
1596 1632 1703 1658 autem
1729 1627 1789 1659 hoc
1813 1632 1984 1668 praetextu
2007 1637 2217 1668 quaecunque
2240 1637 2297 1659 un-

1327 1680 1423 1711 quam
1454 1671 1486 1701 in
1517 1671 1661 1702 conciliis
1691 1670 1819 1702 decreta
1842 1673 1928 1707 sunt,
1960 1680 2018 1710 pro
2041 1671 2137 1702 certis
2160 1669 2299 1702 oraculis

1328 1713 1472 1754 papistae
1493 1712 1607 1744 volunt
1631 1712 1752 1753 haberi,
1777 1713 1851 1753 quia
1874 1713 2008 1745 ecclesia
2031 1712 2132 1744 semel
2151 1712 2299 1753 probavit

1327 1767 1368 1787 ex
1387 1757 1455 1787 Deo
1478 1766 1561 1787 esse:
1584 1755 1616 1787 id
1638 1756 1736 1787 nimis
1759 1762 1807 1787 est
1831 1756 1993 1788 frivolum.
2032 1755 2116 1787 Nam
2133 1761 2298 1796 utcunque

1327 1799 1383 1830 illa
1411 1799 1453 1830 sit
1483 1798 1645 1830 ordinaria
1675 1809 1850 1830 consensus
1880 1799 2057 1839 quaerendi
2086 1799 2178 1836 ratio,
2208 1799 2299 1839 pium

1328 1846 1542 1881 sanctumque
1564 1841 1739 1873 concilium
1762 1852 1884 1883 cogere,
1916 1842 1970 1873 ubi
1993 1841 2236 1873 controversiae
2258 1851 2300 1872 ex

1329 1885 1391 1916 Dei
1411 1884 1508 1915 verbo
1532 1884 1742 1916 definiantur:
1767 1895 1933 1924 nunquam
1958 1889 2066 1916 tamen
2084 1884 2176 1916 Deus
2193 1883 2301 1916 cuius-

1328 1927 1406 1959 libet
1429 1926 1557 1958 concilii
1582 1926 1719 1958 decretis
1742 1938 1800 1958 nos
1824 1927 1981 1967 alligavit.
2019 1927 2086 1959 Nec
2105 1937 2180 1959 vero
2204 1926 2300 1959 simul

1329 1981 1365 2002 ae
1388 1971 1421 2001 in
1445 1980 1548 2001 unum
1564 1970 1702 2010 aliquem
1726 1970 1830 2001 locum
1849 1971 1997 2002 coierunt
2012 1970 2154 2011 episcopi
2169 1975 2300 2002 centum

1331 2013 1381 2044 vel
1419 2013 1541 2053 plures,
1581 2013 1729 2053 protinus
1767 2013 1912 2053 sequitur
1947 2024 2000 2045 eos
2035 2013 2098 2044 rite
2131 2013 2301 2044 invocasse

1329 2056 1452 2094 Deum,
1482 2059 1515 2087 et
1545 2066 1585 2087 ex
1615 2066 1669 2087 ore
1698 2056 1767 2087 eius
1796 2056 1974 2087 sciscitatos
2003 2055 2158 2096 quidnam
2187 2065 2301 2087 verum

1330 2105 1424 2130 esset.
1469 2099 1540 2130 Imo
1572 2098 1653 2129 nihil
1684 2099 1801 2130 clarius
1833 2104 1891 2135 est,
1920 2108 2018 2138 quam
2049 2109 2068 2129 a
2090 2098 2215 2129 sincero
2238 2096 2300 2128 Dei

1330 2142 1429 2173 verbo
1453 2152 1548 2182 saepe
1571 2152 1624 2173 eos
1647 2142 1828 2172 recessisse.
1868 2141 1956 2181 Ergo
1980 2140 2032 2171 hic
2053 2150 2178 2181 quoque
2195 2139 2302 2171 valere

1331 2185 1425 2216 debet
1447 2194 1585 2215 examen
1608 2184 1691 2224 quod
1711 2183 1901 2224 praescribit
1917 2183 2094 2224 apostolus,
2117 2188 2153 2214 ut
2168 2182 2302 2223 spiritus

1331 2228 1517 2268 probentur.

1417 2270 1447 2301 2.
1471 2270 1513 2301 In
1535 2269 1588 2301 hoc
1610 2269 1783 2310 coynoseite.
1822 2268 2002 2310 Specialem
2027 2273 2137 2300 notam
2160 2268 2303 2308 apponit,

1332 2323 1395 2353 qua
1418 2313 1532 2344 melius
1551 2312 1732 2344 discernere
1749 2323 1840 2343 veros
1860 2312 2033 2352 prophetas
2052 2322 2070 2342 a
2089 2311 2179 2342 falsis
2198 2310 2304 2342 liceat.

1333 2356 1538 2395 Quamquam
1561 2355 1613 2387 hic
1636 2361 1763 2386 tantum
1783 2355 1898 2395 repetit
1917 2354 1998 2394 quod
2015 2355 2105 2394 prius
2121 2352 2302 2389 habuimus,

1332 2399 1500 2430 Christum
1531 2398 1661 2436 scilicet,
1693 2398 1787 2429 sicuti
1815 2407 1928 2437 scopus
1959 2402 2007 2428 est
2035 2397 2074 2427 ad
2098 2407 2194 2436 quem
2217 2401 2305 2427 recta

1333 2441 1412 2472 fides
1445 2441 1595 2477 collimat,
1625 2441 1671 2471 ita
1701 2440 1866 2480 scopulum
1897 2450 1965 2471 esse
1997 2439 2036 2470 ad
2067 2449 2163 2479 quem
2186 2438 2304 2478 impin

1333 2489 1415 2524 gunt
1443 2494 1554 2515 omnes
1584 2483 1750 2514 haeretici.
1796 2482 1957 2521 Quamdiu
1986 2483 2095 2522 itaque
2116 2482 2149 2513 in
2173 2481 2305 2513 Christo

1334 2537 1513 2563 manemus,
1533 2526 1623 2557 salva
1641 2536 1692 2556 res
1711 2531 1776 2556 est:
1802 2525 1856 2556 ubi
1876 2531 1983 2556 autem
2004 2525 2043 2556 ab
2063 2535 2099 2555 eo
2119 2524 2305 2562 disceditur,

1334 2570 1428 2609 periit
1451 2569 1540 2605 fides,
1571 2574 1604 2599 et
1627 2568 1794 2599 exinanita
1818 2574 1865 2599 est
1888 2568 1993 2599 omnis
2017 2568 2149 2599 veritas.
2195 2566 2305 2598 Caete-

1334 2623 1406 2643 rum
1442 2612 1683 2643 meminerimus
1719 2610 1793 2650 quid
1829 2610 1907 2642 haec
1941 2610 2098 2642 confessio
2131 2609 2305 2642 contineat.

1335 2655 1419 2686 Nam
1454 2664 1552 2694 quum
1588 2653 1666 2685 dicit
1695 2653 1857 2694 apostolus
1891 2653 2135 2685 Christum
2169 2652 2306 2688 venisse,
