2513 3126
132 224 194 256 445

134 331 265 354 mensas
301 320 431 352 virtutis
461 329 537 351 suae
566 327 651 358 opes.
704 315 874 347 Caeterum
906 314 967 345 hoo
995 316 1099 353 poste-

134 367 202 397 rius
231 364 410 395 membrum
439 366 506 393 tam
536 360 575 393 ad
598 358 763 391 Christum
793 367 887 397 quam
912 357 951 388 ad
977 360 1101 396 patrem

135 407 249 439 referri
272 410 391 447 potest:
415 410 510 445 atque
532 407 706 441 utrumque
729 400 892 432 convenit.
933 399 973 430 In
999 397 1103 430 Chris-

135 454 200 482 tum
231 452 330 481 tamen
359 448 466 488 aptius
494 444 646 483 competit,
681 452 717 474 ac
745 443 775 474 si
801 442 930 474 dixisset
956 441 1102 482 qratiam,

136 502 215 534 quae
237 492 276 524 ab
298 492 365 532 ipso
387 491 420 522 in
450 498 504 520 nos
526 487 644 526 diffusa
666 488 718 526 est,
747 485 899 525 specimen
921 494 986 516 esse
1008 483 1102 515 deita-

135 536 192 568 tis:
217 535 293 576 quia
315 532 495 565 humanitus
516 530 551 562 id
572 529 643 570 fieri
664 538 724 560 non
740 528 850 568 potuit.

225 578 310 617 Quae
327 576 369 608 ad
389 575 484 606 vitam
507 575 534 604 et
551 572 707 612 pietatem.
746 570 902 601 Nonnulli
927 570 979 601 hic
1002 569 1102 601 vitam

136 624 336 662 praesentem
366 616 471 648 notari
501 619 629 656 putant,
660 618 695 645 ut
724 613 828 654 pietas
856 617 1010 653 sequatur
1033 617 1103 642 tan-

138 673 233 704 quam
256 659 464 694 excellentius
491 659 625 689 donum:
657 666 693 688 ac
716 657 742 687 si
767 656 891 687 duobus
914 654 1105 686 testimoniis

138 706 271 746 probare
301 702 399 734 vellet
421 701 540 733 Petrus
570 709 665 740 quam
696 697 858 730 beneficus
887 699 929 729 sit
952 697 1043 728 Deus
1066 706 1102 728 ac

138 747 280 780 liberalis
307 754 383 786 erga
415 743 536 782 fideles,
570 742 652 783 quod
684 742 769 782 ipsos
799 742 832 772 in
862 741 965 772 lucem
995 738 1105 778 edidit,

138 790 224 832 quod
252 788 314 820 illis
343 788 451 818 omnia
482 786 610 818 abunde
641 784 824 824 suppeditat
855 793 936 824 quae
965 782 1005 813 ad
1028 791 1104 814 con·

138 831 352 865 servationem
383 834 531 860 terrenae
564 828 649 859 vitae
672 827 853 867 pertinent:
883 825 998 858 deinde
1020 823 1105 865 quod

139 875 210 907 illos
240 873 389 914 regenuit
423 872 456 903 in
500 870 700 912 spiritualem
742 869 861 907 vitam,
903 869 978 899 dum
1019 867 1106 906 ipsos

139 918 256 959 pietate
292 915 430 947 ornavit.
483 914 607 946 Verum
645 912 724 944 haec
762 911 926 943 distinctio
963 921 981 941 a
1018 909 1106 941 Petri

138 964 247 992 mente
276 958 381 989 aliena
410 961 474 989 est:
508 957 598 998 quasi
622 955 717 987 simul
743 964 779 986 ac
802 955 888 986 vitae
910 953 1107 985 mentionem

138 1002 223 1040 fecit,
256 1011 331 1032 mox
360 1001 515 1042 pietatem
543 999 701 1039 adiungit,
735 1007 818 1038 quae
843 1001 892 1028 est
915 996 1015 1027 veluti
1039 995 1107 1026 eius

138 1044 258 1076 anima.
302 1043 395 1075 Tunc
417 1044 502 1074 enim
525 1052 585 1074 nos
608 1051 685 1073 vere
708 1039 800 1072 Deus
825 1039 978 1076 vivificat,
1009 1047 1107 1079 quum

139 1096 199 1118 nos
235 1087 387 1118 reformat
424 1087 456 1116 in
490 1085 707 1117 obedientiam
741 1093 818 1115 suae
852 1082 1000 1114 iustitiae.
1056 1081 1108 1112 Ita

138 1130 258 1161 Petrus
288 1129 341 1160 hio
371 1139 438 1160 11011
467 1128 505 1159 de
528 1126 732 1159 naturalibus
754 1125 816 1157 Dei
840 1125 931 1156 donis
954 1124 1108 1166 loquitur,

139 1172 195 1204 sed
225 1177 350 1203 tantum
372 1181 409 1203 ea
438 1170 612 1211 praedicat,
643 1179 724 1210 quae
749 1168 859 1200 electis
881 1168 948 1200 suis
971 1168 1109 1209 peculia-

139 1216 218 1247 riter
250 1224 347 1255 supra
381 1223 584 1246 communem
627 1217 760 1243 naturae
793 1211 938 1242 ordinem
972 1210 1106 1243 confert.

140 1257 235 1297 Quod
265 1257 332 1288 nati
362 1266 477 1288 sumus
512 1256 668 1292 homines,
697 1253 781 1294 quod
811 1263 907 1285 sensu
936 1258 967 1285 et
989 1252 1108 1285 intelli-

141 1300 251 1342 gentia
281 1299 430 1341 praediti,
459 1298 546 1339 quod
570 1298 637 1329 vita
659 1303 771 1329 nostra
793 1296 984 1328 necessariis
1007 1295 1109 1328 subsi—

141 1343 202 1375 diis
233 1343 374 1382 iuvatur,
406 1342 467 1373 hoc
497 1341 626 1382 quidem
651 1345 755 1371 totum
779 1350 820 1371 ex
843 1338 914 1370 Deo
936 1344 1000 1370 est:
1035 1338 1111 1379 quia

140 1391 248 1418 tamen
273 1385 429 1422 homines,
453 1389 490 1416 ut
512 1383 645 1425 maligni
667 1387 745 1414 sunt
767 1388 798 1414 et
818 1382 950 1423 ingrati,
977 1382 1112 1422 promis-

140 1439 199 1460 cua
227 1428 306 1460 haec
334 1426 430 1469 (quae
452 1426 584 1467 vocant)
607 1430 743 1458 naturae
766 1426 848 1457 bona
870 1425 904 1456 in
928 1424 990 1457 Dei
1013 1425 1110 1457 bene-

139 1472 219 1504 ficiis
258 1481 323 1502 non
360 1474 526 1512 reputant:
566 1469 638 1501 ideo
675 1468 728 1500 hic
765 1467 912 1508 vulgaris
949 1468 1111 1500 humanae

141 1515 225 1546 vitae
247 1513 387 1546 conditio
409 1523 474 1545 non
497 1512 678 1553 attingitur,
708 1511 763 1543 sed
786 1510 932 1551 proprias
955 1520 1057 1543 nevae
1080 1514 1112 1542 et

142 1557 319 1598 spiritualis
349 1557 434 1588 vitae
464 1556 555 1587 dotes
582 1555 687 1595 eligit,
719 1564 802 1594 quae
832 1553 989 1594 originem
1018 1564 1110 1585 suam

141 1600 264 1632 ducunt
293 1609 333 1630 ex
362 1609 463 1639 regno
499 1597 630 1630 Christi.
687 1596 782 1636 Quod
813 1596 840 1627 si
864 1596 897 1627 in
921 1601 1110 1636 supernatu-

141 1642 266 1674 ralibus
296 1642 356 1673 Dei
393 1639 499 1672 donis‘
519 1646 669 1672 censetur
701 1639 853 1680 quidquid
888 1639 928 1670 ad
958 1640 1111 1679 pietatem

142 1686 217 1717 facit
245 1690 278 1716 et
307 1684 461 1716 salutem:
492 1683 617 1715 discant
647 1683 794 1714 homines
826 1682 907 1713 nihil
940 1682 1000 1713 sibi
1023 1692 1110 1713 arro-

142 1738 229 1769 gare,
266 1727 321 1758 sed
360 1727 525 1758 humiliter
563 1733 670 1766 petere
707 1735 725 1756 a
758 1724 828 1756 Deo
863 1724 1017 1765 quidquid
1050 1724 1110 1756 sibi

142 1771 252 1803 deesse
280 1769 405 1802 vident:
438 1774 470 1801 et
493 1768 646 1809 quidquid
670 1778 783 1799 rursus
806 1768 880 1799 boni
904 1767 1032 1805 habent,
1062 1778 1111 1799 ac-

143 1818 267 1854 ceptum
292 1812 339 1844 illi
362 1812 494 1844 referre.
535 1811 617 1842 Nam
641 1811 758 1842 Petrus
782 1810 834 1842 hic
857 1815 958 1841 totam
982 1811 1111 1850 pietatis

143 1866 313 1894 summam,
329 1856 501 1895 omniaque
517 1854 632 1886 salutis
648 1854 842 1891 adiumenta,
859 1853 988 1884 divinae
1004 1853 1111 1885 Chriti

142 1899 304 1938 potentiae
341 1897 526 1935 vindicans,
568 1896 729 1928 communi
766 1896 933 1927 hominum
976 1900 1111 1927 naturae

143 1940 272 1972 adimit:
303 1946 339 1972 ut
361 1951 401 1972 ne
423 1941 590 1972 minimam
614 1939 743 1980 quidem
767 1939 864 1970 ullius
887 1939 1017 1971 virtutis
1039 1942 1111 1980 gut-

144 1988 209 2015 tam
233 1983 325 2015 nobis
348 1984 520 2024 relinquat.

228 2025 292 2058 Per
320 2027 518 2067 coynitionem
547 2025 624 2057 eius.
673 2024 768 2056 Nunc
797 2023 930 2055 modum
960 2023 1112 2056 describit

144 2078 206 2109 quo
239 2078 298 2100 nos
329 2073 493 2100 tantorum
527 2068 683 2099 bonorum
715 2066 804 2099 Deus
834 2067 909 2098 facit
937 2072 1110 2106 compotes:

143 2121 260 2152 nempe
294 2121 393 2152 quum
427 2122 461 2143 se
494 2110 587 2142 nobis
622 2110 772 2151 patefacit
804 2120 862 2150 per
895 2109 1109 2150 evangelium.

144 2155 206 2186 Dei
236 2154 322 2186 enim
345 2154 486 2194 cognitio
508 2153 701 2194 principium
726 2157 774 2184 est
801 2152 897 2193 vitae,
926 2156 958 2183 et
987 2151 1111 2192 primus

145 2198 177 2229 in
201 2197 355 2238 pietatem
379 2197 554 2237 ingressus.
590 2195 741 2235 Denique
763 2195 871 2226 nullus
894 2194 1109 2235 spiritualium

145 2239 301 2272 donorum
331 2249 408 2270 usus
439 2240 471 2270 in
493 2239 630 2270 salutem
655 2247 724 2269 esse
747 2242 859 2278 potest,
887 2237 988 2269 donec
1011 2247 1110 2269 evan-

145 2282 221 2323 gelii
243 2282 387 2314 doctrina
410 2281 586 2313 illuminati
614 2280 717 2311 Deum
753 2280 985 2319 cognoscimus.
1029 2279 1110 2312 an-

145 2330 250 2357 terum
280 2325 376 2356 huius
404 2324 595 2365 cognitionis
618 2326 761 2355 autorem
784 2322 892 2354 Deum
915 2323 1006 2354 facit:
1038 2323 1112 2363 quia

145 2377 311 2408 nunquam
334 2367 374 2398 ad
397 2377 470 2399 eum
493 2366 684 2407 accedimus,
710 2366 771 2397 nisi
795 2365 915 2397 vocati:
949 2375 1026 2405 ergo
1046 2375 1111 2396 11011

146 2410 266 2450 ingenii
293 2410 394 2442 nostri
417 2410 623 2451 perspicacia,
652 2408 708 2440 sed
731 2407 794 2439 Dei
818 2408 941 2440 vocatio
965 2407 1111 2439 effectrix

146 2452 222 2484 fidei
250 2463 345 2484 causa
375 2459 432 2484 est.
484 2453 645 2492 Loquitur
675 2454 783 2483 autem
815 2461 880 2482 non
912 2450 950 2482 de
977 2455 1111 2482 externa

145 2498 273 2526 tautum
293 2496 470 2535 vocatione,
493 2505 576 2535 quae
598 2505 656 2535 per
678 2504 712 2526 se
735 2499 783 2525 est
805 2493 971 2525 inefficax:
994 2493 1050 2525 sed
1073 2493 1111 2525 de

146 2537 302 2575 interiori,
326 2548 408 2578 quae
424 2548 541 2570 arcana
555 2538 688 2578 spiritus
709 2537 827 2569 virtute
847 2540 987 2567 constat:
1012 2546 1111 2576 quum

145 2579 236 2612 Deus
265 2590 330 2611 non
361 2583 488 2612 tantum
520 2580 659 2612 hominis
689 2590 767 2612 voce
792 2580 825 2611 in
849 2578 980 2611 auribus
1003 2588 1110 2619 perso·

146 2628 218 2696 nat}i
258 2623 313 2655 sed
348 2622 436 2654 intus
470 2633 528 2663 per
560 2623 711 2664 spiritum
746 2633 841 2654 suum
875 2621 971 2654 corda
1004 2621 1043 2653 ad
1078 2631 1112 2653 se

143 2668 196 2697 tra
221 2666 255 2698 it.

1024 213 1172 247 CAPUT
1195 213 1221 245 I.

2059 215 2121 247 446

1239 310 1375 351 Propria
1395 310 1494 351 yloria
1518 313 1544 341 et
1566 311 1686 342 virtute.
1722 312 1893 352 Receptior
1908 312 2037 353 quidem
2062 313 2121 345 lec-

1155 354 1200 385 tio
1222 359 1287 386 est:
1322 353 1385 384 Per
1408 353 1562 393 gloriam:
1586 354 1639 384 sed
1664 355 1737 394 quia
1760 355 1888 395 quidam
1920 355 2044 387 codices
2068 356 2122 387 ha-

1154 397 1231 428 bent
1258 395 1321 438 ἰδίᾳ
1350 394 1436 437 seg-q,
1472 395 1531 426 hoc
1561 398 1620 436 est,
1655 398 1782 436 propria
1813 397 1931 439 gloria:
1967 403 2060 438 atque
2080 399 2123 430 ita

1155 439 1294 471 reddidit
1327 444 1422 470 vetus
1455 439 1629 478 interpres,
1664 439 1746 470 hanc
1776 440 1943 472 lectionem
1974 441 2124 481 amplecti

1155 482 1270 513 malui:
1308 482 1382 521 quia
1418 481 1463 513 sic
1500 480 1615 512 melius
1653 481 1779 512 videtur
1815 483 1914 514 fluere
1952 484 2123 515 sententia.

1156 524 1240 555 Nam
1271 524 1356 555 Petri
1391 523 1557 555 consilium
1591 528 1649 562 est,
1693 523 1812 555 diserte
1856 526 2038 558 adscribere
2068 527 2125 558 uni

1156 566 1228 598 Deo
1252 572 1352 597 totam
1376 566 1489 598 salutis
1512 570 1643 597 nostrae
1666 566 1809 598 laudem:
1841 572 1876 598 ut
1904 569 2042 600 sciamus
2066 579 2124 600 1105

1157 609 1205 640 1111
1228 610 1335 640 omnia
1359 609 1484 641 debere.
1525 608 1563 640 Id
1586 614 1694 640 autem
1717 608 1835 641 clarius
1858 612 2051 650 exprimitur
2074 611 2126 643 his

1158 652 1274 689 verbis,
1306 651 1399 690 Quod
1432 662 1489 683 nos
1518 652 1683 684 vocaverit
1713 652 1843 692 propria
1873 653 1975 693 gloria
2006 660 2038 685 et
2060 655 2126 685 vir-

1158 698 1238 726 tute.
1284 694 1397 725 Altera
1420 699 1528 725 tamen
1552 694 1655 734 lectio,
1685 694 1761 726 licet
1790 695 1963 733 obscurior,
1993 697 2025 726 in
2049 707 2126 728 eun-

1159 738 1231 769 dem
1249 737 1345 768 finem
1369 741 1502 777 spectat.
1536 736 1638 769 Docet
1662 737 1749 769 enim
1773 747 1833 769 nos
1857 738 2036 778 ignominia
2058 749 2127 771 esse

1158 784 1286 820 opertos
1309 784 1342 810 et
1364 780 1491 819 penitus
1514 779 1659 819 vitiosos,
1683 779 1784 812 donec
1806 790 1863 812 1105
1886 780 1991 821 gloria
2013 782 2127 813 vestiat

1158 823 1269 860 Deus,
1314 826 1345 853 et
1384 822 1504 853 virtute
1537 826 1639 854 ornet.
1693 822 1795 854 Porro
1828 822 1916 855 hunc
1950 824 2127 856 vocationis

1158 865 1308 897 effectum
1339 865 1371 895 in
1402 864 1510 896 electis
1538 875 1608 896 esse
1638 865 1810 905 significat,
1840 870 1877 897 ut
1903 871 2072 907 reparetur
2094 867 2128 898 in

1159 908 1237 949 ipsis
1260 907 1399 948 gloriosa
1423 906 1486 937 Dei
1508 907 1627 949 imago,
1658 912 1690 939 et
1713 908 1930 940 reformentur
1951 909 1986 940 in
2008 910 2128 940 sancti·

1160 956 1256 983 tatem
1280 954 1313 982 et
1335 949 1501 981 iustitiam.

1245 993 1275 1024 4.
1302 992 1422 1032 Quibus
1442 993 1607 1025 maximae.
1645 992 1787 1024 Dubium
1810 998 1859 1024 est
1881 1003 1922 1024 an
1945 993 2078 1035 gloriam
2097 1000 2130 1026 et

1162 1037 1315 1068 virtutem
1345 1039 1482 1073 tantum,
1512 1045 1552 1066 an
1584 1045 1661 1067 vero
1691 1036 1859 1075 superiora
1881 1037 1978 1068 etiam
2002 1037 2130 1069 referat.

1161 1080 1243 1111 'Pota
1267 1077 1442 1110 difficultas
1464 1077 1538 1109 inde
1561 1080 1673 1117 oritur,
1701 1078 1784 1119 quod
1808 1079 1929 1119 gloriae
1951 1084 1982 1110 et
2004 1079 2130 1118 virtuti,

1161 1132 1240 1163 quas
1263 1121 1355 1153 nobis
1378 1120 1468 1152 Deus
1490 1120 1625 1159 confert,
1656 1121 1716 1153 hoc
1741 1131 1805 1152 non
1828 1122 1990 1153 convenit.
2035 1121 2132 1161 Quod

1162 1165 1190 1196 si
1213 1164 1372 1206 legamus:
1397 1163 1535 1204 Propria
1551 1163 1652 1204 gloria
1667 1168 1700 1194 et
1721 1163 1854 1202 virtute,
1877 1163 1957 1195 nihil
1980 1165 2041 1196 erit
2063 1175 2132 1197 am-

1162 1208 1296 1248 biguum
1320 1215 1379 1238 nec
1401 1206 1600 1247 perplexum.
1646 1205 1866 1247 Quaecunque
1888 1207 1974 1238 enim
1998 1207 2089 1240 nobis
2112 1218 2132 1239 a

1164 1251 1234 1282 Deo
1264 1249 1420 1290 promissa
1450 1252 1535 1287 sunt,
1565 1249 1693 1289 proprie
1715 1253 1746 1280 et
1769 1250 1885 1281 merito
1908 1250 2039 1281 virtutis
2062 1250 2132 1283 eius

1164 1298 1196 1325 et
1225 1292 1346 1334 gloriae
1374 1292 1507 1323 effectus
1534 1292 1657 1323 censeri
1681 1291 1807 1323 debent.
1852 1292 2058 1333 Quamquam
2082 1294 2133 1325 hic

1163 1346 1289 1377 quoque
1321 1335 1450 1367 variant
1479 1334 1611 1366 codices.
1657 1334 1740 1366 Nam
1771 1334 1871 1375 aliqui
1903 1334 2023 1366 habent
2045 1334 2074 1366 δί
2096 1336 2131 1367 ὃν

1163 1384 1296 1421 propter
1318 1386 1428 1419 quem:
1451 1382 1486 1409 ut
1509 1377 1548 1408 ad
1572 1376 1737 1409 Christum
1760 1378 1928 1409 referatur.
1966 1377 2133 1410 Utramvis

1164 1423 1331 1454 lectionem
1364 1420 1474 1461 eligas,
1508 1419 1561 1452 hic
1594 1424 1702 1451 tamen
1736 1431 1850 1452 sensus
1883 1421 2036 1459 manebit,
2070 1420 2133 1453 Dei

1164 1465 1392 1506 promissiones
1421 1465 1562 1504 primum
1592 1463 1727 1494 maximi
1750 1463 1982 1496 aestimandas:
2017 1463 2134 1496 deinde

1164 1508 1322 1549 gratuitas
1352 1516 1431 1545 esse,
1462 1506 1539 1546 quia
1569 1505 1660 1537 nobis
1690 1505 1772 1537 dono
1797 1507 1864 1538 sint
1886 1506 2021 1538 oblatae.
2067 1506 2133 1538 Ex-

1164 1550 1348 1583 cellentiam
1378 1559 1456 1581 vero
1486 1549 1735 1589 promissionum
1767 1548 1841 1580 inde
1863 1549 2014 1587 ostendit,
2049 1549 2134 1590 quod

1164 1604 1223 1625 1105
1246 1593 1375 1624 tandem
1398 1592 1540 1624 efficiant
1562 1595 1696 1623 naturae
1719 1591 1846 1623 divinae
1869 1596 2045 1624 consortes:
2069 1601 2134 1633 quo

1164 1636 1244 1667 nihil
1262 1636 1477 1676 praestantius
1500 1635 1634 1676 cogitari
1657 1637 1772 1675 potest.
1803 1634 2022 1675 cogitandum
2045 1635 2132 1666 enim

1165 1684 1213 1711 est
1236 1677 1321 1710 unde
1344 1688 1402 1710 nos
1424 1677 1515 1710 Deus
1537 1678 1572 1709 in
1594 1682 1724 1709 tantum
1752 1677 1882 1709 honoris
1908 1677 2036 1709 culmen
2059 1687 2133 1710 eve-

1165 1723 1232 1754 hat.
1271 1720 1399 1754 Scimus
1422 1731 1518 1762 quam
1542 1721 1665 1752 abiecta
1687 1720 1730 1752 sit
1752 1727 1886 1752 naturae
1908 1725 2036 1752 nostrae
2058 1730 2133 1752 con-

1165 1765 1258 1797 ditio:
1290 1765 1375 1805 quod
1404 1774 1482 1805 ergo
1505 1764 1595 1796 Deus
1623 1766 1669 1795 ita
1691 1773 1725 1794 se
1749 1768 1895 1794 nostrum
1917 1761 1995 1795 facit
2018 1768 2052 1794 ut
2075 1772 2135 1795 sua

1164 1809 1272 1841 omnia
1301 1806 1535 1849 quodammodo
1566 1811 1675 1838 nostra
1697 1807 1773 1847 sint,
1803 1806 1901 1838 huius
1923 1805 2046 1846 gratiae
2069 1815 2135 1837 am-

1165 1852 1289 1892 plitudo
1307 1851 1385 1882 satis
1404 1850 1525 1891 percipi
1548 1850 1665 1881 animis
1688 1859 1753 1880 non
1777 1852 1890 1889 potest.
1922 1848 2031 1887 Quare
2053 1848 2134 1881 haec

1165 1905 1230 1926 una
1245 1894 1409 1925 meditatio
1425 1892 1552 1925 abunde
1568 1893 1716 1924 sufficere
1733 1892 1823 1924 nobis
1839 1891 1943 1929 debet,
1959 1896 1996 1922 ut
2011 1891 2134 1923 mundo

1165 1937 1399 1977 renuntiantes,
1422 1936 1480 1967 toti
1496 1935 1529 1966 in
1552 1934 1676 1967 coelum
1699 1934 1849 1966 feramur.
1880 1934 2036 1965 Notemus
2055 1943 2133 1974 ergo

1165 1980 1251 2012 hunc
1283 1990 1352 2011 esse
1382 1978 1542 2019 evangelii
1564 1978 1673 2016 finem,
1704 1983 1738 2008 ut
1761 1976 1933 2017 aliquando
1955 1976 2135 2008 conformes

1164 2022 1234 2054 Deo
1264 2022 1454 2054 reddamur:
1488 2021 1520 2052 id
1552 2031 1627 2054 vero
1657 2025 1706 2052 est
1728 2020 1819 2060 quasi
1842 2019 1993 2056 deificari,
2028 2024 2065 2050 ut
2087 2019 2135 2050 ita

1164 2065 1345 2106 loquamur.
1375 2064 1548 2096 Caeterum
1573 2067 1744 2095 naturae
1767 2072 1883 2093 nomen
1907 2061 1960 2094 hic
1979 2072 2042 2093 non
2061 2061 2134 2093 sub-

1164 2109 1328 2147 stantiam,
1356 2107 1411 2139 sed
1434 2106 1623 2147 qualitatem
1647 2105 1804 2146 designat.
1849 2104 2033 2137 Manichaei
2058 2104 2134 2135 olim

1165 2162 1223 2183 nos
1255 2162 1295 2182 ex
1327 2150 1457 2182 traduce
1485 2149 1547 2181 Dei
1576 2152 1662 2180 ortos
1692 2147 1904 2186 somniabant,
1938 2153 1969 2179 et
2002 2147 2133 2178 tandem

1164 2194 1297 2226 decurso
1331 2194 1417 2226 vitae
1446 2192 1549 2225 stadio
1579 2191 1617 2222 ad
1649 2190 1808 2231 originem
1832 2195 1978 2222 nostram
2001 2189 2132 2221 reverti.

1165 2236 1248 2269 Sunt
1278 2241 1309 2268 et
1337 2235 1432 2268 hodie
1461 2235 1591 2267 fanatici
1615 2234 1762 2265 homines
1785 2233 1842 2274 qui
1864 2233 1909 2265 sic
1932 2233 1965 2264 in
1989 2232 2051 2263 Dei
2074 2242 2133 2263 na-

1164 2284 1272 2311 turam
1302 2279 1442 2311 transire
1472 2288 1530 2309 nos
1560 2277 1789 2317 imaginantur,
1820 2280 1857 2307 ut
1884 2276 1954 2316 ipsa
1981 2278 2131 2306 naturam

1164 2327 1305 2354 nostram
1344 2321 1521 2353 absorbeat.
1583 2319 1637 2351 Sic
1677 2322 1847 2359 exponunt
1887 2317 1973 2358 quod
2009 2316 2134 2348 Paulus

1163 2366 1241 2396 dicit
1263 2364 1306 2407 (1.
1324 2365 1396 2397 Cor.
1414 2363 1462 2401 15,
1487 2362 1550 2403 18),
1580 2361 1685 2394 Dcum
1708 2362 1853 2393 futurum
1877 2360 1985 2392 omnia
2007 2360 2041 2391 in
2063 2369 2134 2391 om·

1163 2408 1267 2440 nibus.
1320 2407 1439 2439 Eodem
1470 2415 1595 2446 quoque
1624 2405 1728 2437 locum
1757 2408 1960 2444 praesentem
1989 2401 2133 2434 trahunt.

1163 2451 1265 2491 Atqui
1294 2459 1459 2491 nunquam
1483 2447 1639 2479 eiusmodi
1662 2447 1812 2478 delirium
1835 2445 1954 2477 sanctis
1978 2444 2133 2485 apostolis

1163 2495 1195 2525 in
1220 2498 1359 2525 mentem
1383 2492 1486 2523 venit:
1511 2495 1637 2522 tantum
1662 2490 1766 2522 dicere
1788 2488 1972 2525 voluerunt,
1994 2498 2051 2519 nos
2066 2497 2134 2519 om-

1163 2536 1258 2568 nibus
1274 2536 1380 2568 carnis
1397 2534 1483 2566 vitiis
1498 2537 1622 2571 exutos,
1646 2532 1702 2564 sed
1727 2531 1856 2563 divinae
1879 2529 2133 2562 immortalitatis

1164 2580 1337 2619 beataeque
1371 2577 1493 2618 gloriae
1527 2576 1594 2607 fore
1627 2575 1810 2616 participes,
1843 2577 1879 2605 ut
1912 2573 2012 2605 simus
2042 2572 2131 2605 velut

1164 2631 1264 2653 unum
1298 2631 1370 2652 cum
1405 2619 1493 2658 Deo,
1526 2623 1681 2659 quantum
1715 2616 1865 2648 modulus
1898 2621 2006 2648 noster
2040 2616 2131 2647 feret.

1165 2664 1255 2696 Haec
1276 2663 1422 2695 doctrina
1446 2672 1509 2694 non
1533 2671 1665 2703 prorsus
1688 2661 1799 2702 ignota
1822 2659 1885 2691 fuit
1908 2658 2046 2697 Platoni,
2077 2658 2133 2698 qui
