2513 3126
92 198 155 230 253

93 295 286 328 erravimus.
332 295 503 327 Caeterum
534 295 568 326 in
598 295 709 326 ovium
741 295 871 326 nomine
901 293 993 325 nulla
1016 297 1064 324 est

94 339 226 380 propria
250 338 388 370 notatio:
416 349 490 370 nam
514 337 689 379 pecudibus
713 348 772 369 nos
795 341 978 377 comparat:
1007 333 1063 381 sed

95 385 161 413 tota
196 381 245 414 vis
279 385 328 413 est
360 381 394 412 in
424 381 584 422 epitheto,
619 379 703 420 quod
734 379 892 421 propheta
922 380 1064 419 exponit,

93 424 232 462 addens,
267 434 531 464 unumquemque
565 423 743 455 declinasse
777 423 810 454 in
844 432 936 454 suam
966 420 1062 453 viam.

94 466 220 499 Sensus
254 473 303 498 est
333 466 447 507 igitur,
482 477 540 499 nos
575 476 687 498 omnes
716 465 838 496 alienos
869 473 938 495 esse
968 473 987 494 a
1010 462 1064 493 via

94 509 218 548 salutis,
248 515 279 541 et
310 509 444 542 tendere
472 509 506 540 in
530 509 676 547 exitium,
707 507 807 538 donec
830 505 982 537 Christus
1006 514 1063 535 nos

93 563 134 583 ex
169 552 379 593 dissipatione
416 552 555 593 colligat.
610 551 711 590 quue
748 549 864 580 melius
901 552 990 588 patet
1022 557 1062 578 ex

93 595 239 626 membro
262 596 415 636 opposito,
439 605 538 635 quum
563 592 638 625 dicit
660 600 882 623 conversos
906 600 996 621 esse
1018 589 1061 620 ad

94 643 310 677 pastorem.
363 638 555 677 Quicunque
588 634 675 666 enim
709 643 728 665 a
759 633 892 665 Christo
922 643 985 664 non
1015 643 1062 664 re·

93 685 225 720 guntur,
255 691 309 712 eos
338 684 490 720 tanquam
522 677 633 709 devias
656 675 796 716 pecudes
818 676 852 707 in
877 685 987 707 errore
1012 685 1061 706 va—

92 724 163 763 gari
194 723 388 764 pronuntiat.
433 721 484 751 Ita
510 719 629 751 erroris
660 719 832 750 damnatur
859 723 927 750 tota.
949 717 1062 750 mundi

92 766 260 806 sapientia,
284 774 365 804 quae
387 773 421 795 se
445 762 575 794 Christo
598 762 774 803 regendam
798 771 862 793 non
887 761 1061 793 submittit.

92 807 242 849 Insignes
271 811 378 838 autem
409 810 487 837 sunt
509 805 563 836 isti
587 805 650 835 duo
677 804 771 842 tituli,
802 804 886 845 quod
909 804 1062 836 Christus

92 851 272 882 animarum
292 849 335 880 sit
357 848 572 888 episcopus
595 852 634 879 et
658 852 809 888 pastor.
844 847 958 888 Neque
975 848 1061 879 enim

91 892 270 925 timendum
302 896 352 923 est
379 891 456 931 quin
488 890 626 922 fideliter
651 890 762 931 vigilet
791 901 848 931 pro
877 901 986 922 eorum
1011 900 1062 921 sa-

90 936 166 974 lute,
196 935 250 975 qui
281 935 315 965 in
346 933 416 965 eius
444 933 522 965 ovili
552 939 584 965 et
613 933 759 965 custodia
781 944 815 965 se
838 933 1061 965 continebunt.

88 977 161 1010 Etsi
188 979 291 1009 autem
323 977 391 1008 eius
413 976 551 1017 officium
573 978 625 1016 est,
654 986 710 1008 nos
731 977 868 1017 integros
889 986 1015 1016 corpore
1036 978 1063 1008 et

87 1021 198 1053 anima
219 1023 403 1060 praestare.-
435 1018 552 1051 Petrus
580 1022 682 1051 tamen
715 1019 875 1051 animas
904 1020 1062 1059 eaeprimiss

87 1063 165 1104 quia
187 1062 352 1103 spirituali
373 1072 430 1094 suo
446 1062 611 1102 praesidio
634 1072 690 1094 nos
711 1062 841 1094 custodit
862 1061 911 1094 hie
929 1062 1063 1094 coelestis

87 1108 196 1147 pastor
217 1107 251 1138 in
273 1106 369 1138 vitam
392 1107 557 1138 aeternam.

438 1235 620 1274 CAPUT
641 1235 716 1275 III.

177 1321 206 1352 1.
231 1319 384 1352 Similiter
409 1320 558 1352 mulieres
579 1319 731 1352 subiectae
752 1321 814 1352 sint
829 1320 974 1360 propriis
996 1330 1062 1351 ma-

88 1364 178 1396 ritis:
211 1367 244 1395 ut
277 1364 371 1395 etiam
400 1364 430 1394 si
460 1363 516 1403 qui
545 1365 616 1394 sunt
643 1363 794 1395 inereduli
824 1364 974 1401 sermoni,
1004 1373 1064 1402 per

90 1417 223 1439 uxorum
259 1406 517 1438 conversationem
560 1405 675 1445 absque
717 1416 853 1438 sermone
897 1406 1062 1445 lucrifiant.

89 1450 119 1481 2.
145 1448 380 1481 Considerantes
403 1459 525 1488 puram
553 1450 686 1480 vestram
711 1449 745 1480 in
769 1449 875 1481 timore
907 1458 1064 1480 conversa-

89 1493 208 1524 tionem.
265 1492 295 1523 3.
329 1492 470 1531 Quarum
504 1494 634 1523 ornatus
666 1492 707 1523 sit
739 1502 800 1524 non
833 1494 994 1531 externus,
1029 1492 1064 1523 in

83 1536 246 1575 plicatura
268 1535 451 1575 capillorum
473 1538 502 1566 et
523 1535 790 1575 circumpositione
813 1535 897 1572 auri,
921 1537 976 1566 aut
992 1535 1065 1576 pal-

89 1579 204 1610 liorum
232 1578 362 1610 amictu:
406 1577 434 1610 4.
458 1578 512 1609 sed
539 1578 671 1609 interior
699 1578 804 1609 cordis
828 1577 924 1615 homo,
954 1579 1008 1618 qui
1031 1579 1064 1609 in

88 1621 318 1660 incorruptione
348 1621 429 1653 situs
456 1623 501 1653 est
516 1620 640 1660 placidi
662 1622 690 1652 et
711 1621 806 1661 quieti
827 1620 980 1661 spiritus:
1009 1621 1065 1661 qui

88 1664 223 1705 spiritus
246 1673 350 1696 coram
371 1662 439 1696 Deo
456 1665 615 1703 pretiosus
636 1666 689 1696 est.

174 1750 327 1782 Alterum
350 1749 558 1782 subiectionis
577 1749 726 1781 ordinem
745 1759 832 1781 nunc
848 1749 1064 1790 persequitur,

89 1803 191 1833 quum
216 1793 304 1825 iubet
327 1802 445 1824 uxores
467 1792 548 1824 viris
571 1793 636 1824 suis
660 1793 801 1825 subesse.
843 1792 886 1824 Et
909 1793 1063 1833 quoniam

89 1836 165 1877 plus
187 1835 303 1868 coloris
326 1835 365 1866 ad
389 1835 619 1867 excutiendum
636 1836 749 1877 iugum
773 1835 890 1867 habere
910 1835 1064 1868 videntur

89 1889 171 1920 quae
201 1878 282 1910 viris
310 1877 494 1911 infidelibus
523 1879 716 1911 coniunctae
746 1885 837 1917 sunt,
868 1879 1062 1910 nominatim

90 1932 145 1954 eas
179 1921 331 1953 admonet
364 1921 477 1953 officii:
516 1932 552 1954 ac
590 1921 784 1962 peculiarem
824 1931 894 1953 esse
930 1931 1062 1954 causam

91 1964 234 1996 ostendit
263 1974 321 1996 cur
347 1964 451 2005 magis
483 1964 593 1996 sedulo
624 1974 738 2004 parere
761 1965 911 2003 debeant,
946 1975 1062 2005 nempe

90 2013 127 2039 ut
157 2007 314 2048 probitate
344 2017 404 2038 sua
426 2007 511 2039 viros
535 2007 678 2039 alliciant
700 2007 739 2038 ad
763 2007 871 2039 fidem.
917 2006 1011 2047 Quod
1035 2009 1062 2039 si

90 2051 217 2082 maritis
246 2049 353 2090 impiis
383 2049 533 2081 mulieres
563 2050 779 2082 obedientiam
803 2050 929 2089 debent,
960 2049 1062 2082 multo

90 2093 304 2133 promptiores
328 2092 367 2123 ad
390 2092 576 2133 obsequium
600 2103 670 2125 esse
693 2095 856 2132 convenit,
880 2093 906 2124 si
930 2094 1063 2125 maritos

89 2136 232 2168 habeant
261 2134 382 2166 fideles.
428 2134 493 2167 Sed
523 2135 698 2168 absurdum
723 2136 824 2169 videri
854 2137 954 2176 possit
977 2136 1062 2177 quod

91 2178 191 2211 tradit
224 2178 360 2216 Petrus,
398 2177 607 2210 lucrifieri
646 2189 738 2219 posse
775 2179 883 2211 virum
920 2179 1063 2210 Domino

91 2221 250 2262 absque
274 2230 469 2253 sermone.
516 2220 580 2253 Ubi
603 2222 688 2253 enim
713 2222 775 2254 erit
797 2222 894 2253 illud:
919 2223 999 2254 fides
1023 2233 1062 2253 ex

91 2264 205 2296 auditu
228 2263 338 2305 (Rom.
364 2263 413 2301 10,
438 2262 514 2305 17)?
557 2263 761 2305 Respondeo‚
785 2275 847 2296 non
871 2265 917 2298 sic
940 2264 1062 2296 intelli-

92 2307 198 2348 genda
225 2317 295 2339 esse
322 2306 413 2338 Petri
445 2306 551 2345 verba,
579 2308 669 2347 quasi
697 2308 764 2339 sola
792 2308 878 2339 vitae
908 2308 1063 2340 sanctitas

92 2350 275 2382 incredulos
310 2349 448 2381 adducat
478 2348 516 2380 ad
548 2348 732 2382 Christum:
767 2351 822 2382 sed
853 2351 928 2391 quia
959 2351 1064 2382 mollit

92 2403 129 2425 ac
152 2398 312 2434 temperat
336 2402 447 2424 eorum
472 2392 606 2430 animos,
636 2397 672 2423 ut
694 2403 713 2424 a
736 2394 855 2434 pietate
879 2395 986 2425 minus
1007 2393 1062 2425 ab·

93 2435 257 2467 horreant.
315 2435 400 2467 Nam
435 2435 529 2466 sicuti
567 2434 653 2466 mala
689 2436 838 2477 exempla
871 2437 1064 2468 offendiculo

92 2483 187 2509 sunt:
223 2478 269 2510 sic
303 2478 387 2510 bona
421 2488 486 2509 non
520 2488 634 2518 parum
669 2479 834 2511 adiuvant.
891 2479 1063 2521 Significat

93 2531 169 2561 ergo
189 2520 316 2558 Petrus,
340 2520 491 2552 mulieres
515 2526 624 2552 sancte
640 2526 672 2551 et
687 2520 819 2554 honeste
841 2522 979 2554 vivendo
1004 2523 1064 2554 hoc

92 2574 185 2604 posse
208 2564 374 2603 consequi,
405 2570 441 2594 ut
463 2563 561 2594 etiam
592 2568 743 2601 tacentes,
772 2566 906 2597 maritos
929 2576 1063 2607 pracpa-

92 2611 166 2638 rent
188 2605 227 2637 ad
251 2606 499 2646 amplexandam
523 2606 648 2638 Christi
672 2606 777 2638 fidem.

177 2649 208 2681 2.
227 2648 463 2681 Considerantes
472 2659 598 2689 puram.
632 2649 846 2690 Franguntur
862 2651 948 2682 enim
965 2651 1063 2682 animi

979 195 1129 230 CAPUT
1151 195 1215 227 III.

2025 195 2088 226 254

1117 293 1327 332 quantumvis
1343 302 1362 323 a
1378 295 1466 323 recta
1484 292 1546 323 fide
1569 291 1676 331 alieni,
1700 292 1776 323 dum
1801 291 1911 323 vident
1934 292 1980 322 ita
2002 301 2087 323 com-

1117 335 1236 374 positos
1252 334 1394 366 fidelium
1414 345 1528 366 mores.
1564 334 1647 365 Nam
1671 335 1744 374 quia
1760 334 1884 366 Christi
1907 333 2086 366 doctrinam

1116 387 1179 408 non
1215 383 1342 417 tenent,
1376 388 1447 408 eam
1482 377 1653 409 aestimant
1687 387 1726 408 ex
1762 378 1830 408 vita
1863 382 1982 416 nostra,
2017 378 2087 408 fieri

1117 429 1195 460 ergo
1225 430 1288 451 non
1313 426 1419 460 potest
1441 421 1520 460 quin
1544 419 1830 452 Christianismum
1856 420 1996 458 laudent,
2032 421 2086 460 qui

1116 462 1156 492 ad
1180 464 1351 502 puritatem
1376 468 1407 494 et
1430 464 1580 494 timorem
1602 462 1752 494 instituit.

1202 505 1231 535 3.
1277 506 1416 544 Quarum
1455 508 1594 537 ornatus.
1662 504 1812 536 Alterum
1854 506 2087 537 exhortationis

1116 547 1311 578 membrum:
1336 556 1371 579 ut
1394 548 1545 580 mulieres
1569 558 1663 589 parce
1686 554 1719 579 et
1741 548 1885 579 modeste
1907 559 1940 579 se
1961 553 2086 580 ornent.

1116 588 1246 621 Scimus
1277 591 1362 621 enim
1394 591 1427 622 in
1452 591 1513 622 hac
1536 594 1627 631 parte
1650 591 1722 631 plus
1744 591 1829 622 iusto
1852 592 1994 623 curiosas
2017 602 2088 623 esse

1116 641 1153 663 ac
1175 632 1323 672 cupidas:
1355 644 1454 673 quare
1482 645 1544 665 non
1569 634 1625 666 abs
1648 644 1683 665 re
1706 633 1823 664 Petrus
1847 633 1930 665 hanc
1953 635 1985 664 in
2009 635 2088 674 ipsis

1116 676 1296 706 vanitatem
1326 677 1486 716 corrigere
1515 677 1631 708 studet.
1676 676 1820 708 Tametsi
1850 683 1957 707 autem
1981 687 2087 717 sump-

1116 723 1249 748 tuosum
1287 723 1434 749 ornatum
1475 719 1509 750 in
1553 729 1670 760 genere
1704 719 1925 759 reprehendit:
1966 719 2087 759 species

1116 766 1225 792 tamen
1256 760 1411 800 quasdam
1440 761 1602 802 designat:
1637 773 1677 793 ne
1700 762 1834 802 capillos
1856 767 1926 793 arte
1948 765 2088 802 crispent

1115 803 1167 835 vel
1198 808 1379 843 torqueant,
1413 809 1449 834 ut
1478 805 1624 836 solebant
1653 805 1693 836 ad
1716 815 1786 836 eam
1810 815 1879 836 rem
1903 805 2088 837 calamistro

1115 846 1178 877 uti:
1211 852 1267 877 aut
1297 846 1377 877 alias
1404 852 1597 886 componant
1620 847 1653 878 in
1677 849 1852 879 cincinnos.
1897 847 2025 879 Deinde
2049 858 2089 879 ne

1115 899 1231 920 aurum
1262 889 1507 929 circumponant
1534 890 1646 929 capiti:
1677 892 1708 921 in
1734 891 1783 922 his
1806 891 1892 922 enim
1916 891 2089 931 praecipue

1115 931 1214 963 luxus
1237 932 1368 965 eminet.
1410 931 1505 963 Nunc
1528 933 1695 972 quaeritur
1718 944 1759 964 an
1782 933 1971 974 simpliciter
1993 943 2088 965 usum

1116 975 1186 1006 auri
1217 974 1348 1006 damnet
1371 974 1534 1014 apostolus
1557 976 1591 1005 in
1614 981 1732 1006 ornatu
1755 977 1907 1017 corporis.
1953 976 1991 1008 Si
2015 977 2087 1016 quis

1117 1017 1216 1049 verba
1249 1023 1379 1058 urgeat,
1422 1028 1486 1048 non
1522 1018 1629 1049 miuus
1663 1018 1819 1057 pretiosas
1854 1024 1959 1050 vestes
1992 1029 2089 1059 quam

1116 1071 1230 1092 aurum
1256 1060 1421 1100 prohibet:
1451 1060 1580 1092 subiicit
1604 1061 1689 1091 enim
1713 1062 1864 1092 continuo
1888 1066 1968 1102 post,
1992 1062 2089 1094 amic-

1116 1108 1186 1134 tum
1218 1103 1398 1143 palliorum.
1444 1103 1545 1143 Atqui
1576 1102 1739 1134 immodici
1770 1104 1885 1144 rigoris
1908 1110 2001 1142 esset,
2024 1114 2089 1136 om-

1116 1157 1191 1178 nem
1220 1146 1255 1177 in
1287 1146 1428 1178 vestibus
1458 1147 1598 1178 nitorem
1628 1150 1661 1177 et
1683 1146 1877 1186 elegantiam
1901 1147 2091 1188 simpliciter

1116 1195 1236 1221 vetare.
1282 1190 1319 1220 δί
1349 1190 1486 1220 materia
1516 1189 1613 1220 nimis
1643 1196 1833 1229 sumptuosa
1862 1189 1988 1228 dicitur,
2020 1200 2090 1221 eam

1118 1232 1280 1264 Dominus
1313 1232 1444 1263 creavit.
1491 1232 1639 1263 Artificia
1673 1233 1770 1262 etiam
1804 1233 1922 1264 scimus
1952 1233 1991 1264 ab
2021 1234 2090 1273 ipso

1116 1275 1285 1316 prodiisse.
1320 1275 1393 1306 Non
1417 1275 1517 1316 igitur
1537 1275 1686 1315 quemvis
1709 1275 1830 1306 cultum
1855 1276 2091 1315 reprehendere

1117 1318 1221 1349 voluit
1244 1318 1380 1349 Petrus:
1410 1318 1467 1349 sed
1490 1317 1637 1349 morbum
1663 1318 1829 1355 vanitatis,
1854 1328 1917 1358 quo
1942 1319 2091 1349 mulieres

1117 1360 1275 1392 laborant.
1322 1359 1396 1392 Duo
1427 1361 1461 1392 in
1494 1360 1616 1392 vestitu
1640 1359 1815 1401 spectanda
1838 1366 1923 1397 sunt,
1955 1371 2092 1392 commo-

1118 1404 1201 1435 ditas
1224 1410 1255 1436 et
1279 1403 1446 1435 decorum:
1471 1410 1579 1444 partes
1602 1409 1712 1434 autem
1736 1403 1843 1435 decori
1867 1408 1951 1443 sunt,
1974 1403 2092 1435 medio-

1117 1448 1217 1479 critas
1258 1452 1290 1478 et
1329 1445 1496 1478 modestia.
1553 1446 1695 1478 Proinde
1730 1446 1758 1477 si
1791 1447 1911 1479 lascive
1944 1457 2028 1487 pexa
2061 1449 2093 1478 et

1117 1495 1247 1530 compta
1270 1490 1390 1521 incedit
1413 1489 1538 1528 mulier,
1569 1489 1596 1520 si
1619 1489 1733 1521 luxum
1759 1493 1792 1521 et
1815 1500 1965 1530 pompam
1988 1494 2092 1521 osten-

1117 1536 1175 1571 tat,
1200 1532 1349 1564 excusari
1366 1543 1431 1563 non
1450 1537 1556 1572 potest
1571 1533 1640 1564 eius
1663 1533 1802 1565 vanitas.
1840 1532 1904 1572 Qui
1927 1533 2091 1572 obiiciunt,

1118 1586 1185 1608 rem
1203 1586 1271 1607 esse
1287 1575 1529 1607 indifferentem
1547 1586 1584 1608 ac
1607 1574 1741 1606 liberam
1765 1575 1825 1607 hoc
1846 1576 1896 1607 vel
1919 1576 1974 1607 illo
1997 1575 2091 1607 modo

1117 1630 1151 1651 se
1187 1619 1322 1656 vestire,
1358 1618 1446 1650 nullo
1480 1619 1609 1659 negotio
1644 1618 1746 1650 refelli
1781 1624 1926 1660 possunt.
1982 1619 2092 1650 Nimia

1117 1663 1203 1694 enim
1221 1661 1383 1702 elegantia
1398 1664 1431 1693 et
1447 1662 1633 1702 superfluus
1648 1661 1810 1702 splendor,
1831 1662 1937 1693 omnis
1954 1661 2091 1701 denique

1117 1715 1285 1742 excessus,
1324 1716 1365 1736 ex
1403 1705 1504 1736 animi
1542 1705 1622 1736 vitio
1655 1704 1768 1736 oritur.
1814 1705 1916 1736 Porro
1950 1704 2090 1741 ambitio,

1116 1749 1276 1789 superbia,
1311 1748 1406 1780 luxus
1436 1748 1610 1789 affectatio,
1643 1753 1675 1779 et
1705 1747 1769 1779 alia
1798 1748 1992 1786 huiusmodi,
2026 1757 2090 1778 non

1116 1799 1195 1823 sunt
1228 1801 1280 1823 res
1315 1791 1447 1823 mediae.
1493 1790 1640 1830 Quorum
1672 1791 1772 1832 igitur
1803 1790 1901 1821 animi
1932 1791 1971 1821 ab
2001 1790 2088 1821 omni

1116 1835 1262 1867 vanitate
1286 1834 1416 1875 purgati
1439 1839 1547 1873 erunt,
1574 1835 1637 1865 rite
1661 1833 1890 1875 temperabunt
1912 1833 2030 1873 omnia,
2053 1836 2090 1863 ut

1117 1877 1245 1909 modum
1270 1888 1332 1908 non
1360 1876 1529 1908 excedant.

1202 1921 1232 1951 4.
1261 1920 1323 1952 Sed
1351 1920 1482 1951 interior
1511 1920 1614 1952 cordis
1646 1919 1740 1951 homo.

1116 1963 1291 2004 diligenter
1324 1963 1465 1994 notanda
1498 1969 1557 1995 est.
1610 1962 1748 1994 Dicebat
1782 1961 1871 1998 Cato,
1905 1962 1961 2002 qui
1995 1962 2091 1993 anxie

1116 2013 1315 2047 occupantur
1345 2006 1377 2037 in
1408 2006 1552 2046 corporis
1580 2006 1679 2044 cultu,
1713 2006 1812 2036 animi
1841 2004 1962 2036 cultum
1987 2003 2088 2045 negli-

1115 2060 1206 2091 gere:
1248 2049 1295 2080 ita
1329 2049 1449 2080 Petrus
1482 2048 1681 2080 cohibendae
1715 2048 1885 2078 mulierum
1920 2047 2089 2087 cupiditati

1116 2093 1177 2124 hoc
1200 2092 1380 2123 remedium
1404 2092 1508 2129 affert,
1540 2098 1576 2123 ut
1599 2091 1783 2123 excolendis
1806 2090 1923 2122 animis
1945 2089 2089 2121 studium

1117 2136 1225 2176 potius
1249 2145 1341 2166 suum
1366 2134 1527 2166 addicant.
1563 2134 1677 2166 Cordis
1701 2133 1842 2170 nomine,
1866 2143 1930 2164 non
1954 2133 2087 2164 dubium

1117 2180 1194 2219 quin
1224 2183 1322 2209 totam
1354 2178 1495 2208 animam
1527 2177 1694 2218 significet.
1748 2176 1854 2207 Simul
1885 2176 2025 2207 ostendit
2055 2175 2088 2205 in

1117 2232 1181 2262 quo
1211 2220 1390 2261 spiritualis
1420 2220 1592 2252 mulierum
1619 2225 1751 2250 ornatus
1774 2219 1943 2257 consistat,
1974 2227 2090 2257 nempe

1116 2265 1149 2296 in
1181 2265 1314 2304 spiritus
1343 2265 1504 2295 mansueti
1534 2270 1566 2294 et
1596 2263 1694 2303 quieti
1725 2262 1976 2301 incorruptione.
2021 2260 2089 2291 In-

1117 2307 1328 2347 corruptio
1358 2305 1443 2347 (meo
1473 2305 1604 2347 iudicio)
1637 2306 1731 2336 rebus
1760 2305 1858 2336 fluxis
1889 2308 1921 2336 et
1950 2303 2088 2340 caducis,

1117 2360 1200 2390 quae
1240 2349 1278 2380 ad
1319 2350 1462 2389 corporis
1503 2356 1653 2380 ornatum
1696 2349 1859 2386 serviunt,
1905 2346 2089 2386 opponitur.

1117 2393 1232 2433 Itaque
1258 2392 1384 2423 Erasini
1409 2392 1515 2423 versio
1538 2402 1557 2422 a
1580 2391 1723 2432 genuino
1746 2401 1844 2421 sensu
1869 2389 2010 2421 dissidet.
2047 2388 2086 2420 In

1117 2446 1254 2474 summa,
1278 2435 1430 2474 intelligit
1450 2435 1568 2466 Petrus
1591 2436 1718 2465 animae
1741 2439 1890 2464 ornatum
1914 2443 1979 2464 non
2002 2432 2090 2463 simi-

1118 2480 1180 2510 lem
1211 2489 1281 2510 esse
1310 2478 1380 2508 flori
1411 2478 1582 2517 emarcido,
1614 2488 1671 2507 nec
1700 2477 1732 2506 in
1757 2476 1894 2507 evanido
1918 2475 2089 2515 splendore

1118 2521 1271 2562 positum,
1313 2520 1367 2551 sed
1410 2531 1481 2551 esse
1521 2518 1808 2559 incorruptibilem.
1865 2518 1976 2557 Quum
2012 2518 2090 2549 dicit

1118 2566 1311 2605 spiritum
1337 2563 1546 2603 tranquillum
1571 2570 1602 2593 et
1625 2562 1825 2602 quietum,
1850 2563 1996 2602 proprias
2019 2571 2088 2591 mu-

1117 2608 1232 2639 lierum
1269 2608 1404 2638 virtutes
1439 2612 1545 2636 notat:
1580 2605 1660 2636 nihil
1693 2605 1778 2635 enim
1812 2611 1860 2635 est
1890 2604 1972 2644 quod
2003 2603 2089 2634 hunc

1118 2661 1232 2682 sexum
1266 2650 1370 2690 magis
1405 2649 1529 2688 deceat,
1562 2658 1657 2688 quam
1687 2647 1849 2689 placidum
1879 2653 1911 2678 et
1942 2646 2088 2678 sedatum

1794 1919 1885 1950 Haec
1921 1917 2090 1950 antithesis
