2513 3126
93 219 156 251 269

94 318 140 349 810
171 320 281 349 tamen
311 317 493 358 relinquere
523 322 554 349 et
577 316 709 349 Christo
739 322 771 348 et
800 315 928 357 spiritui
950 318 1062 346 sancto

94 370 191 392 suum
225 359 390 397 honorem,
425 366 461 391 ut
495 359 584 391 nulla
618 370 692 400 pars
721 359 833 392 salutis
862 358 901 390 ad
932 358 1063 397 signum

95 403 322 435 transferatur.
377 403 474 435 Certe
515 413 614 444 quum
650 402 763 434 Petrus
797 402 880 433 facta
913 399 1064 440 baptismi

94 445 259 477 mentione
289 456 365 477 mox
395 445 524 486 excipit,
554 456 618 477 non
649 455 718 477 esse
741 443 971 484 depositionem
995 452 1064 473 sor-

95 489 185 520 dium
220 488 340 528 carnis,
373 489 452 520 satis
485 487 640 526 ostendit,
676 486 870 526 baptismum
905 484 1064 532 aliquibus

94 541 164 563 esse
193 530 355 562 duntaxat
377 530 550 563 literalem:
580 530 714 569 ideoque
737 530 910 560 externum
934 537 1064 568 signum

94 584 152 615 per
174 584 208 606 se
232 573 315 605 nihil
337 573 456 606 valere.

181 615 243 648 Sed
264 616 358 648 bonae
378 615 583 648 conscientiae.
627 613 775 644 Primum
798 613 1063 653 interrogatio

93 659 148 691 hic
177 660 247 691 vice
277 659 492 699 responsionis
523 656 573 689 vel
601 656 779 688 testimonii
806 656 940 696 capitur.
986 655 1063 687 Bre-

93 703 178 734 viter
208 706 314 733 autem
346 701 411 733 vim
439 710 597 740 usumque
628 698 774 739 baptismi
805 698 918 730 definit
946 698 1065 730 Petrus

93 755 193 785 quum
224 744 263 775 ad
286 742 514 776 conscientiam
545 747 681 780 revocat,
710 748 741 773 et
765 742 956 772 nominatim
981 742 1063 773 fidu-

94 788 176 819 ciam
208 786 342 826 requirit
375 795 458 825 quae
493 786 652 816 sustineat
685 783 748 816 Dei
782 790 997 825 conspectum,
1032 789 1064 816 et

94 829 179 871 apud
203 829 270 860 eius
293 827 436 859 tribunal
459 827 626 859 consistat.
663 827 746 859 Nam
770 827 821 859 his
846 828 954 859 verbis
974 827 1065 859 docet

93 871 287 912 baptismum
329 870 502 911 praecipua
535 871 585 902 sui
620 876 710 911 parte
741 871 943 911 spiritualem
977 881 1063 902 esse:

92 913 207 946 deinde
243 918 448 953 peccatorum
481 913 704 945 remissionem
737 919 769 944 et
800 913 1063 945 reformationem

91 956 211 989 veteris
244 955 387 987 hominis
416 956 449 987 in
480 966 514 988 se
544 956 722 997 complecti.
775 955 945 995 Quomodo
976 956 1063 988 enim

90 1000 174 1032 bona
197 1003 229 1030 et
252 1008 333 1039 pura
357 1008 426 1030 esse
449 999 644 1031 conscientia
668 999 796 1040 poterit,
820 999 920 1031 donec
942 1009 1064 1031 correc-

89 1044 143 1073 tus
173 1041 271 1073 fuerit
299 1046 393 1073 vetus
423 1041 519 1073 homo
549 1047 667 1081 noster,
702 1046 735 1073 et
764 1043 797 1073 in
821 1042 976 1073 iustitiam
1001 1041 1064 1073 Dei

89 1085 236 1117 renovati
259 1084 384 1116 simus?
420 1084 462 1116 Et
486 1085 644 1125 quomodo
668 1083 934 1125 respondebimus
957 1094 1063 1116 coram

89 1127 170 1167 Deo,
193 1127 257 1158 nisi
273 1127 414 1168 gratuita
430 1134 637 1168 peccatorum
656 1128 753 1159 venia
772 1128 843 1159 freti
863 1138 899 1159 ac
922 1127 1065 1159 suffulti?

88 1170 126 1202 In
150 1180 285 1208 summa,
310 1170 459 1211 baptismi
484 1170 633 1202 effectum
656 1170 799 1202 indicare
817 1170 919 1202 voluit
936 1170 1064 1209 Petrus,

89 1223 131 1245 ne
161 1213 231 1254 quis
262 1213 348 1244 nudo
374 1217 406 1244 et
428 1220 574 1245 emortuo
598 1213 692 1254 signo
715 1213 881 1254 glorietur,
911 1213 1063 1254 quemad-

89 1255 220 1288 modum
244 1255 433 1298 hypocritae
456 1256 571 1288 solent.
615 1255 679 1288 Sed
704 1256 881 1287 notandum
906 1262 955 1288 est
978 1255 1064 1296 quod

90 1299 182 1336 dixit,
222 1309 293 1339 per
322 1299 676 1330 resurrectionem
708 1298 882 1331 Christi.
938 1298 1064 1338 Quibus

89 1341 198 1373 verbis
227 1341 319 1373 docet
348 1352 413 1373 non
442 1352 511 1373 esse
541 1342 575 1373 in
606 1342 766 1374 elemento
796 1352 897 1382 aquae
927 1342 1064 1373 haeren-

90 1384 184 1416 dum:
208 1385 264 1416 sed
288 1395 306 1416 a
330 1384 462 1416 Christo
486 1384 553 1416 solo
576 1385 686 1422 fluere,
711 1391 743 1416 et
766 1385 805 1416 ab
828 1395 865 1416 eo
888 1385 1065 1425 petendum

89 1438 158 1459 esse
182 1427 338 1468 quidquid
361 1427 426 1459 illic
449 1428 619 1469 figuratur.
656 1428 759 1459 Porro
781 1438 879 1468 quum
903 1438 1064 1459 resurrec—

89 1470 209 1502 tionem
240 1471 396 1511 nominat,
430 1471 560 1511 respicit
589 1470 628 1502 ad
661 1470 860 1511 superiorem
885 1470 1064 1502 doctrinam

90 1523 187 1552 quam
222 1512 369 1551 tradidit,
405 1513 573 1545 Christum
608 1514 724 1554 spiritu
755 1514 953 1545 vivificatum
985 1523 1063 1545 esse.

89 1555 172 1586 Nam
207 1556 412 1593 resurrectio,
454 1558 567 1588 mortis
601 1557 663 1588 fuit
698 1556 848 1597 victoria,
886 1562 918 1587 et
951 1556 1065 1588 salutis

89 1602 222 1630 nostrae
251 1598 537 1639 complementum.
582 1599 677 1632 Unde
704 1599 894 1640 colligimus,
925 1604 1064 1630 mortem

89 1640 228 1679 Christi,
263 1650 327 1672 non
356 1641 494 1682 excludi,
529 1642 584 1673 sed
613 1643 721 1683 potius
752 1641 910 1674 contineri
933 1642 992 1674 sub
1016 1652 1064 1673 re-

89 1684 299 1716 surrectione.
335 1684 424 1726 Ergo
441 1695 504 1717 non
522 1685 617 1717 aliter
631 1686 665 1717 in
683 1685 842 1726 baptismo
866 1685 1064 1726 proficimus,

89 1737 186 1768 quam
216 1728 242 1758 si
274 1738 388 1759 sensus
417 1728 519 1759 nostri
547 1738 657 1760 omnes
685 1728 718 1759 in
742 1727 865 1760 Christi
897 1734 1001 1760 morte
1027 1737 1064 1760 ac

88 1770 324 1802 resurrectione
347 1772 534 1803 consistant.

173 1812 225 1844 22.
253 1812 316 1853 Qui
344 1816 388 1845 est
415 1814 450 1846 in
478 1814 616 1846 dextera.
661 1813 784 1846 Christi
807 1813 840 1845 in
863 1813 968 1846 coelos
992 1813 1063 1846 ads-

88 1865 220 1887 censum
250 1856 343 1888 nobis
372 1856 587 1894 commendat,
617 1866 658 1888 ne
689 1867 761 1888 eum
791 1856 876 1888 oculi
904 1857 1005 1888 nostri
1029 1858 1061 1888 in

88 1898 211 1930 mundo
233 1904 408 1939 quaerant:
434 1900 531 1941 idque
554 1899 629 1931 fidei
646 1900 788 1931 maxime
804 1899 951 1932 interest.
989 1898 1062 1932 Ses-

89 1942 213 1974 sionem
237 1941 271 1973 111
295 1942 430 1974 dextera
452 1943 553 1984 patris
576 1943 791 1980 commendat,
815 1953 856 1974 118
879 1942 1062 1974 dubitemus

87 1985 166 2017 satis
195 1985 230 2016 in
260 1995 296 2016 eo
327 1986 490 2026 potentiae
521 1996 590 2017 esse
621 1990 654 2017 et
676 1985 828 2026 praesidii
852 1985 892 2016 ad
916 1995 975 2017 nos
998 1996 1064 2017 ser-

87 2027 221 2060 vandos.
267 2028 369 2060 Porro
398 2028 475 2068 quid
505 2028 650 2069 loquutio
679 2029 742 2060 ista
772 2028 889 2069 valeat,
924 2028 1062 2060 sedere

89 2070 129 2102 ad
154 2070 253 2111 patris
277 2070 452 2109 dexteram,
476 2071 551 2103 alibi
574 2071 797 2112 exposuimus:
831 2071 915 2112 quod
939 2071 1063 2103 scilicet

89 2113 242 2145 Christus
271 2113 389 2154 ubique
419 2124 582 2146 summum
606 2115 789 2155 imperium,
822 2119 975 2154 tanquam
1000 2113 1063 2145 Dei

88 2156 225 2197 legatus,
256 2160 414 2188 exerceat.
458 2157 510 2188 Ad
540 2158 631 2189 cuius
659 2158 704 2189 rei
736 2156 986 2198 explicationem
1019 2157 1064 2189 fa-

89 2199 179 2231 ciunt
210 2209 292 2240 quae
323 2209 398 2230 mox
429 2205 622 2240 sequuntur,
657 2200 870 2232 subiectus
892 2200 1064 2231 81111811-

89 2241 213 2283 gelis,
243 2247 313 2273 etc.
360 2242 454 2281 Quod
478 2243 664 2274 virtutes
688 2248 719 2274 et
743 2246 982 2284 potestates
1006 2243 1062 2274 ad-

90 2285 153 2323 dit,
200 2289 327 2316 tantum
377 2284 416 2316 ad
458 2284 742 2325 amplificationem
781 2291 913 2326 spectat.
979 2285 1062 2317 Nam

90 2328 245 2359 usitatum
262 2333 311 2359 est
327 2328 459 2369 angelos
481 2327 531 2359 his
555 2328 702 2360 omnibus
727 2329 902 2370 designari.
936 2329 1063 2370 Magni-

90 2370 237 2402 tudinem
271 2381 348 2412 ergo
381 2371 518 2411 imperii,
552 2371 636 2410 quod
658 2372 782 2412 optinet
813 2371 976 2410 Christus,
1013 2372 1064 2403 hic

90 2413 202 2455 elogiis
224 2424 340 2445 ornare
364 2413 483 2445 Petrus
507 2413 617 2446 voluit.

441 2541 623 2581 CAPUT
647 2542 714 2582 lV.

178 2627 205 2658 1.
224 2625 346 2659 Christo
360 2626 458 2667 iyitur
468 2636 566 2666 passo
575 2635 638 2665 pro
652 2625 738 2658 nobis
752 2636 852 2667 carne,
876 2638 930 2660 vos
946 2638 1063 2668 quoque

90 2669 194 2702 eadem
215 2670 397 2711 coyitatione
420 2670 605 2702 armamini:
638 2669 718 2709 quod
740 2670 850 2702 scilicet
873 2671 928 2711 qui
944 2681 1063 2711 passus

979 217 1128 252 CAPUT
1159 219 1215 250 lv.

2023 221 2088 253 270

1116 317 1159 346 est
1188 316 1222 347 in
1249 325 1349 353 carne,
1381 316 1495 348 destitit
1524 326 1544 348 a
1570 319 1709 356 peccato:
1753 317 1784 348 2.
1807 327 1844 349 ne
1873 317 2011 358 amplius
2037 317 2088 350 ho—

1115 358 1237 389 minum
1265 359 1525 400 concupiscentiis,
1553 358 1606 391 sed
1636 358 1784 391 voluntati
1806 359 1877 398 Dei,
1909 361 1990 400 quod
2011 362 2087 392 resi-

1115 399 1214 431 duum
1245 403 1289 433 est
1315 402 1461 441 temporis
1487 403 1521 433 in
1550 412 1653 439 carne,
1686 402 1779 433 vivat.
1829 403 1857 434 3.
1892 402 1977 434 Satis
2007 404 2088 435 enim

1116 442 1202 474 nobis
1224 446 1268 475 est
1290 444 1371 484 quod
1393 447 1528 477 anteacto
1552 445 1635 477 vitae
1661 447 1793 484 tempore
1814 445 1996 477 voluntatem
2017 456 2087 486 yen-

1116 485 1195 516 tium
1219 487 1461 525 patraverimus,
1492 498 1587 528 quum
1617 487 1847 519 ambularemus
1875 489 1908 519 in
1938 489 2088 528 lasciviis,

1117 529 1377 570 concupiscentiis,
1406 530 1592 571 vinolentiis,
1620 531 1899 571 comessationibus,
1924 532 2089 571 potationi-

1117 569 1183 608 bus,
1217 573 1243 602 et
1275 573 1410 611 nefariis
1442 573 1639 605 idololatriis.
1691 573 1722 605 4.
1757 573 1845 613 Quod
1874 574 1939 605 illis
1968 575 2090 606 videtur

1118 613 1265 652 insolens,
1296 615 1375 654 quod
1396 625 1459 647 non
1481 617 1675 648 concurratis
1696 617 1731 648 in
1752 616 1878 648 eandem
1901 616 1995 648 luxus
2017 627 2089 656 pro-

1113 655 1277 695 fusionem,
1308 657 1434 697 ideoque
1464 659 1544 691 male
1573 659 1755 699 loquuntur:
1799 659 1829 691 5.
1852 659 1908 699 qui
1934 660 2089 691 reddituri

1115 701 1188 729 sunt
1220 698 1371 730 rationem
1403 701 1432 732 ei
1460 702 1516 741 qui
1538 705 1675 742 paratus
1704 704 1746 734 est
1776 701 1917 734 iudicare
1945 703 2030 733 vivos
2062 705 2092 734 et

1115 744 1260 773 mortuos.

1207 827 1234 858 1.
1260 826 1403 859 Christus
1425 827 1532 868 iyitur,
1561 831 1611 860 etc.
1656 829 1765 869 Quum
1793 840 1897 870 nuper
1920 829 2089 862 Christum

1117 876 1323 911 proponeret,
1353 874 1481 901 tantum
1512 870 1549 901 de
1573 873 1676 903 crucis
1700 874 1870 904 tolerantia
1894 872 2089 904 disserebat:

1117 923 1191 944 nam
1208 912 1370 944 interdum
1395 923 1473 944 crux
1498 914 1700 946 mortificatio
1725 922 1867 953 vocatur,
1893 916 1968 956 quia
1991 915 2088 947 afflic-

1117 957 1240 987 tionum
1273 956 1435 987 exercitiis
1462 958 1681 996 corrumpitur
1712 957 1806 989 homo
1833 958 1982 996 exterior,
2017 968 2090 990 caro

1119 999 1218 1030 etiam
1243 1003 1355 1030 nost-ra
1379 998 1535 1029 domatur.
1574 999 1667 1030 Nunc
1691 1007 1798 1031 autem
1821 1001 1918 1032 altius
1941 1010 2091 1033 conscen-

1118 1042 1180 1073 dit:
1215 1047 1334 1073 tractat
1364 1042 1449 1072 enim
1483 1041 1522 1072 de
1552 1042 1651 1072 totius
1683 1042 1821 1074 hominis
1853 1045 2089 1075 reformatione.

1120 1084 1291 1125 Duplicem
1321 1085 1405 1116 hanc
1435 1085 1547 1115 mortis
1571 1083 1695 1116 Christi
1722 1086 1967 1117 similitudinem
1992 1087 2089 1127 scrip—

1119 1133 1192 1159 tura
1215 1127 1305 1158 nobis
1328 1127 1550 1159 commendat:
1582 1138 1697 1167 nempe
1724 1134 1760 1158 ut
1785 1128 1830 1159 illi
1853 1131 2092 1169 configuremur

1118 1171 1151 1201 in
1177 1170 1303 1210 probris
1327 1173 1359 1201 et
1381 1170 1563 1201 aerumnis:
1593 1170 1708 1201 deinde
1733 1176 1767 1201 ut
1790 1171 1883 1202 nobis
1908 1172 2036 1212 mortui,
2061 1176 2093 1203 et

1117 1214 1261 1245 extincto
1293 1214 1394 1244 veteri
1425 1212 1574 1251 homine,
1610 1223 1805 1244 renovemur
1837 1215 1868 1244 in
1893 1215 2090 1254 spiritualem

1118 1256 1231 1287 vitam.
1277 1256 1420 1287 Tametsi
1456 1266 1520 1286 non
1552 1255 1741 1295 simpliciter
1772 1256 2012 1288 considerandis
2043 1261 2091 1289 est

1118 1299 1211 1330 nobis
1235 1298 1388 1330 Christus
1418 1304 1571 1339 tanquam
1602 1299 1798 1338 exemplum,
1833 1299 1886 1330 ubi
1917 1299 1955 1330 de
1985 1300 2091 1332 carnis

1118 1342 1366 1373 mortificatione
1398 1341 1521 1382 agitur:
1552 1341 1607 1372 sed
1639 1343 1755 1382 spiritu
1786 1342 1856 1373 eius
1879 1352 1955 1374 vere
1978 1343 2092 1373 inseri-

1118 1395 1192 1416 mur
1223 1385 1255 1415 in
1288 1384 1358 1416 eius
1386 1388 1535 1425 mortem,
1569 1387 1606 1415 ut
1636 1385 1705 1424 ipsa
1735 1385 1767 1415 in
1800 1385 1892 1416 nobis
1915 1385 1956 1415 sit
1979 1385 2092 1417 efficax

1118 1427 1158 1458 ad
1189 1426 1438 1468 crucifigendam
1469 1437 1598 1458 carnem
1627 1434 1779 1458 nostram.
1827 1427 1863 1458 In
1887 1437 2021 1464 summa,
2053 1429 2092 1459 si-

1117 1470 1185 1502 cuti
1220 1470 1340 1501 Petrus
1372 1470 1404 1501 in
1440 1470 1503 1501 fine
1538 1470 1677 1511 proximi
1711 1470 1839 1510 capitis,
1876 1481 1934 1502 nos
1969 1470 2093 1502 Christi

1118 1513 1266 1553 exemplo
1295 1513 1445 1544 hortatus
1472 1517 1521 1544 est
1545 1513 1584 1544 ad
1609 1513 1807 1553 patientiam,
1839 1514 1913 1554 quia
1937 1524 2022 1545 mors
2045 1513 2092 1555 illi

1119 1556 1280 1587 transitus
1297 1555 1336 1587 ad
1354 1556 1456 1587 vitam
1478 1556 1588 1586 fuerit:
1613 1556 1657 1587 ita
1680 1567 1767 1588 nunc
1790 1567 1831 1587 ex
1854 1556 1965 1587 eadem
1990 1561 2092 1588 morte

1118 1598 1208 1631 ducit
1241 1599 1391 1630 altiorem
1426 1599 1622 1637 doctrinam,
1663 1599 1748 1639 quod
1783 1599 1905 1630 scilicet
1938 1600 2026 1631 carni
2061 1604 2092 1630 et

1118 1641 1240 1673 mundo
1271 1652 1328 1673 nos
1352 1641 1433 1672 mori
1457 1648 1616 1682 oporteat.
1662 1641 1763 1673 Sicuti
1788 1641 1829 1673 ad
1854 1642 2017 1673 Romanos
2040 1652 2091 1673 ca-

1118 1685 1183 1725 pite
1217 1684 1255 1723 6,
1296 1684 1352 1716 ubi
1390 1684 1492 1716 fusius
1528 1684 1589 1716 hoc
1623 1690 1852 1725 argumentum
1888 1686 2093 1725 prosequitur

1117 1727 1250 1759 Paulus.
1302 1727 1380 1758 Ideo
1412 1727 1489 1759 dicit
1520 1728 1752 1763 armamini,
1787 1728 1982 1769 significans,
2017 1738 2093 1759 vere

1117 1776 1148 1802 et
1182 1770 1355 1802 efficaciter
1388 1780 1446 1801 noe
1480 1770 1611 1802 invictis
1645 1771 1745 1801 armis
1779 1771 1896 1801 instrui
1930 1771 1969 1801 ab
2003 1770 2090 1801 subi-

1116 1813 1256 1854 gendam
1285 1823 1427 1854 carnem,
1461 1813 1489 1845 si
1513 1813 1578 1845 vim
1603 1813 1717 1845 mortis
1740 1813 1863 1845 Christi
1894 1813 2093 1854 percipimus

1116 1862 1152 1888 ut
1175 1855 1275 1888 decet.

1206 1899 1293 1939 Quod
1321 1898 1435 1930 scilicet
1463 1899 1519 1940 qui
1540 1908 1671 1939 passus.
1716 1898 1915 1930 Particulam
1947 1898 1993 1929 ὃτι
2023 1908 2090 1929 000

1116 1947 1194 1982 puto
1219 1943 1270 1973 hic
1294 1948 1406 1973 notare
1429 1952 1569 1981 causam,
1596 1942 1651 1973 sed
1677 1943 1782 1982 potius
1806 1942 1984 1982 expositive
2008 1941 2088 1981 capi.

1117 1984 1271 2017 Declarat
1304 1985 1391 2016 enim
1424 1984 1543 2016 Petrus
1577 1995 1737 2025 quaenam
1771 1985 1814 2015 811
1846 1983 1903 2015 1118
1937 1984 2090 2024 cogitatio

1117 2038 1179 2068 qua
1202 2037 1290 2059 mors
1310 2027 1434 2059 Christi
1458 2038 1516 2059 nos
1539 2034 1660 2058 armat:
1685 2037 1799 2066 nempe
1823 2027 1906 2067 quod
1930 2027 2089 2058 abolitum

1117 2071 1240 2111 peccati
1268 2081 1405 2111 regnum
1436 2072 1470 2101 in
1502 2071 1593 2101 nobis
1622 2081 1691 2101 esse
1721 2070 1844 2108 debeat,
1880 2077 1915 2101 ut
1941 2070 2027 2101 Deus
2055 2070 2088 2100 in

1117 2115 1184 2145 vita
1208 2119 1319 2144 nostra
1342 2117 1440 2154 reget.
1487 2113 1574 2144 Male
1594 2113 1758 2150 Erasmus,
1784 2122 1854 2143 meo
1878 2113 2010 2143 iudicio:
2036 2112 2089 2152 qui

1118 2157 1215 2189 vertit
1244 2155 1436 2196 patiebatur,
1466 2156 1506 2187 ad
1531 2156 1699 2188 Christum
1732 2155 1885 2186 referens.
1932 2156 2014 2186 Nam
2042 2159 2090 2185 est

1117 2199 1288 2230 indefinita
1321 2199 1437 2236 oratio,
1472 2209 1552 2239 quae
1586 2198 1780 2239 generaliter
1813 2198 1852 2228 ad
1887 2208 1997 2229 omnes
2022 2198 2089 2237 pios

1117 2241 1317 2273 extenditur:
1356 2248 1453 2282 atque
1485 2242 1617 2273 omnino
1641 2240 1779 2272 eundem
1805 2241 1924 2271 habent
1957 2249 2089 2272 sensum

1118 2285 1196 2316 haec
1219 2285 1328 2322 verba,
1352 2295 1448 2325 quem
1472 2285 1527 2315 illa
1550 2285 1641 2315 Pauli
1666 2285 1705 2314 ad
1732 2284 1894 2314 Romanos
1917 2293 1985 2323 cap.
2005 2283 2035 2323 6,
2060 2282 2089 2321 7,

1118 2328 1183 2367 Qui
1214 2332 1359 2359 mortuus
1390 2333 1448 2365 est,
1482 2328 1674 2358 iustificatos
1705 2333 1761 2364 est,
1793 2326 1844 2356 vel
1876 2327 2042 2357 absolutus
2071 2335 2089 2356 8

1117 2376 1257 2411 peccato.
1302 2369 1446 2410 Uterque
1470 2371 1555 2401 enim
1580 2369 1744 2410 apostolus
1768 2369 1940 2409 significat,
1962 2379 2003 2399 ex
2027 2378 2089 2408 quo

1118 2414 1235 2445 mortui
1270 2423 1382 2444 sumus
1415 2414 1449 2443 in
1479 2424 1585 2449 carne,
1621 2412 1701 2443 nihil
1729 2422 1798 2443 esse
1829 2412 1921 2442 nobis
1950 2412 2090 2451 amplius

1117 2467 1189 2489 cum
1223 2462 1353 2496 peccato
1385 2456 1516 2496 negotii,
1552 2461 1587 2486 ut
1619 2457 1724 2495 vigeat
1748 2456 1780 2485 in
1806 2454 1906 2492 nobis,
1940 2465 1976 2485 ac
1999 2464 2090 2485 suam

1118 2500 1183 2531 vim
1209 2500 1241 2536 10
1267 2500 1333 2530 vita
1356 2506 1467 2529 nostra
1497 2506 1655 2529 exerceat.
1701 2497 1805 2528 Obiici
1830 2504 1936 2528 tamen
1962 2502 2088 2537 poterit,

1118 2542 1294 2582 improprie
1325 2541 1377 2572 hic
1408 2541 1495 2581 loqui
1520 2542 1664 2577 Petrum,
1700 2540 1776 2570 dum
1808 2550 1866 2571 nos
1896 2541 1929 2570 in
1959 2551 1995 2570 eo
2016 2550 2090 2571 con·

1117 2586 1236 2616 formes
1261 2584 1392 2616 Christo
1417 2585 1502 2619 facit,
1528 2584 1613 2623 quod
1637 2585 1669 2613 in
1693 2593 1789 2614 carne
1814 2584 1964 2623 patimur.
2011 2582 2089 2614 Cer-

1118 2635 1185 2659 tum
1221 2628 1304 2658 enim
1339 2632 1404 2667 est,
1442 2626 1524 2657 nihil
1562 2626 1661 2657 fuisse
1698 2627 1732 2658 in
1766 2626 1899 2657 Christo
1937 2626 2089 2657 vitiosum

1117 2671 1201 2711 quod
1236 2671 1352 2711 corrigi
1387 2669 1542 2700 debuerit.
1597 2669 1720 2700 Verum
1755 2669 1856 2700 facilis
1885 2675 1934 2700 est
1963 2669 2092 2704 solutio.
