2513 3126
129 189 190 221 345

131 288 232 319 vitate
257 292 305 320 est
328 287 523 319 obscuritas:
546 287 622 327 quia
645 285 737 316 nobis
760 288 846 315 recte
863 283 991 315 vivendi
1012 283 1097 323 prin-

130 330 248 371 cipium
283 334 315 362 et
348 331 445 361 finem
480 330 566 362 clare
599 328 808 359 demonstrat.
859 325 956 365 Quod
987 328 1096 357 autem

131 373 183 405 hic
205 376 332 404 tantum
356 373 519 404 fraternae
541 370 682 404 caritatis
706 369 741 400 fit
765 369 895 407 mentio,
923 369 1097 409 praeterito

129 415 191 447 Dei
222 425 342 454 amore,
377 416 459 446 ratio
488 418 537 446 est
565 412 614 454 (ut
644 411 718 442 alibi
746 411 902 453 diximus)
926 411 1009 451 quod
1035 411 1096 442 fra-

130 464 224 490 terna
252 459 379 496 caritas,
413 457 506 489 sicuti
530 465 567 486 ex
593 455 660 485 solo
682 462 791 485 amore
816 453 878 485 Dei
901 458 1021 492 manat,
1053 455 1098 485 ita

131 507 216 533 certa
239 501 280 532 sit
303 507 334 531 et
357 510 433 532 vera
455 499 523 530 eius
546 497 746 538 approbatio.

217 543 347 575 Nomim'
372 541 435 581 filii
464 541 541 572 eius.
594 539 721 571 Nomen
755 539 795 570 ad
825 539 1097 579 praedicationem

132 587 275 626 respicit:
305 589 400 625 atque
423 583 502 615 haec
524 582 637 614 relatio
660 582 802 614 notanda
825 588 883 621 est,
907 582 980 622 quia
1005 582 1098 622 pauci

130 628 207 669 quid
238 629 280 659 sit
307 628 340 658 in
364 626 531 657 Christum
561 624 692 657 credere
719 624 916 666 intelligunt.
961 625 1013 656 Ex
1037 625 1099 655 hac

131 678 239 703 autem
255 668 439 709 loquutione
455 668 604 709 colligere
627 672 814 708 promptum
838 671 897 706 est,
921 667 1005 699 hanc
1028 677 1098 699 esse

129 714 257 745 demum
286 716 404 743 rectam
436 710 530 742 fidem
560 720 642 751 quae
665 710 844 750 Christum,
878 710 982 750 qualis
1006 720 1097 750 prae-

129 757 253 788 dicatur
275 754 308 785 in
331 753 508 795 evangelio,
532 753 749 794 amplectitur.
785 753 881 785 Unde
904 754 1001 785 etiam
1024 763 1097 784 con·

128 799 242 833 ficitur,
278 796 401 827 nullam
431 807 501 828 esse
524 797 643 836 absque
667 796 815 827 doctrina
838 796 951 827 fidem:
987 806 1096 836 quem-

127 839 299 873 admodum
331 844 362 870 et
385 839 509 871 Paulus
536 839 627 870 docet
650 839 746 870 Rom.
768 839 815 876 10,
842 839 890 870 14.
937 838 1041 870 Simul
1065 842 1097 869 et

128 885 187 915 hoc
207 882 393 919 notandum,
424 881 508 922 quod
536 882 632 913 fidem
657 881 819 922 apostolus
842 882 876 912 in
899 881 1024 913 Christi
1047 892 1098 913 co-

124 925 269 966 gnitione
301 923 446 956 includit.
492 925 551 956 Est
579 925 665 956 enim
693 925 770 956 viva
793 924 894 965 patris
918 925 1033 964 imago,
1065 929 1098 956 et

124 970 158 999 in
190 978 227 999 eo
257 966 436 999 absconditi
460 972 535 999 sunt
558 977 671 999 omnes
695 967 842 999 thesauri
865 967 1043 1007 sapientiae
1066 972 1097 998 et

124 1010 285 1043 scientiae.
332 1010 443 1049 Quare
466 1010 659 1050 simulatque
681 1010 720 1041 ab
743 1020 780 1042 eo
803 1010 994 1041 defleximus
1018 1009 1096 1041 nihil

122 1063 296 1094 possumus
319 1063 414 1093 quam
438 1053 471 1084 in
495 1063 604 1085 errore
628 1053 750 1093 vagari.

208 1096 259 1127 24.
295 1096 354 1135 Qui
377 1098 479 1127 servat
496 1098 671 1135 praecepta.
718 1095 900 1127 Confirmat
923 1094 1007 1135 quod
1030 1095 1095 1126 iam

125 1139 215 1179 prius
247 1139 339 1176 dixit,
371 1139 416 1170 ita
443 1139 588 1178 patefieri
620 1149 716 1179 quam
746 1138 901 1170 habemus
928 1148 1002 1169 cnm
1026 1137 1097 1169 Deo

125 1182 394 1219 coniunctionem,
423 1183 449 1213 si
473 1192 532 1213 nos
556 1187 669 1213 mutuo
694 1181 869 1222 diligimus.
915 1180 989 1211 Non
1013 1181 1096 1220 quod

124 1225 201 1256 inde
224 1224 359 1264 incipiat
377 1224 569 1262 coniunctio,
593 1224 649 1256 sed
666 1225 740 1265 quia
755 1224 856 1255 otiosa
872 1233 941 1255 esse
957 1226 1097 1263 nequeat

123 1273 155 1299 et
177 1266 296 1307 absque
320 1267 446 1305 effectu,
471 1267 654 1308 ubicunque
677 1278 747 1299 esse
771 1267 885 1306 coepit.
930 1267 1040 1306 Atque
1063 1266 1094 1297 id

122 1310 237 1350 probat
267 1309 377 1341 addita
406 1310 549 1341 ratione:
580 1311 654 1350 quia
684 1321 748 1341 non
779 1315 908 1340 maneat
939 1308 1029 1340 Deus
1061 1310 1094 1340 in

122 1352 230 1392 nobis,
265 1353 330 1384 nisi
363 1353 493 1393 spiritus
522 1354 590 1384 eius
619 1354 653 1384 in
683 1353 777 1384 nobis
808 1352 940 1384 habitet.
994 1352 1094 1393 Atqui

121 1396 255 1436 spiritus
286 1395 354 1427 eius
383 1396 568 1436 ubicunque
597 1396 648 1434 sit,
681 1406 810 1428 necesse
841 1400 890 1426 est
913 1400 948 1426 ut
972 1395 1038 1426 vim
1063 1400 1095 1426 et

123 1439 297 1470 efficaciam
321 1448 412 1469 suam
437 1444 574 1470 exserat.
613 1439 710 1470 Unde
732 1438 885 1478 colligere
908 1442 1093 1478 promptum

123 1485 183 1518 est,
212 1492 277 1512 non
308 1481 386 1513 alios
415 1491 548 1513 manere
578 1482 610 1513 in
635 1481 716 1520 Deo,
746 1491 782 1513 ac
810 1480 858 1511 illi
881 1481 991 1512 unitos
1014 1490 1093 1519 esse,

123 1523 189 1555 nisi
219 1525 274 1564 qui
305 1524 375 1555 eius
404 1524 559 1555 mandata
586 1530 728 1556 servant.
774 1523 884 1563 Quum
908 1534 984 1565 ergo
1007 1523 1094 1562 dicit,

121 1567 178 1598 Et
208 1566 252 1597 in
283 1567 364 1598 hoc
392 1567 735 1607 cognoscimus:
772 1566 886 1607 copula
916 1567 984 1606 Et⁷
1020 1567 1094 1607 quia

121 1618 181 1649 pro
208 1619 323 1641 causae
353 1609 533 1641 redditione
560 1611 699 1650 ponitur,
730 1614 857 1641 tantum
882 1609 969 1641 valet
997 1614 1093 1650 atque

121 1651 207 1683 Nam
231 1657 286 1683 aut
305 1651 401 1691 Quia.
443 1652 615 1684 Caeterum
638 1653 776 1693 expendi
800 1652 893 1684 debet
915 1653 1094 1693 praesentis

121 1704 238 1727 causae
260 1695 515 1727 circumstantia.
553 1696 696 1727 Tametsi
719 1696 805 1727 enim
829 1695 909 1727 haec
931 1696 1094 1727 sententia

122 1737 230 1770 verbis
261 1739 415 1769 convenit
442 1748 515 1769 cum
546 1738 602 1770 illa
630 1739 725 1770 Pauli
754 1738 861 1779 (Rom.
886 1738 915 1777 8,
944 1738 1007 1780 15),
1040 1738 1093 1770 ubi

123 1781 274 1821 spiritum
303 1780 379 1811 dicit
409 1781 521 1812 testari
544 1781 692 1813 cordibus
715 1781 836 1812 nostris
859 1791 917 1812 nos
940 1792 1009 1814 esse
1033 1781 1093 1813 Dei

121 1822 221 1861 filios,
255 1827 286 1854 et
320 1834 378 1855 nos
412 1834 470 1864 per
501 1834 575 1855 eum
605 1824 744 1855 clamare
775 1824 814 1855 ad
844 1824 965 1861 Deum,
999 1825 1094 1856 Abba

122 1868 227 1905 pater:
251 1866 284 1896 in
308 1876 406 1897 sensu
431 1872 538 1898 tamen
562 1872 611 1898 est
630 1867 750 1907 aliquid
769 1867 971 1899 discriminis.
1009 1867 1093 1899 Nam
1118 1887 1121 1908 ὁ

122 1908 244 1940 Paulus
266 1908 305 1939 de
328 1910 490 1949 gratuitae
513 1909 696 1950 adoptionis
719 1910 914 1941 certitudine
936 1910 1089 1950 loquitur,

121 1961 217 1991 quam
241 1951 374 1992 spiritus
389 1951 453 1983 Dei
476 1952 625 1984 cordibus
649 1953 768 1984 nostris
786 1952 950 1993 obsignat:
975 1953 1091 1984 Iohan-

122 2004 180 2025 nes
202 1999 310 2025 autem
334 1994 386 2026 hic
410 1995 543 2027 effeetus
562 1996 701 2035 respicit,
723 2005 801 2035 quos
821 1995 942 2035 profert
960 1996 1093 2036 spiritus
1118 2030 1120 2041 ⁴

122 2037 156 2068 in
187 2036 278 2068 nobis
306 2036 465 2069 habitans.
511 2038 791 2076 Quemadmodum
816 2043 847 2068 et
870 2038 990 2070 Paulus
1012 2039 1092 2079 ipse,

122 2090 220 2119 quum
245 2079 322 2110 dicit
344 2090 397 2111 eos
420 2091 489 2112 esse
505 2080 567 2112 Dei
587 2081 679 2119 filios,
704 2082 757 2121 qui
777 2081 894 2121 spiritu
911 2081 973 2112 Dei
990 2092 1089 2122 agun-

121 2127 185 2154 tur.
230 2122 315 2153 Nam
344 2122 410 2155 illie
433 2133 558 2164 quoque
582 2124 620 2155 de
644 2124 890 2155 mortificatione
912 2124 1029 2163 carnis,
1060 2130 1092 2156 et

120 2165 206 2197 vitae
230 2166 372 2197 novitate
396 2165 533 2198 disserit.
578 2167 669 2198 Haec
692 2177 819 2198 summa
842 2171 898 2205 est,
922 2167 997 2198 inde
1014 2177 1090 2199 con—

121 2210 207 2239 stare
235 2219 276 2239 an
306 2208 363 2239 filii
385 2208 447 2239 Dei
476 2210 586 2248 simus,
619 2210 646 2241 si
672 2211 771 2242 vitam
796 2213 939 2240 nostram
962 2210 1093 2250 spiritus

122 2251 191 2282 eius
221 2251 408 2282 moderatur
440 2256 471 2283 et
493 2252 661 2292 gubernat.
707 2252 839 2283 Interea
862 2251 953 2283 docet
976 2252 1092 2284 Iohan-

122 2304 188 2332 nes,
221 2293 376 2334 quidquid
404 2298 454 2325 est
483 2295 515 2325 in
546 2295 637 2327 nobis
665 2295 823 2326 bonorum
847 2305 991 2334 operum,
1021 2306 1092 2336 pro-

123 2336 234 2367 venire
257 2347 297 2368 ex
321 2337 427 2377 gratia
449 2337 601 2377 spiritus:
625 2344 656 2369 et
679 2338 766 2369 hunc
789 2337 939 2376 spiritum
959 2348 1024 2369 non
1041 2349 1092 2371 ac·

123 2379 207 2418 quiri
230 2385 340 2410 nostra
364 2380 496 2418 iustitia,
521 2381 576 2412 sed
601 2382 742 2422 gratuito
766 2381 856 2412 nobis
881 2380 1002 2412 donari.

471 2510 653 2549 CAPUT
678 2510 745 2549 lV.

211 2593 238 2624 1.
263 2591 386 2630 Dilecti,
410 2603 447 2624 ne
469 2595 552 2625 omni
573 2594 703 2634 spiritui
725 2594 868 2633 credatis,
895 2594 949 2626 sed
966 2594 1093 2634 probate

122 2635 255 2675 spiritus
284 2645 326 2666 an
348 2646 386 2666 esc
410 2635 474 2667 Deo
497 2637 574 2668 sint:
605 2638 679 2676 quia
702 2638 792 2669 multi
810 2637 1093 2677 pseudoprophetae

1009 186 1157 218 CAPUT
1186 187 1242 218 lv.

2056 192 2119 223 346

1151 284 1292 315 exierunt
1321 285 1355 315 in
1384 285 1541 316 mundum.
1586 286 1615 317 2.
1647 286 1687 317 1η
1710 286 1765 317 hoc
1788 287 1950 327 coynoscite
1971 287 2120 326 spiritum

1151 325 1232 358 Dei:
1265 326 1375 358 Omnis
1401 329 1542 368 spiritus,
1571 329 1626 368 qui
1644 330 1804 368 confitetur
1832 329 1937 361 Iesum
1961 329 2119 361 Christum

1150 369 1185 399 in
1213 378 1305 400 carne
1333 370 1465 407 venisse,
1495 381 1533 401 er
1556 370 1624 402 Deo
1655 374 1714 402 est.-
1742 372 1771 403 3.
1802 375 1830 402 et
1860 372 1959 404 omnis
1988 372 2120 411 spiritus

1151 412 1205 450 qui
1233 422 1293 443 non
1323 413 1477 450 confitetur
1508 414 1613 444 Iesum
1638 412 1778 445 chritum
1808 415 1841 445 in
1869 425 1960 446 carne
1989 415 2119 454 venisse,

1151 463 1188 484 ex
1204 453 1271 485 Deo
1288 464 1347 485 non
1364 457 1415 486 est.
1454 455 1494 486 Et
1517 456 1566 488 hic
1588 459 1630 488 est
1645 456 1867 496 Antichristus,
1891 459 1927 489 de
1949 468 2008 497 quo
2030 458 2119 489 audi-

1151 497 1222 528 istis
1244 497 1324 536 quod
1346 500 1493 529 venturus
1515 499 1564 536 sit,
1589 502 1616 530 et
1637 509 1718 531 nunc
1740 500 1805 530 iam
1830 501 1861 531 in
1884 501 1997 532 mundo
2019 501 2068 532 sit.

1228 580 1327 612 Redit
1337 581 1376 613 ad
1385 583 1584 622 superiorem
1595 585 1784 623 doctrinam,
1798 595 1895 625 quam
1906 588 2059 627 attigerat
2068 595 2119 618 ca-

1152 625 1216 665 pite
1249 625 1401 656 secundO.
1454 626 1602 667 Plerique
1635 627 1721 658 enim
1755 627 1805 668 (ut
1835 627 1869 659 in
1901 628 1996 659 rebus
2024 629 2118 660 novis

1152 668 1223 699 fieri
1250 667 1344 709 solet)
1368 667 1489 699 Christi
1514 670 1642 701 nomine
1665 671 1882 702 abutebantur
1904 670 1943 701 ad
1967 671 2119 702 serendos

1152 721 1226 742 suos
1256 720 1392 741 errores
1438 711 1503 742 Alii
1534 712 1668 744 dimidia
1696 724 1736 744 ex
1766 718 1857 753 parte
1884 713 2119 754 profitebantur

1153 753 1336 785 Christum:
1370 753 1493 784 interea
1522 765 1619 794 quum
1648 756 1751 787 locum
1777 756 1933 787 haberent
1957 757 2041 787 inter
2065 756 2121 787 do-

1152 797 1313 836 mesticos,
1342 795 1416 836 plus
1440 795 1590 828 valebant
1620 798 1659 829 ad
1687 798 1876 831 nocendum.
1922 798 2118 830 Praesertim

1152 840 1185 870 in
1209 839 1342 870 Christo
1367 839 1436 879 ipso
1459 840 1637 871 turbandae
1660 842 1812 873 ecelesiae
1828 842 1994 873 materiam
2015 845 2120 881 capta-

1153 881 1207 913 bat
1231 881 1343 913 Satan.
1383 881 1466 912 Nam
1491 881 1543 914 hic
1567 888 1615 914 est
1637 883 1719 924 lapis
1743 884 1940 925 offensionis,
1964 884 2004 916 ad
2024 894 2118 924 quem

1151 925 1331 965 impingere
1359 934 1489 956 necesse
1517 929 1564 956 est
1592 936 1702 958 omnes
1726 927 1780 966 qui
1803 928 1933 967 planam
1958 927 2053 965 viam,
2085 933 2119 958 ut

1151 978 1170 998 a
1193 968 1263 999 Deo
1287 968 1379 999 nobis
1401 972 1610 1006 monstratur,
1637 979 1702 1000 non
1726 975 1845 1000 tenent.
1891 970 1993 1001 Porro
2015 970 2119 1001 tribus

1151 1010 1305 1041 membris
1341 1014 1468 1042 constat
1505 1015 1570 1041 tota
1607 1010 1686 1043 haec
1718 1012 1851 1052 apostoli
1886 1013 1978 1044 ratio.
2034 1012 2118 1044 Nam

1151 1053 1255 1093 primo
1279 1053 1399 1084 malum
1423 1053 1566 1084 ostendit
1588 1053 1673 1085 unde
1696 1055 1872 1094 periculum
1897 1055 2045 1086 fidelibus
2068 1055 2119 1086 in-

1151 1096 1273 1127 stabat:
1296 1098 1392 1136 atque
1416 1095 1476 1127 hac
1494 1096 1618 1127 ratione
1637 1107 1690 1127 eos
1706 1096 1746 1128 ad
1762 1098 1941 1129 cavendum
1960 1098 2119 1130 hortatur.

1151 1138 1299 1170 Cavendi
1337 1139 1468 1170 modum
1508 1139 1711 1178 praescribit,
1750 1146 1786 1171 ut
1824 1140 2001 1172 diiudicent
2034 1141 2119 1172 inter

1150 1181 1292 1221 spiritus.
1330 1183 1438 1222 Atque
1461 1181 1521 1213 hoc
1544 1187 1592 1213 est
1609 1183 1785 1214 secundum
1805 1184 1995 1215 membrum.
2033 1183 2120 1215 Tan-

1151 1224 1223 1255 dem
1247 1225 1385 1264 speciem
1411 1234 1507 1255 unam
1533 1224 1689 1265 designat,
1719 1236 1737 1256 a
1760 1236 1822 1265 qua
1845 1226 2026 1258 maximum
2049 1230 2120 1258 erat

1150 1266 1213 1298 illis
1237 1267 1427 1307 periculum.
1473 1267 1573 1298 Vetat
1596 1268 1695 1309 igitur
1718 1278 1770 1300 eos
1794 1269 1914 1307 audire,
1938 1269 1993 1308 qui
2016 1268 2118 1300 filium

1150 1309 1213 1340 Dei
1250 1310 1284 1340 iu
1321 1320 1419 1341 carne
1457 1310 1698 1342 manifestatum
1735 1321 1805 1342 esse
1839 1317 1968 1352 negant.
2024 1311 2119 1343 Nunc

1150 1352 1279 1393 singula
1309 1352 1422 1383 ordine
1452 1358 1636 1385 tractemus.
1683 1354 1826 1385 Tametsi
1857 1357 1967 1385 autem
1989 1355 2023 1385 in
2047 1365 2118 1386 con-

1150 1400 1242 1426 textu
1274 1395 1358 1426 ratio
1388 1395 1450 1426 ista
1480 1396 1657 1434 subiicitur,
1688 1397 1774 1437 quod
1804 1396 1900 1428 multi
1923 1396 2117 1437 pseudopro-

1148 1438 1265 1478 phetae
1300 1439 1334 1469 in
1364 1439 1522 1470 mundum
1554 1439 1707 1470 exierint:
1743 1445 1852 1471 tamen
1882 1440 1958 1470 inde
1987 1439 2116 1471 initium

1146 1480 1250 1512 facere
1286 1481 1447 1513 convenit.
1504 1481 1657 1513 Continet
1695 1487 1804 1513 autem
1842 1482 1921 1514 haec
1954 1483 2116 1514 sententia

1148 1524 1262 1555 utilem
1286 1524 1549 1561 admonitionem,
1581 1525 1656 1564 quia
1678 1526 1706 1556 si
1728 1526 1792 1556 iam
1817 1530 1894 1557 tunc
1916 1525 2034 1557 multos
2056 1525 2116 1556 im-

1120 1574 1122 1581 *
1148 1567 1276 1608 pulerat
1305 1566 1423 1605 Satan,
1458 1568 1511 1607 qui
1545 1567 1604 1598 snb
1634 1567 1759 1599 Christi
1794 1569 1924 1599 nomine
1953 1579 2029 1600 suas
2056 1569 2116 1599 im-

1120 1615 1121 1622 *
1148 1615 1298 1651 posturas
1316 1616 1521 1651 spargerent:
1542 1610 1636 1642 hodie
1652 1611 1756 1642 simile
1772 1612 1958 1652 exemplum
1974 1615 2115 1643 conster-

1147 1663 1225 1684 nare
1249 1663 1307 1685 nos
1330 1664 1394 1685 non
1418 1653 1521 1685 debet.
1559 1653 1650 1686 Haec
1672 1655 1759 1685 enim
1778 1660 1936 1694 perpetua
1955 1663 2004 1685 est
2020 1664 2116 1685 evan-

1145 1697 1222 1737 gelii
1256 1697 1408 1735 conditio,
1443 1702 1478 1727 ut
1511 1696 1579 1728 eius
1614 1697 1789 1736 puritatem
1821 1697 1918 1728 variis
1951 1696 2117 1728 erroribus

1119 1748 1121 1776 ,l
1146 1740 1276 1771 inficere
1291 1749 1328 1771 ac
1343 1750 1549 1779 corrumpere
1565 1740 1716 1771 moliatur
1732 1739 1846 1772 Satan.
1880 1740 1952 1772 Hoc
1969 1745 2114 1771 nostrum

1146 1783 1312 1814 saeculum
1335 1782 1497 1814 horrenda
1520 1782 1677 1822 quaedam
1697 1789 1855 1814 sectarum
1875 1786 2024 1823 portenta
2042 1793 2116 1823 pro-

1145 1825 1239 1857 tulit:
1262 1836 1325 1866 qua
1348 1826 1515 1857 occasione
1538 1825 1634 1856 multi
1652 1826 1781 1856 attoniti
1800 1825 1944 1863 haerent,
1968 1828 2001 1857 et
2020 1835 2116 1865 quor-

1146 1878 1216 1899 sum
1247 1879 1282 1899 se
1306 1874 1430 1899 vertere
1454 1868 1591 1900 debeant
1615 1869 1804 1909 nescientes,
1834 1878 1964 1899 omnem
1987 1868 2117 1908 pietatis

1145 1921 1256 1943 curam
1298 1911 1461 1943 abiiciunt.
1517 1911 1629 1951 Neque
1670 1912 1757 1942 enim
1791 1912 1909 1943 melius
1942 1911 2116 1943 inveniunt

1145 1954 1370 1994 compendium
1405 1963 1474 1985 sese
1502 1954 1682 1985 extricandi
1713 1954 1753 1985 ab
1783 1964 1930 1985 errorum
1962 1954 2117 1994 periculo.

1146 1996 1256 2028 Stulte
1287 1997 1317 2027 id
1346 1997 1494 2028 omnino:
1526 1997 1629 2028 lucem
1662 1997 1748 2028 enim
1779 1997 1925 2029 veritatis
1955 1996 2116 2038 fugiendo,

1145 2050 1215 2071 sese
1246 2039 1331 2070 ultro
1362 2040 1393 2070 in
1427 2050 1576 2071 errorum
1605 2039 1753 2071 tenebras
1776 2040 1960 2072 coniiciunt.
2006 2039 2116 2079 Quare

1118 2080 1120 2087 ’
1146 2082 1207 2114 hoc
1229 2082 1263 2113 in
1287 2082 1404 2114 animis
1428 2083 1549 2114 nostris
1572 2083 1673 2114 fixum
1698 2083 1839 2122 haereat,
1862 2094 1904 2114 ex
1927 2093 1990 2123 quo
2012 2082 2116 2123 publi-

1146 2126 1213 2156 cari
1248 2126 1350 2166 coepit
1384 2126 1605 2166 evangelium,
1640 2126 1752 2156 statim
1786 2126 1949 2157 exstitisse
1979 2125 2114 2166 pseudo-

1145 2168 1329 2208 prophetas.
1375 2167 1503 2200 Muniet
1527 2170 1626 2200 etiam
1650 2179 1708 2199 nos
1731 2169 1811 2200 haec
1834 2168 1980 2200 doctrina
2003 2171 2116 2199 contra

1145 2211 1225 2242 illud
1266 2210 1507 2243 offendiculum.
1567 2211 1743 2251 Plerosque
1783 2221 1930 2243 errorum
1969 2214 2115 2242 vetustas

1145 2254 1236 2294 quasi
1267 2254 1393 2285 vinctos
1427 2255 1556 2293 retinet,
1590 2265 1631 2285 ne
1664 2254 1739 2285 inde
1770 2264 1933 2295 emergere
1963 2254 2114 2285 audeant.

1145 2297 1247 2336 Atqui
1270 2296 1430 2328 Iohannes
1453 2297 1643 2328 intestinum
1667 2296 1818 2328 ecclesiae
1841 2296 1964 2328 malum
1987 2296 2041 2327 hic
2059 2296 2114 2327 de—

1145 2340 1262 2380 signat.
1315 2339 1410 2378 Quod
1440 2340 1467 2371 si
1496 2340 1562 2371 iam
1594 2345 1663 2370 tum
1694 2340 1846 2380 apostolis
1876 2339 2012 2379 aliisque
2039 2338 2114 2370 fidis

1145 2382 1329 2413 doctoribus
1352 2382 1499 2422 permisti
1521 2383 1653 2414 fuerunt
1671 2382 1872 2422 impostores,
1894 2383 1971 2422 quid
1994 2382 2113 2413 mirum

1144 2425 1182 2463 si,
1212 2424 1403 2465 iampridem
1432 2435 1585 2465 oppressa
1614 2425 1776 2465 evangelii
1806 2425 1960 2463 doctrina,
1989 2425 2112 2456 multae

1144 2468 1346 2508 corruptelae
1381 2467 1416 2498 in
1450 2467 1572 2499 mundo
1604 2471 1770 2508 grassatae
1803 2469 1900 2499 sunt?
1956 2467 2029 2499 Non
2062 2471 2111 2499 est

1145 2511 1243 2550 igitur
1277 2510 1362 2550 quod
1396 2521 1456 2542 nos
1489 2510 1644 2551 impediat
1679 2511 1872 2551 antiquitas,
1906 2521 1968 2552 quo
2001 2511 2110 2542 minus

1144 2553 1243 2585 libere
1268 2554 1437 2584 veritatem
1460 2563 1479 2584 a
1501 2553 1668 2585 mendacio
1691 2553 1922 2586 discernamus.

1232 2597 1259 2626 1.
1284 2595 1332 2627 Ne
1354 2596 1437 2627 omni
1457 2596 1590 2635 spiritui
1610 2596 1754 2628 credatis.
1799 2596 1897 2628 Multi
1920 2596 1969 2637 (ut
1991 2596 2111 2628 dictum

1145 2639 1207 2680 est)
1230 2649 1329 2679 quum
1353 2639 1489 2671 ecclesia
1512 2639 1653 2671 dissidiis
1676 2644 1708 2670 et
1731 2640 1992 2671 contentionibus
2015 2648 2111 2671 vexa-
