2513 3126
272 237 334 269 259

275 332 441 369 iustitiam,
464 330 550 360 beati.
599 327 753 359 Timorem
783 336 854 358 vero
882 335 988 357 eorum
1016 336 1052 357 nc
1073 325 1249 363 timueritis,

275 385 370 414 neque
392 371 571 404 immuni:
608 371 656 401 lo.
683 369 743 401 Sed
759 368 933 402 Dominum
955 369 1141 400 exercituum
1163 378 1249 400 sanc—

277 418 387 457 tificate
412 417 443 447 in
467 413 608 445 cordibus
630 413 749 445 vestris.

366 500 413 531 10.
440 499 502 538 Qui
531 499 623 539 enim,
653 501 704 530 etc.
757 496 934 529 Confirmat
964 497 1145 537 proximam
1178 506 1250 528 sen-

277 544 411 575 tentiam
447 541 585 573 Davidis
620 540 814 572 testimonio.
871 539 980 571 Locus
1015 550 1055 571 ex
1090 538 1174 571 Psal.
1199 538 1250 580 34,

277 592 426 627 sumptus
449 591 507 623 est,
533 584 585 616 ubi
603 585 737 624 spiritus
754 587 893 614 testatur
908 582 990 614 bene
1006 583 1154 615 omnibus
1174 582 1250 621 fore,

276 631 331 669 qui
364 628 423 660 sibi
455 627 684 668 temperabunt
714 626 753 658 ab
786 626 873 656 omni
908 626 1065 657 maleficio
1094 631 1126 657 et
1154 635 1249 657 noxa.

276 671 466 703 Communis
497 670 624 711 quidem
649 679 763 701 sensus
792 668 887 709 longe
920 668 1006 700 aliud
1031 668 1146 701 dictat:
1174 679 1249 700 nam

276 715 424 746 homines
458 723 492 744 se
527 713 730 744 inimicorum
767 712 952 752 proterviae
984 712 1148 752 expositos
1182 712 1250 743 sore

275 763 404 798 putant,
437 757 496 788 nisi
521 762 652 787 strenue
676 765 710 786 se
733 754 908 786 vindicent.
955 755 999 785 At
1029 755 1164 795 spiritus
1187 753 1249 785 Dei

276 810 341 831 non
367 800 437 830 aliis
461 799 585 830 felicem
611 799 709 829 vitam
734 798 904 837 promittit,
927 797 988 828 nisi
1008 798 1195 834 mansuetis,
1219 802 1251 828 et

276 843 434 874 malorum
460 842 666 882 patientibus.
713 840 825 880 Neque
853 841 938 872 enim
967 840 1061 871 aliter
1089 840 1170 872 bene
1194 839 1249 871 ha-

277 886 352 917 bere
376 894 556 926 possumus,
587 884 649 914 nisi
672 882 834 914 Dominus
864 883 932 914 vias
963 887 1092 914 nostras
1122 893 1250 924 prospe-

277 935 337 960 ret.
377 928 476 968 Atqui
501 926 594 958 bonis
617 932 649 958 et
672 926 835 964 beneficis,
858 936 921 957 non
940 926 1130 957 truculentis
1154 931 1185 956 et
1208 924 1251 957 fe-

277 971 415 1011 rocibus,
449 969 522 1001 vult
552 969 672 1001 adesse.
726 969 893 1009 Sequutus
923 975 971 1000 est
1001 975 1106 999 autem
1133 968 1251 999 Petrus

277 1023 425 1056 graecam
451 1013 650 1044 versionem:
674 1022 870 1052 quamquam
888 1012 921 1043 in
944 1022 1040 1043 sensu
1065 1021 1178 1052 parum
1203 1016 1252 1042 est

278 1056 484 1088 discriminis.
524 1056 576 1087 Ad
600 1055 734 1086 verbum
759 1055 805 1086 sic
829 1054 926 1086 habet
950 1054 1066 1093 David,
1089 1053 1155 1092 Qui
1180 1053 1248 1084 dili-

278 1101 326 1141 git
349 1100 461 1137 vitam,
489 1105 521 1130 et
551 1099 640 1138 cupit
670 1098 738 1129 dies
760 1097 872 1129 videre
900 1098 1008 1129 bonos.
1054 1097 1113 1128 Est
1143 1102 1250 1127 autem

276 1143 338 1174 hoc
361 1141 510 1182 optabile,
541 1151 639 1181 quum
664 1140 755 1171 Deus
785 1141 821 1172 in
846 1140 906 1172 hoc
930 1139 1051 1171 mundo
1074 1149 1131 1170 nos
1155 1139 1250 1170 collo-

277 1186 411 1223 caverit,
435 1194 566 1216 cursum
585 1189 729 1214 nostrum
747 1183 781 1214 in
799 1193 874 1223 pace
892 1184 1079 1222 transigere.
1115 1182 1249 1213 Modum

277 1239 354 1269 ergo
378 1228 474 1258 huius
499 1227 574 1258 boni
597 1226 764 1258 obtinendi
788 1225 918 1262 indicat,
950 1225 974 1256 si
999 1225 1082 1256 iuste
1105 1229 1137 1256 et
1159 1226 1249 1256 inno-

277 1272 330 1302 xie
353 1281 427 1303 cum
450 1270 601 1301 omnibus
624 1279 683 1301 nos
711 1279 870 1310 geramus.
916 1269 964 1299 Ac
995 1269 1135 1307 primum
1159 1273 1251 1299 notat

277 1324 359 1354 quae
389 1313 520 1353 linguae
552 1312 631 1343 vitia
654 1312 797 1343 cavenda
821 1312 898 1343 sint:
931 1321 1047 1350 nempe
1074 1321 1115 1341 ne
1138 1316 1250 1342 contu·

277 1356 400 1388 meliosi
425 1366 461 1387 ac
484 1355 667 1396 petulantes
697 1355 815 1386 simus:
850 1353 964 1384 deinde
988 1363 1029 1384 ne
1052 1353 1251 1385 fraudulenti

278 1409 315 1431 ac
339 1398 492 1439 duplices.
538 1398 627 1429 Hinc
650 1397 689 1428 ad
714 1398 794 1428 fact-a
818 1396 991 1434 deseendit,
1015 1406 1055 1427 ne
1072 1406 1166 1436 quem
1190 1396 1250 1428 lae-

278 1442 402 1478 damus,
431 1441 482 1472 vel
515 1452 555 1472 ne
581 1441 632 1472 cui
656 1441 833 1471 inseramus
858 1440 1027 1471 damnum:
1051 1439 1106 1470 sed
1123 1439 1250 1470 studea-

277 1495 350 1516 mus
373 1494 450 1525 erga
474 1494 586 1515 omnes
615 1494 684 1515 esse
708 1482 852 1519 benefici,
881 1492 917 1514 ao
946 1481 1158 1514 humanitatis
1181 1482 1250 1513 offi-

278 1528 327 1559 oia
351 1536 570 1558 exerceamus.

365 1571 414 1601 11.
442 1570 578 1609 Quaerat
596 1578 712 1609 pacem.
752 1568 865 1608 Neque
888 1568 973 1599 enim
994 1567 1071 1599 satis
1094 1572 1143 1600 est
1165 1568 1250 1600 obla-

278 1617 345 1644 tam
382 1613 549 1653 amplecti,
583 1612 638 1643 sed
674 1612 749 1642 dum
786 1612 897 1652 fugere
932 1621 951 1642 a
984 1611 1077 1643 nobis
1112 1610 1250 1652 videtur,

279 1656 433 1687 sectanda
468 1661 525 1687 est.
582 1655 688 1695 Saepe
711 1654 808 1685 etiam
841 1653 966 1692 accidit,
1002 1660 1037 1686 ut
1071 1654 1148 1685 dum
1179 1664 1249 1685 eam

279 1700 466 1739 quaerimus
500 1703 656 1738 quantum
689 1697 723 1728 in
758 1696 849 1729 nobis
883 1701 941 1735 est,
976 1697 1031 1729 alii
1065 1708 1128 1729 non
1163 1696 1250 1728 dent.

277 1741 417 1782 Propter
449 1741 507 1772 has
542 1740 749 1772 difficultates
783 1744 815 1772 et
849 1740 1022 1779 obstacula,
1056 1739 1145 1772 iubet
1178 1750 1248 1772 eam

278 1793 434 1825 quaerere
458 1790 489 1815 et
513 1784 670 1824 persequi.

365 1827 414 1858 12.
447 1827 600 1866 Quoniam
629 1826 710 1859 oculi
737 1826 870 1858 Domini
897 1836 992 1866 super
1020 1826 1126 1858 iustos.
1177 1825 1250 1857 Hoc

279 1870 318 1901 ad
348 1869 527 1910 mitiganda
558 1870 689 1909 quaevis
720 1870 805 1901 mala
836 1870 915 1900 satis
949 1870 1064 1901 efficax
1098 1868 1249 1900 solatium

279 1923 349 1944 esse
379 1912 483 1951 debet,
514 1923 570 1944 nos
601 1923 619 1943 a
642 1912 785 1943 Domino
815 1913 941 1953 respici,
971 1917 1008 1944 ut
1040 1913 1073 1943 in
1105 1914 1251 1952 tempore

281 1966 372 1996 opem
397 1956 486 1987 ferat.
523 1955 658 1987 Summa
677 1966 755 1996 ergo
778 1959 836 1992 est,
861 1955 946 1995 quod
967 1955 1163 1996 prosperitas
1186 1955 1249 1992 illa,

280 1999 372 2030 cuius
395 1999 551 2034 meminit,
583 2009 625 2029 ex
649 1998 711 2029 Dei
739 1998 877 2039 pendeat
906 1999 1017 2030 tutela.
1063 1997 1134 2029 Nisi
1164 1998 1250 2029 enim

280 2041 348 2072 suis
372 2041 566 2080 prospiceret
589 2040 762 2078 Dominus,
794 2047 902 2072 essent
932 2041 1032 2073 veluti
1061 2051 1136 2073 oves
1166 2040 1251 2080 lupis

280 2083 315 2114 in
339 2083 491 2123 praedam
522 2085 695 2123 expositae.
742 2084 785 2115 Et
816 2094 893 2115 sane
924 2084 1008 2124 quod
1042 2089 1106 2115 tam
1135 2083 1251 2114 leviter

281 2125 529 2166 tumultuamur,
564 2126 646 2166 quod
678 2127 783 2157 subito
815 2128 1022 2158 accendimur
1052 2127 1091 2158 ad
1124 2126 1250 2157 iracun-

281 2168 377 2207 diam,
402 2168 484 2208 quod
509 2168 658 2200 ardemus
683 2169 842 2200 vindictae
865 2169 1007 2209 libidine,
1031 2169 1107 2201 hinc
1125 2170 1161 2200 fit
1177 2169 1252 2209 quia

281 2221 347 2242 non
380 2218 569 2251 reputamus
603 2221 662 2242 nos
695 2222 790 2242 curae
820 2223 890 2243 esse
919 2213 997 2251 Deo,
1032 2223 1090 2244 nec
1120 2212 1154 2243 in
1184 2212 1252 2243 eius

282 2253 402 2285 auxilio
423 2254 663 2293 acquiescimus.
706 2253 816 2294 Itaque
840 2255 962 2286 frustra
985 2255 1150 2287 docebitur
1173 2254 1250 2286 tole-

282 2297 397 2334 rantia,
419 2297 479 2327 nisi
504 2298 593 2336 prius
616 2296 731 2327 imbuti
751 2297 812 2328 hac
835 2297 980 2329 doctrina
1004 2298 1102 2329 animi
1122 2298 1252 2334 fuerint,

282 2339 388 2370 Deum
414 2341 517 2370 nostri
547 2350 657 2370 curam
682 2350 805 2380 gerere,
834 2345 868 2371 ut
898 2341 931 2370 in
956 2347 1101 2381 tempore
1125 2350 1253 2372 succur—

282 2386 342 2413 rat.
377 2381 502 2415 Contra
524 2381 579 2414 ubi
603 2382 664 2413 hoc
687 2383 780 2413 nobis
799 2392 989 2422 persuasum
1013 2390 1070 2421 est,
1093 2383 1252 2415 iustorum

283 2435 409 2457 causam
436 2424 543 2456 Deum
576 2426 753 2465 patrocinio
786 2435 843 2456 suo
874 2427 958 2456 tueri
989 2426 1082 2464 velle,
1114 2427 1253 2467 primum

283 2468 489 2499 innocentiae
512 2468 704 2508 simpliciter
728 2468 916 2499 studemus:
941 2469 1056 2500 deinde
1072 2480 1170 2509 quum
1188 2479 1255 2500 mo-

284 2510 355 2541 lesti
380 2517 410 2541 et
434 2510 542 2541 infesti
567 2518 643 2541 sunt
666 2511 811 2551 improbi,
835 2511 873 2541 ad
892 2510 952 2542 Dei
970 2513 1163 2552 praesidium
1181 2522 1254 2543 con-

284 2553 435 2593 fugimus.
470 2554 553 2584 Nam
578 2564 676 2594 quum
701 2555 785 2591 dicit,
809 2564 927 2585 aures
951 2554 1085 2586 Domini
1109 2554 1255 2596 precibus

285 2603 421 2635 apertas,
446 2595 485 2626 ad
510 2598 660 2636 precandi
680 2597 821 2628 studium
846 2607 906 2628 nos
929 2598 1050 2628 incitat.

380 2638 490 2670 Vultus
513 2643 615 2670 autem
638 2639 770 2671 Domini
793 2649 894 2680 super,
920 2642 971 2671 etc.
1016 2640 1088 2672 Hoc
1112 2639 1255 2672 membro

286 2679 464 2712 Dominum
495 2683 670 2723 significat,
703 2691 849 2714 nostrum
880 2684 945 2714 fore
978 2684 1147 2724 vindicem,
1181 2684 1256 2724 quia

1104 229 1245 263 EPIST.
1271 229 1406 262 PETRI
1432 230 1447 261 1

2208 232 2272 265 260

1303 335 1366 357 non
1390 333 1517 364 semper
1533 331 1686 363 passurus
1709 322 1752 354 sit
1768 323 1941 363 impiorum
1964 323 2162 364 proterviam
2181 334 2271 365 gras-

1303 368 1377 400 sari.
1412 368 1454 399 Et
1477 365 1572 397 simul
1597 364 1767 396 denuntiat
1789 365 1866 406 quid
1886 366 2031 398 futurum
2051 366 2104 406 sit,
2127 367 2155 398 si
2171 367 2271 399 vitam

1303 416 1445 442 nostram
1464 407 1631 440 maleficiis
1649 407 1786 439 velimus
1803 408 1903 440 tueri:
1928 419 2044 449 nempe
2063 409 2148 450 quod
2165 409 2272 441 Deum

1304 453 1445 484 habituri
1469 452 1569 483 simus
1593 451 1684 483 nobis
1707 450 1891 483 adversum.
1922 452 2021 492 Atqui
2041 451 2136 484 obiici
2159 455 2274 484 eontra

1303 501 1419 536 posset,
1443 505 1501 525 nos
1526 494 1619 534 longe
1642 493 1728 526 aliud
1753 494 1895 534 quotidie
1918 495 2068 535 experiri.
2102 494 2187 526 Nam
2210 505 2274 535 quc

1304 539 1438 579 quisque
1468 537 1582 568 iustior
1612 541 1670 574 est,
1705 537 1858 578 pacisque
1892 537 2062 575 amantior,
2096 548 2133 569 eo
2168 537 2273 579 magis

1303 587 1443 612 vexatur
1476 590 1493 610 a
1528 578 1702 611 sceleratis.
1757 579 1962 621 Respondoo,
1997 581 2160 612 neminem
2194 581 2274 612 adeo

1303 634 1372 655 esse
1395 622 1565 663 aequitatis
1589 626 1621 653 et
1650 623 1737 663 pacis
1766 622 1956 661 studiosum,
1987 624 2065 663 quin
2092 629 2201 664 peccet
2223 623 2272 654 in-

1304 667 1428 698 terdum
1454 665 1563 705 aliqua
1585 665 1618 695 in
1642 670 1744 706 parte.
1790 665 1854 697 Sed
1887 665 1948 698 hoc
1971 666 2141 706 praecipue
2167 666 2274 698 obser-

1304 709 1446 741 vandum
1470 714 1528 744 est,
1560 708 1789 748 promissiones
1818 708 1914 740 huius
1945 709 2030 740 vitae
2059 719 2123 740 non
2147 708 2274 749 longius

1304 752 1443 788 extendi,
1472 761 1567 791 quam
1592 751 1696 791 quoad
1721 751 1813 783 nobis
1842 751 1973 792 expedit
2000 751 2160 792 praestari
2189 750 2274 792 quod

1304 795 1482 826 continent.
1528 793 1634 834 Saepe
1667 804 1743 835 ergo
1777 794 1926 825 turbatur
1959 804 2022 834 pax
2058 799 2169 826 nostra
2202 803 2274 825 oum

1305 837 1434 875 mundo,
1465 841 1502 867 ut
1524 846 1598 868 caro
1626 842 1737 868 nostra
1759 836 1792 868 in
1817 837 1880 868 Dei
1904 837 2092 877 obsequium
2117 836 2275 875 dometur,

1304 886 1336 912 et
1361 880 1438 911 alias
1462 879 1502 910 ob
1524 888 1650 918 causas,
1673 884 1709 911 ut
1732 879 1814 911 nihil
1837 880 1929 911 nobis
1953 880 2114 920 depereat.

1392 922 1440 953 13.
1463 921 1506 953 Et
1530 923 1600 962 quis
1622 925 1664 954 est
1687 922 1743 963 qui
1760 922 1853 963 vobis,
1875 925 1928 954 etc.
1957 923 2087 955 Rursus
2103 922 2275 954 confirmat

1305 967 1502 1007 superiorem
1531 966 1727 996 sententiam
1757 970 1949 1006 argumento
1979 976 1999 997 a
2028 965 2192 998 communi
2222 975 2275 996 ex—

1305 1009 1463 1050 perientia
1485 1013 1624 1048 sumpto.
1660 1008 1733 1039 Hoc
1749 1009 1835 1040 enim
1852 1013 1889 1039 ut
1904 1008 2078 1048 plurimum
2096 1018 2157 1040 usu
2173 1007 2275 1048 venit,

1305 1058 1341 1084 ut
1364 1051 1454 1083 nobis
1477 1051 1611 1091 improbi
1635 1052 1802 1093 negotium
1826 1050 1996 1090 facessant,
2020 1051 2072 1083 vel
2094 1050 2233 1082 lacessiti
2257 1060 2276 1081 a

1305 1095 1407 1133 nobis,
1429 1093 1482 1125 vel
1506 1094 1582 1134 quia
1605 1094 1668 1126 illis
1692 1093 1896 1125 demerendis
1915 1104 2047 1135 operam
2071 1104 2135 1125 non
2151 1094 2275 1133 impen-

1305 1138 1419 1176 dimus,
1443 1142 1478 1168 ut
1501 1136 1642 1169 decebat.
1687 1136 1772 1168 Nam
1796 1137 1851 1177 qui
1876 1137 2107 1169 beneficentiae
2133 1136 2276 1173 student,

1304 1181 1401 1212 etiam
1436 1180 1557 1211 ferreos
1590 1179 1707 1220 alioqui
1741 1180 1864 1211 animos
1897 1180 2076 1212 emolliunt.
2127 1178 2275 1210 Eandem

1305 1224 1462 1255 rationem
1488 1222 1619 1254 adducit
1637 1222 1728 1254 Plato
1752 1223 1834 1254 libro
1859 1223 1888 1255 1.
1905 1223 1944 1254 de
1960 1221 2127 1264 Repub21)
2150 1221 2275 1258 στάσεις

1304 1266 1364 1308 γάρ
1387 1276 1449 1296 που
1472 1264 1493 1307 ἡ
1517 1276 1554 1307 γε
1577 1264 1682 1296 ἀδικία
1704 1266 1758 1297 καὶ
1781 1265 1854 1308 μίση
1873 1266 1928 1297 ’καὶ
1947 1265 2052 1308 μάχας
2074 1265 2108 1297 ἐν
2127 1263 2277 1306 αλλήλοις

1304 1307 1444 1350 παρέχει”
1464 1308 1485 1350 ἡ
1509 1308 1543 1340 δὲ
1571 1308 1754 1351 δικαιοσύνη
1783 1309 1931 1351 ὁμόνοιαν
1957 1309 2011 1340 καί
2041 1307 2159 1349 φιλίαν.
2203 1307 2277 1339 Hoc

1306 1360 1364 1389 est,
1397 1352 1570 1383 seditiones
1593 1359 1623 1383 et
1646 1352 1718 1383 odia
1740 1356 1772 1383 et
1800 1363 1927 1393 pugnas
1957 1352 2116 1383 iniustitia
2139 1351 2276 1382 excitat:

1304 1395 1507 1427 concordiam
1532 1404 1611 1426 vero
1639 1399 1670 1427 et
1693 1395 1870 1427 amicitiam
1893 1395 2026 1426 iustitia.
2072 1394 2144 1425 Hoc
2166 1398 2276 1424 tamen

1305 1439 1364 1470 etsi
1388 1438 1604 1470 communiter
1627 1437 1752 1476 accidit,
1781 1449 1845 1469 non
1870 1442 1917 1469 est
1940 1442 2048 1469 tamen
2073 1441 2276 1477 perpetuum.

1304 1481 1388 1513 Nam
1419 1481 1475 1512 filii
1503 1480 1566 1512 Dei
1594 1481 1803 1521 quantumvis
1832 1480 1996 1521 improbos
2025 1479 2153 1520 placare
2181 1478 2276 1510 bene·

1305 1525 1386 1555 ficiis
1421 1523 1583 1563 studeant,
1617 1522 1761 1564 adeoque
1795 1533 1872 1564 erga
1905 1533 2017 1555 omnes
2050 1521 2210 1553 beneficos
2243 1530 2278 1552 se

1305 1571 1486 1606 praestent:
1521 1576 1616 1607 saepe
1649 1571 1761 1598 tamen
1794 1566 1957 1597 immerito
1991 1575 2010 1596 a
2039 1564 2151 1596 multis
2178 1563 2278 1604 impe-

1305 1615 1429 1641 tuntur.
1475 1608 1552 1641 Ideo
1586 1609 1676 1641 addit
1710 1609 1839 1650 Petrus,
1873 1608 1914 1640 Si
1944 1612 2122 1649 propter
2153 1606 2278 1638 iusti-

1305 1654 1400 1684 tiam
1435 1653 1671 1692 patiamini,
1706 1656 1778 1684 etc.
1829 1652 1967 1683 Summa
2001 1655 2058 1689 est,
2092 1649 2204 1682 fideles
2237 1647 2278 1680 ad

1305 1696 1514 1736 tranquillum
1539 1695 1625 1727 vitae
1643 1700 1764 1726 statum
1788 1694 2000 1726 obtinendum
2017 1693 2090 1734 plus
2112 1691 2278 1724 beneficiis

1305 1739 1512 1780 profecturos,
1536 1748 1633 1778 quam
1659 1737 1813 1770 violentia
1836 1742 1869 1769 et
1884 1736 2063 1769 ulciscendi
2086 1735 2277 1776 promptitu-

1305 1782 1387 1813 dine.
1435 1781 1608 1813 Caeterum
1633 1780 1686 1812 ubi
1717 1780 1799 1812 nihil
1827 1779 1866 1812 ad
1891 1790 2001 1820 pacem
2025 1778 2276 1819 comparandam

1305 1825 1480 1863 omiserint,
1511 1824 1540 1856 si
1563 1825 1733 1865 contingat
1761 1824 1848 1864 ipsos
1871 1823 1947 1864 pati,
1977 1822 2038 1854 hoc
2068 1823 2137 1862 ipso
2167 1821 2278 1853 beatos

1305 1878 1384 1905 esse,
1409 1867 1484 1908 quia
1508 1867 1679 1907 patiuntur
1697 1871 1830 1907 propter
1852 1865 2023 1898 iustitiam.
2056 1864 2130 1896 Hoc
2145 1862 2277 1904 quidem

1306 1912 1464 1951 posterius
1494 1910 1677 1941 membrum
1705 1909 1801 1950 longe
1832 1919 1850 1940 a
1884 1908 1990 1940 carnis
2016 1912 2147 1939 nostrae
2181 1916 2278 1938 sensu

1307 1953 1455 1985 dissidet:
1480 1953 1535 1983 sed
1560 1962 1627 1983 non
1650 1957 1771 1984 temere
1794 1952 1839 1983 ita
1860 1951 2013 1984 Christus
2035 1948 2277 1991 pronuntiavit:

1306 2007 1365 2028 nec
1388 2003 1508 2027 temere
1532 1995 1653 2027 Petrus
1676 2006 1716 2027 ex
1738 2005 1793 2026 ore
1815 1994 1965 2035 magistri
1991 1994 2117 2025 recitat.
2162 1990 2279 2024 Aderit

1307 2039 1393 2071 enim
1418 2038 1548 2070 taudem
1574 2038 1663 2070 Deus
1687 2039 1849 2076 liberator,
1872 2048 1908 2069 ac
1931 2041 1999 2068 tum
2023 2036 2129 2077 palam
2152 2039 2276 2067 consta-

1308 2083 1353 2113 bit
1377 2082 1461 2122 quod
1486 2092 1572 2113 nunc
1588 2080 1774 2112 incredibile
1798 2080 1935 2118 videtur,
1959 2079 2069 2110 felices
2087 2078 2189 2109 fuisse
2212 2076 2277 2118 pio-

1307 2136 1376 2156 rum
1401 2125 1549 2156 miserias
1572 2124 1627 2164 qui
1649 2124 1811 2164 patienter
1827 2123 2061 2154 sustinuerunt.
2095 2120 2168 2152 Pati
2184 2128 2279 2160 prop-

1307 2174 1356 2199 ter
1378 2168 1543 2205 iustitiam,
1569 2177 1633 2197 non
1652 2166 1746 2197 modo
1769 2165 1930 2207 significat
1953 2164 2064 2196 damni
2082 2162 2202 2203 aliquid
2226 2160 2277 2192 vel

1308 2210 1500 2242 incommodi
1525 2213 1656 2250 propter
1673 2210 1775 2240 bonae
1791 2219 1906 2240 causae
1923 2206 2138 2248 patrocinium
2155 2204 2276 2237 subire:

1307 2254 1361 2285 sed
1396 2254 1515 2284 iniuste
1547 2253 1625 2293 pati,
1659 2252 1713 2283 ubi
1745 2251 1817 2292 quis
1851 2251 2042 2282 innocenter
2073 2247 2135 2280 sub
2163 2248 2279 2279 timore

1309 2296 1370 2328 Dei
1394 2301 1540 2327 versatus
1563 2296 1604 2326 sit
1625 2295 1712 2326 inter
1733 2294 1889 2325 homines.

1394 2340 1443 2371 14.
1479 2339 1634 2370 Timorem
1660 2347 1730 2369 vero
1757 2346 1871 2369 eorum.
1927 2335 2051 2367 Iterum
2086 2334 2208 2365 fontem
2242 2342 2280 2363 ac

1308 2392 1436 2413 causam
1471 2381 1690 2421 impatientiae
1724 2380 1892 2420 designat:
1927 2387 2044 2418 nempe
2074 2376 2158 2416 quod
2192 2375 2279 2423 ultra

1309 2425 1438 2456 modum
1474 2423 1660 2462 turbamur,
1700 2423 1775 2454 dum
1809 2422 1842 2453 in
1876 2431 1934 2453 nos
1966 2421 2145 2460 insurgunt
2177 2418 2277 2458 impii.

1309 2468 1396 2499 'Palis
1429 2468 1515 2499 enim
1544 2466 1760 2497 consternatio
1782 2465 1834 2497 vel
1864 2474 1923 2496 nos
1953 2463 2127 2498 exanimat,
2156 2461 2210 2493 vel
2240 2460 2279 2491 de

1309 2511 1410 2551 gradu
1434 2510 1550 2547 deiieit,
1582 2508 1632 2540 vel
1663 2509 1696 2539 in
1720 2507 1811 2539 nobis
1842 2506 1988 2539 accendit
2016 2506 2180 2538 vindictae
2211 2503 2279 2535 libi-

1310 2554 1426 2585 dinem.
1465 2553 1596 2584 Interea
1620 2562 1684 2582 non
1703 2551 1935 2592 acquiescimus
1958 2550 1993 2580 in
2016 2549 2078 2580 Dei
2103 2546 2278 2588 praesidio:

1310 2596 1370 2628 hoc
1404 2597 1507 2638 igitur
1537 2595 1576 2626 ad
1611 2594 1816 2626 turbulentos
1846 2593 2028 2624 animorum
2058 2596 2165 2622 motus
2195 2588 2279 2622 cohi-

1397 2691 1417 2724 ¹)
1437 2690 1504 2723 Cap.
1524 2690 1560 2715 22
1577 2688 1624 2722 fin.
1640 2695 1707 2721 pay.
1727 2687 1778 2713 351
1797 2686 1832 2729 D.
