2513 3126
115 176 175 208 261

115 275 235 307 bendos
257 276 414 316 optimum
448 276 511 308 erit
533 276 721 315 remedium,
751 277 777 309 si
809 276 996 308 immodicos
1019 279 1085 307 ter·

113 328 214 356 rores,
245 319 346 350 divini
377 319 490 351 auxilii
514 319 629 351 fiducia
660 320 840 352 vicerimus.
887 320 988 350 Porro
1020 327 1084 349 non

115 361 246 392 dubium
271 367 319 393 est
351 362 427 401 quin
452 362 595 393 alludere
619 362 735 394 Petrus
765 362 805 393 ad
835 362 939 394 locum
962 360 1085 392 Iesaiae

116 403 263 441 voluerit,
298 404 351 444 qui
380 404 516 436 habetur
543 415 613 445 cap.
640 405 669 437 8.
726 405 809 436 Nam
844 414 944 444 quum
974 402 1084 434 Iudaei

114 447 269 479 adversus
293 447 353 478 Dei
377 447 626 487 prohibitionem
656 448 797 488 profanis
827 446 939 477 mundi
969 445 1084 485 opibus

116 489 245 521 munire
273 500 308 522 se
337 495 541 530 appeterent,
575 490 769 531 prophetam
800 499 897 520 suum
932 488 1085 518 admonet

116 531 216 572 Deus,
254 543 293 564 ne
327 532 454 564 illorum
489 533 638 572 exemplo
673 531 820 571 trepidet.
877 530 1083 569 Quamquam

115 571 234 606 Petrus
257 576 379 607 timoris
403 585 518 607 nomen
546 575 674 607 videtur
696 574 730 604 in
754 573 919 604 diversum
952 582 1082 603 sensum

115 618 254 650 trahere.
304 617 436 650 Passive
467 618 552 649 enim
587 616 744 656 accipitur
774 625 792 645 a
826 615 995 655 propheta,
1030 615 1082 654 qui

114 660 270 700 populum
304 660 539 692 incredulitatis
572 659 642 690 ideo
676 662 822 697 accusat,
861 658 944 698 quod
984 667 1083 697 quum

114 703 237 734 auxilio
257 703 319 734 Dei
343 703 451 739 fretus,
476 701 599 732 fortiter
621 700 753 732 deberet
776 699 920 740 pericula
943 706 1082 732 contem-

114 756 202 783 nere,
232 750 319 776 metu
342 745 386 776 sic
414 748 592 784 prostratus
622 748 654 774 et
677 743 797 775 fractus
821 748 900 783 erat,
932 747 966 774 ut
989 743 1083 774 undi-

113 798 175 828 que
202 787 313 819 illicita
336 786 479 818 subsidia
501 791 686 818 accerseret.
726 786 827 826 Atqui
847 786 966 817 Petrus
990 785 1084 817 aliter

113 831 262 861 timorem
285 829 409 869 accipit,
442 839 558 869 nempe
592 839 650 869 pro
684 829 865 866 formidine,
899 839 995 869 quam
1025 839 1084 860 sua

112 872 265 905 violentia
288 875 320 903 et
351 871 542 903 truculentis
565 872 662 903 minis
692 872 783 912 impii
815 871 908 903 nobis
937 872 1084 903 incutere

111 915 224 947 solent.
269 914 358 955 Ergo
382 925 400 945 a
424 914 599 954 prophetae
622 925 718 946 sensu
742 914 880 946 recedit:
906 915 963 945 sed
986 915 1019 945 in
1048 925 1085 946 eo

111 957 192 989 nihil
215 961 264 989 est
287 956 430 990 absurdi.
476 957 589 997 Neque
612 959 698 989 enim
723 957 792 989 eius
815 957 989 988 consilium
1014 957 1085 997 fuit,

109 1009 275 1039 exponere
299 999 475 1041 prophetae
497 999 620 1031 locum:
656 1005 782 1032 tantum
805 1000 949 1032 indicare
972 999 1086 1038 voluit,

109 1041 192 1073 nihil
215 1042 254 1074 ad
279 1043 472 1083 patientiam
495 1053 565 1074 esse
589 1043 704 1083 aptius,
736 1054 832 1083 quam
857 1042 942 1083 quod
965 1042 1087 1074 Iesaias

109 1085 318 1126 praescribit:
351 1096 466 1126 nempe
494 1090 530 1117 ut
553 1085 625 1117 Deo
654 1087 837 1117 tribuamus
866 1096 960 1118 suum
986 1086 1087 1117 hono-

107 1138 187 1167 rem,
218 1134 285 1160 tota
308 1129 408 1160 animi
440 1128 556 1160 fiducia
586 1129 618 1160 in
651 1129 719 1161 eius
752 1129 930 1169 potentiam
962 1139 1088 1160 recum-

124 1171 245 1203 bentes.
279 1171 317 1204 Si
333 1172 405 1212 quis
428 1175 534 1203 tamen
551 1172 759 1213 interpretari
777 1171 868 1203 malit
883 1171 975 1202 Petri
991 1171 1092 1203 verba

109 1214 167 1246 Ne
190 1214 417 1246 timueritis
441 1224 579 1246 eorum
605 1216 817 1255 timorem,
841 1224 879 1246 ac
898 1215 924 1246 si
941 1213 1087 1255 dixisset,

111 1256 222 1288 Nolite
246 1256 516 1297 quemadmodum
540 1257 696 1296 infideles,
721 1258 770 1289 vel
788 1258 845 1289 filii
862 1257 958 1288 huius
974 1257 1088 1289 mundi

110 1299 223 1338 solent,
247 1310 473 1340 expavescere,
503 1301 578 1342 quia
611 1300 649 1332 de
683 1300 887 1341 providentia
910 1299 973 1331 Dei
1004 1300 1086 1331 nihil

990 179 1140 213 CAPUT
1163 178 1225 210 111.

111 1347 239 1374 tenent:
262 1353 327 1374 non
352 1342 445 1374 valde
468 1354 627 1384 repugno,
650 1354 712 1374 nisi
735 1343 822 1384 quod
845 1343 930 1384 (meo
953 1342 1085 1385 iudicio)

108 1389 221 1418 coacta
243 1386 402 1426 expositio
425 1385 518 1419 foret.
565 1386 632 1418 Nec
656 1396 734 1418 vero
758 1387 796 1418 de
818 1397 855 1418 ea
879 1396 913 1417 re
935 1385 1082 1417 laboram
1109 1400 1112 1433 Ι

111 1428 188 1459 dum
212 1433 268 1466 est,
292 1428 421 1469 quando
438 1429 491 1461 hic
507 1430 627 1461 Petrus
648 1429 777 1470 singula
793 1428 969 1470 prophetae
985 1429 1086 1461 verba

111 1472 319 1512 interpretari
343 1471 460 1503 noluit:
485 1472 541 1504 sed
558 1477 684 1504 tantum
708 1473 742 1503 in
758 1483 796 1503 ea
818 1477 908 1513 parte
925 1472 1084 1512 insistere,

111 1513 197 1555 quod
212 1514 374 1555 intrepide
390 1515 524 1547 stabunt
539 1515 659 1554 fideles,
683 1526 742 1546 nec
758 1515 824 1546 ulla
841 1515 1084 1555 perturbatione

112 1557 219 1589 ullove
250 1564 338 1589 metu
362 1568 380 1589 a
402 1564 489 1589 recta
519 1559 616 1590 officii
640 1558 688 1590 sui
719 1558 805 1590 linea
836 1558 994 1589 dimoveri
1025 1569 1084 1590 un-

111 1611 208 1640 quam
228 1605 391 1641 poterunt,
414 1601 440 1632 si
457 1601 633 1633 Dominum
651 1601 852 1633 exercituum
870 1601 1083 1633 sanctificent.

110 1643 214 1674 Porro
238 1643 318 1675 haec
340 1644 550 1676 sanctificatio
573 1644 613 1676 ad
637 1644 914 1676 circumstantiam
932 1654 1084 1685 praesen-

111 1685 154 1717 tis
176 1695 292 1717 causae
316 1687 470 1728 restringi
493 1687 597 1719 debet.
642 1687 737 1719 Unde
765 1688 850 1719 enim
875 1688 911 1718 fit
937 1692 974 1718 ut
996 1691 1084 1719 metu

111 1729 298 1767 obruamur,
328 1731 360 1760 et
382 1735 533 1770 putemus
562 1741 618 1762 nos
641 1740 711 1762 esse
741 1731 894 1771 perditos,
927 1729 1004 1761 dum
1028 1731 1083 1762 ali-

112 1771 189 1811 quid
212 1771 345 1812 periculi
367 1772 542 1814 impendet,
573 1773 634 1804 nisi
657 1774 732 1813 quia
755 1773 828 1813 plus
856 1774 1019 1813 potentiae
1043 1773 1083 1805 ad

112 1814 293 1846 nocendum
318 1815 439 1847 homini
463 1816 592 1847 mortali
615 1816 798 1855 deferimus,
828 1826 921 1856 quam
947 1816 1016 1848 Deo
1043 1816 1083 1848 ad

112 1857 333 1888 servandum?
375 1858 498 1890 Salutis
523 1864 652 1890 nostrae
676 1859 844 1891 custodem
868 1870 901 1891 se
924 1859 991 1890 fore
1014 1870 1084 1900 pro-

112 1900 216 1931 mittit
241 1900 348 1932 Deus:
377 1912 448 1933 eam
478 1907 590 1934 contra
621 1907 767 1934 evertere
794 1902 883 1942 impii
914 1908 1083 1934 conantur.

111 1942 184 1974 Nisi
207 1952 266 1974 nos
294 1948 452 1976 sustentet
474 1944 536 1976 Dei
567 1945 746 1985 promissio,
775 1955 883 1976 annon
916 1955 988 1976 eum
1013 1945 1083 1977 affi-

109 1985 213 2017 cimus
235 1986 351 2018 iniuria
380 1992 411 2019 et
434 1988 670 2028 quodammodo
702 1989 938 2027 profanamus?
980 1987 1084 2020 Docet

110 2028 212 2068 igitur
234 2029 401 2069 propheta,
432 2030 606 2062 honorifice
628 2031 833 2063 sentiendum
858 2041 928 2062 esse
952 2030 991 2062 de
1015 2031 1082 2062 Do-

110 2071 199 2102 mino
214 2073 427 2112 exercituum,
450 2073 533 2113 quod
550 2079 711 2115 utcunque
727 2075 836 2105 omnia
851 2073 1083 2105 machinentur

109 2113 203 2154 impii
232 2114 272 2146 ad
303 2124 362 2147 nos
392 2116 582 2156 perdendoS‚
615 2124 646 2148 et
675 2118 800 2158 magnis
831 2116 928 2148 etiam
960 2117 1083 2149 viribus

109 2157 261 2189 instructi
292 2158 367 2198 sint,
399 2159 467 2199 ipse
494 2170 578 2191 unus
601 2159 641 2191 ad
669 2159 807 2192 salutem
839 2165 981 2191 nostram
1005 2161 1082 2192 satis

109 2208 270 2240 superque
293 2201 335 2232 sit
357 2206 479 2242 potens.
523 2201 600 2233 Ideo
623 2201 712 2234 addit
735 2203 862 2242 Petrus,
884 2203 924 2234 in
948 2203 1082 2235 cordi-

110 2241 184 2274 bus
208 2244 374 2276 vestris.
420 2244 504 2275 Nam
533 2245 560 2275 si
583 2246 712 2285 penitus
740 2246 857 2278 animis
885 2247 1003 2277 nostris
1033 2247 1082 2277 in-

110 2284 214 2317 sideat
244 2286 324 2318 haec
355 2287 529 2327 persuasio,
555 2298 646 2327 opem
675 2298 695 2319 a
718 2289 856 2320 Domino
889 2289 1080 2330 promissam

109 2327 203 2359 nobis
227 2329 386 2368 sufficere,
408 2330 528 2370 optime
550 2330 590 2361 ad
614 2330 816 2371 repellendos
839 2342 950 2364 omnes
965 2332 1080 2364 infide-

109 2368 211 2403 litatis
235 2377 339 2404 metus
363 2373 484 2404 erimus
507 2373 633 2405 muniti.

199 2498 314 2532 Parati
335 2503 437 2533 autem
455 2501 526 2533 sitis
544 2510 664 2542 semper
679 2502 721 2534 ad
735 2503 964 2543 responsionem
978 2505 1080 2537 cuivis

104 2543 242 2581 poscenti
264 2553 284 2575 a
307 2543 390 2575 vobis
412 2545 563 2576 rationem
586 2546 663 2584 eius,
686 2547 813 2585 quaein
828 2546 913 2578 vobis
927 2550 979 2585 est,
1002 2548 1078 2588 spei,

111 2585 161 2616 16.
184 2595 251 2617 cum
273 2587 509 2619 mansuetudine
525 2589 553 2619 et
567 2588 682 2627 timore,
703 2590 920 2621 conscientiam
935 2589 1080 2622 habentes

107 2627 236 2660 bonam:
258 2631 292 2660 ut
314 2629 348 2660 in
371 2639 429 2669 quo
451 2629 535 2662 vobis
556 2629 727 2668 obtrectant,
750 2633 899 2673 tanquam
921 2633 1078 2673 maleficis,

2055 176 2118 208 262

1135 274 1310 314 pudefiant,
1342 273 1417 304 dum
1445 273 1600 313 infamant
1629 271 1738 303 bonam
1768 274 1901 304 vestram
1930 273 1964 303 in
1993 272 2114 305 Christo

1138 317 1405 349 conversationem.

1223 401 1366 433 Tametsi
1389 401 1468 433 haec
1485 410 1569 432 nova
1588 401 1769 440 praeceptio
1785 404 1843 438 est,
1868 400 1987 440 pendet
2003 405 2110 433 tamen

1138 454 1178 476 ex
1209 443 1436 484 superioribus.
1483 443 1566 474 Nam
1597 443 1698 483 exigit
1725 452 1744 473 a
1768 442 1916 475 fidelibus
1944 454 2015 475 eam
2039 455 2113 476 con-

1138 488 1305 525 stantiam,
1341 491 1376 517 ut
1406 486 1602 518 adversariis
1633 485 1793 525 intrepide
1826 486 2042 526 respondeant
2074 487 2112 518 de

1138 528 1200 560 fide
1226 539 1293 560 sua.
1338 529 1429 560 Haec
1452 535 1556 559 autem
1586 539 1660 569 pars
1683 534 1732 559 est
1755 529 1825 559 eius
1849 530 2113 561 sanctificationis

1110 576 1112 586 ¹
1137 572 1228 602 cuius
1252 582 1354 612 nuper
1373 572 1536 602 meminit:
1562 572 1637 612 quia
1652 575 1731 602 tunc
1748 581 1825 602 vere
1843 582 1936 602 suum
1954 572 2111 604 honorem

1137 613 1328 646 exhibemus
1347 615 1423 650 Deo.
1448 624 1547 654 quum
1571 625 1630 646 nec
1653 619 1758 645 metus
1782 624 1839 645 nec
1862 615 1966 653 pudor
1989 626 2007 646 a
2024 621 2112 647 recta

1137 656 1212 688 fidei
1237 657 1433 696 professione
1457 668 1514 688 nos
1545 657 1690 697 impedit.
1736 656 1909 689 Caeterum
1935 667 1998 687 non
2022 668 2111 697 prae-

1137 699 1202 731 cise
1236 698 1324 730 iubet
1355 699 1472 731 Petrus
1507 704 1542 730 ut
1575 700 1693 740 ubique
1726 705 1758 731 et
1787 710 1930 740 semper,
1968 706 1998 730 et
2027 701 2112 740 apud

1136 752 1248 773 omnes
1271 742 1452 782 promiscue
1475 752 1657 774 asseramus
1680 753 1717 774 ac
1737 741 1937 781 publicemus
1956 742 2113 782 quidquid

1138 784 1229 816 nobis
1259 795 1277 815 a
1301 783 1442 815 Domino
1473 784 1583 816 datum
1614 791 1672 816 est.
1718 785 1801 816 Nam
1833 785 1868 816 in
1898 785 1984 816 hunc
2016 786 2113 817 finem

1138 827 1300 859 Dominus
1329 837 1404 858 suos
1427 827 1543 866 spiritu
1568 827 1771 859 discretionis
1795 828 1938 866 instruit,
1971 830 2007 859 ut
2030 828 2111 859 iudi-

1138 875 1210 902 cent
1241 869 1379 910 quando,
1410 874 1442 900 et
1473 879 1647 910 quousque,
1676 875 1708 901 et
1731 870 1817 911 apud
1842 881 1923 911 quos
1946 870 2035 911 loqui
2058 881 2114 902 ex-

1139 913 1256 954 pediat.
1292 913 1434 943 Tantum
1458 912 1546 943 iubet
1568 918 1697 952 paratos
1716 924 1784 945 esse
1801 913 1841 945 ad
1859 914 2113 953 responsionem,

1111 955 1113 960 '
1141 967 1180 987 ne
1214 966 1272 987 sua
1305 954 1451 987 socordia
1480 954 1531 986 vel
1573 956 1691 996 ignavo
1721 957 1827 988 carnis
1859 962 1948 987 metu
1989 956 2114 989 Christi

1141 999 1319 1030 doctrinam
1360 998 1533 1038 impiorum
1579 997 1725 1029 ludibriis
1769 999 1894 1030 silendo
1939 1004 2113 1040 exponant.

1141 1042 1279 1074 Summa
1307 1051 1384 1082 ergo
1413 1041 1475 1072 huc
1505 1040 1618 1081 tendit,
1650 1040 1766 1072 debere
1791 1041 1881 1072 nobis
1904 1043 1937 1073 in
1962 1047 2113 1083 promptu

1141 1095 1211 1117 esse
1234 1083 1308 1116 fidei
1331 1083 1576 1121 confessionem,
1607 1085 1646 1114 ut
1667 1093 1738 1114 eam
1764 1084 1964 1124 proferamus
1987 1087 2114 1126 quoties

1141 1138 1221 1168 opus
1244 1132 1303 1166 est,
1327 1138 1367 1158 ne
1390 1125 1549 1158 increduli
1572 1136 1613 1157 ex
1636 1132 1746 1157 nostro
1769 1126 1896 1158 silentio
1920 1132 2020 1159 totam
2040 1128 2113 1160 reli-

1141 1172 1268 1212 gionem
1291 1180 1387 1210 quam
1411 1169 1579 1209 sequimur
1602 1168 1766 1200 damnent.
1812 1169 1914 1202 Porro
1938 1171 2115 1203 notandum

1142 1218 1199 1251 est,
1223 1213 1360 1245 Petrum
1384 1212 1435 1244 hic
1458 1222 1525 1243 non
1547 1211 1702 1244 mandare
1726 1214 1770 1251 ut,
1802 1221 1995 1254 quacunque
2016 1214 2055 1245 de
2077 1225 2112 1246 re

1141 1257 1266 1297 agitata
1296 1256 1394 1287 fuerit
1423 1255 1582 1296 quaestio,
1618 1255 1722 1295 parati
1752 1254 1793 1286 ad
1823 1266 1894 1287 eam
1925 1256 2112 1289 solvendam

1140 1300 1253 1331 simus.
1298 1299 1413 1339 Neque
1442 1299 1528 1329 enim
1555 1298 1700 1329 omnium
1732 1300 1781 1329 est
1812 1298 1850 1330 de
1880 1300 1996 1339 quovis
2018 1309 2111 1341 argu-

1140 1347 1250 1374 mento
1274 1341 1440 1373 disserere.
1475 1341 1577 1382 Atqui
1601 1341 1680 1373 haec
1703 1342 1866 1382 generalis
1889 1347 1938 1373 est
1957 1342 2112 1381 doctrina,

1139 1395 1221 1425 quae
1245 1385 1284 1416 ad
1308 1384 1405 1417 rudes
1428 1388 1459 1416 et
1482 1384 1598 1416 idiotas
1628 1385 1777 1425 pertinet.
1825 1384 1913 1425 Ergo
1937 1395 2000 1416 non
2024 1385 2111 1416 aliud

1138 1428 1199 1460 sibi
1230 1428 1299 1460 vult
1323 1428 1453 1468 Petrus,
1483 1427 1548 1458 nisi
1579 1431 1615 1459 ut
1645 1426 1831 1459 infidelibus
1862 1427 1969 1468 palam
1993 1427 2112 1459 faciant

1138 1471 1331 1509 Christiani,
1355 1481 1388 1502 se
1409 1470 1517 1502 Deum
1541 1481 1621 1511 pure
1645 1470 1760 1508 colere,
1788 1475 1819 1502 et
1841 1470 2031 1511 religionem
2054 1470 2111 1502 ha-

1138 1514 1213 1546 bere
1246 1519 1392 1546 sanctam
1426 1523 1462 1546 ac
1497 1518 1628 1545 rectam.
1683 1515 1789 1554 Atque
1823 1513 1857 1545 in
1886 1524 1924 1546 eo
1954 1513 2034 1545 nihil
2064 1519 2112 1546 est

1138 1557 1349 1589 difficultatis.
1388 1556 1483 1588 Esset
1506 1556 1594 1588 enim
1618 1556 1713 1588 nimis
1736 1556 1923 1597 absurdum,
1947 1566 2047 1597 quum
2071 1557 2111 1589 de

1137 1600 1200 1632 fide
1224 1605 1335 1632 nostra
1358 1600 1518 1641 quispiam
1543 1600 1690 1640 inquirit,
1716 1599 1799 1631 nihil
1822 1610 1880 1632 nos
1903 1600 2048 1641 proferre
2070 1600 2110 1632 ad

1137 1643 1205 1675 eius
1235 1643 1468 1675 defensionem.
1514 1643 1632 1675 Danda
1662 1642 1749 1675 enim
1781 1653 1909 1684 semper
1938 1653 2036 1684 opera
2062 1646 2111 1676 est

1138 1691 1173 1718 ut
1203 1696 1314 1718 omnes
1344 1690 1522 1727 agnoscant
1553 1696 1612 1718 nos
1636 1686 1744 1717 Deum
1776 1687 1899 1727 timere,
1929 1687 2045 1728 pieque
2075 1697 2112 1719 ac

1137 1734 1325 1762 reverenter
1362 1730 1482 1761 sentire
1520 1729 1559 1760 de
1596 1729 1742 1771 legitimo
1781 1730 1849 1761 eius
1886 1729 1984 1761 cultu.
2038 1730 2110 1763 Hoc

1137 1773 1235 1804 etiam
1266 1772 1416 1813 exigebat
1446 1772 1602 1813 temporis
1633 1773 1724 1804 ratio.
1771 1772 1932 1813 Perquam
1963 1772 2109 1804 odiosum

1137 1821 1169 1847 et
1194 1815 1313 1847 infame
1336 1820 1406 1848 erat
1428 1815 1644 1848 christianum
1669 1826 1803 1848 nomen:
1834 1815 1929 1847 multi
1952 1815 2110 1848 nefariam

1137 1858 1312 1899 multisque
1335 1858 1511 1900 sacrilegiis
1535 1859 1688 1891 refertam
1709 1869 1778 1890 esse
1794 1863 1914 1890 sectam
1938 1859 2108 1898 putabant.

1137 1901 1275 1934 Summa
1305 1902 1405 1942 igitur
1435 1902 1468 1932 in
1494 1901 1600 1933 Deum
1631 1902 1765 1942 perfidia
1791 1901 1918 1938 fuisset,
1948 1901 1973 1932 si
2005 1902 2111 1943 rogati

1138 1945 1358 1985 neglexissent
1374 1944 1501 1985 pietatis
1513 1955 1591 1977 suae
1607 1945 1826 1976 testimonium
1843 1943 1987 1976 reddere.
2010 1944 2110 1986 quue

1137 1988 1223 2029 (meo
1246 1987 1377 2029 iudicio)
1400 1987 1564 2029 significat
1587 1988 1752 2029 apologiae
1772 1997 1888 2018 nomen
1907 1997 1971 2027 quo
1988 1987 2109 2020 Petrus

1137 2032 1256 2062 utitur:
1288 2041 1404 2072 nempe
1432 2035 1468 2062 ut
1491 2030 1669 2063 Christiani
1699 2035 1853 2062 testatum
1878 2029 2001 2062 mundo
2024 2031 2108 2063 face-

1136 2078 1219 2115 rent,
1242 2085 1276 2105 se
1299 2073 1411 2115 procul
1427 2074 1466 2105 ab
1491 2074 1578 2106 omni
1599 2075 1772 2114 impietate,
1796 2083 1953 2114 veraeque
1981 2074 2110 2114 pietatis

1136 2117 1320 2157 corruptela
1354 2117 1481 2149 abesse:
1516 2127 1580 2158 quo
1614 2118 1743 2149 nomine
1774 2116 1935 2157 imperitis
1966 2117 2108 2157 suspecti

1136 2165 1239 2192 erant.
1278 2160 1383 2200 Spes
1406 2159 1458 2192 hic
1481 2170 1540 2201 per
1562 2160 1788 2202 synecdochen
1812 2169 1870 2199 pro
1889 2158 1952 2191 fide
1971 2160 2107 2200 capitur.

1135 2203 1248 2243 Neque
1282 2207 1392 2234 tamen
1426 2202 1475 2244 (ut
1506 2203 1627 2236 dictum
1660 2203 1720 2244 est)
1755 2203 1889 2243 requirit
1920 2203 2038 2234 Petrus
2072 2206 2109 2234 ut

1135 2246 1287 2278 distincte
1316 2250 1349 2277 et
1379 2245 1542 2278 subtiliter
1569 2247 1675 2278 sciant
1704 2247 1742 2277 de
1770 2245 1908 2287 singulis
1931 2245 2009 2277 fidei
2032 2246 2109 2277 arti-

1134 2289 1214 2321 culis
1238 2289 1418 2329 disputare:
1449 2289 1505 2321 sed
1532 2294 1662 2321 tantum
1693 2293 1729 2320 ut
1752 2288 1928 2320 ostendant
1951 2288 2049 2320 fidem
2073 2289 2108 2320 in

1134 2332 1303 2364 Christum
1336 2342 1431 2364 verae
1461 2333 1572 2372 pietati
1603 2342 1672 2364 esse
1701 2336 1963 2363 consentaneam.
2018 2331 2107 2365 Hinc

1135 2385 1210 2407 vero
1248 2374 1443 2416 colligimus,
1482 2385 1652 2416 perperam
1676 2374 1942 2407 Christianorum
1977 2375 2106 2407 nomine

1133 2428 1246 2450 omnes
1277 2417 1376 2455 abuti,
1405 2418 1459 2458 qui
1488 2418 1568 2449 nihil
1592 2418 1670 2450 certi
1695 2422 1817 2456 tenent,
1849 2428 1908 2449 nec
1931 2417 2106 2458 quidquam

1134 2461 1254 2492 habent
1277 2460 1361 2502 quod
1384 2461 1602 2501 respondeant
1625 2461 1663 2492 de
1686 2460 1749 2492 fide
1772 2470 1840 2492 sua.
1886 2459 1952 2492 Sed
1976 2471 2107 2493 rursum

1133 2503 1271 2545 expendi
1301 2502 1413 2535 sedulo
1444 2503 1538 2535 debet
1569 2503 1654 2544 quod
1684 2503 1775 2542 dicit,
1810 2503 1899 2535 eius
1931 2513 2033 2544 quae
2064 2504 2107 2535 in

1133 2547 1251 2579 vobis
1288 2551 1351 2578 est
1388 2546 1485 2586 spei.
1542 2546 1714 2587 Significat
1747 2546 1834 2578 enim
1869 2556 1942 2577 eam
1975 2546 2105 2578 demum

1132 2589 1367 2623 confessionem
1398 2589 1527 2629 probari
1557 2589 1641 2628 Deo,
1673 2599 1755 2630 quae
1783 2600 1824 2621 ex
1851 2589 1947 2622 corde
1976 2593 2105 2622 manat:

1132 2634 1207 2674 quia
1230 2632 1291 2665 nisi
1315 2634 1403 2664 intus
1426 2632 1565 2664 resideat
1584 2632 1672 2672 fides,
1696 2632 1819 2665 frustra
1834 2632 1958 2674 garriet
1980 2633 2106 2674 lingua:

1847 2691 1894 2717 17⁸
