2513 3126
133 198 196 230 425

137 296 224 327 enim
248 295 357 327 omnia
380 305 416 326 eo
439 295 600 333 dicuntur,
623 295 660 324 ut
681 292 821 324 sciamus
845 291 973 322 modum
998 291 1030 322 in
1055 291 1107 322 de-

138 339 218 370 litiis
241 339 417 370 tenendum
443 348 522 378 esse,
545 347 580 368 ac
604 335 771 375 displicere
793 334 864 365 Deo
887 335 1108 374 intemperan-

137 381 225 412 tiam.
272 381 502 412 Enutrire
532 377 685 415 corda,
722 377 883 417 significat
913 378 972 408 sibi
1003 377 1108 408 indul-

137 434 224 465 gere,
248 434 312 455 non
336 423 429 454 modo
454 423 493 454 ad
510 425 646 453 naturae
662 420 853 457 satietatem,
878 420 933 451 sed
951 424 1108 460 quantum

137 468 199 498 fert
235 466 404 507 cupiditas.
464 464 565 496 Addit
602 462 862 503 similitudinem,
901 463 966 494 sic
980 473 1000 493 u
1014 467 1027 493 t
1065 462 1108 492 in

139 509 210 540 die
242 519 273 540 m
287 506 570 545 actationis,
600 506 673 545 quia
704 504 852 537 solebant
882 506 915 536 in
943 505 1108 536 sacrificiis

138 552 325 584 solennibus
364 549 528 581 liberalius
566 550 652 580 vesci
692 558 787 588 quam
830 558 887 588 pro
924 547 1109 588 quotidiano

137 605 237 626 more.
279 593 368 625 Dicit
390 602 466 632 ergo
489 591 605 622 divites
629 594 697 622 tota
722 591 789 622 vita
812 591 1000 622 continuare
1023 590 1107 621 diem

137 637 276 669 festum:
300 636 374 676 quia
396 635 429 665 in
453 634 615 666 continuis
631 633 852 673 voluptatibus
876 634 943 665 sint
959 632 1108 664 demersi.

224 697 253 728 6.
287 694 528 727 Condemnastis.

139 739 275 780 species:
302 737 385 776 quod
409 736 526 768 divites
549 747 607 768 sua
630 736 774 776 potentia
797 738 988 776 opprimunt
1011 739 1107 775 atque

139 786 288 814 evertunt
310 780 466 811 infirmos.
504 778 730 819 Metaphorice
753 778 838 817 dicit,
862 780 964 811 iustos
986 777 1107 809 abillis

137 823 236 856 occidi
263 827 294 853 et
323 821 489 853 damnari:
522 833 597 853 nam
628 824 793 861 utcunque
822 832 921 853 manu
953 831 1011 852 sua
1042 831 1106 851 non

137 866 297 907 iugulent,
338 875 397 896 nec
440 865 620 905 fungantur
657 864 801 896 iudicum
839 873 989 896 munere:
1032 863 1106 894 dum

136 912 244 940 tamen
261 907 475 945 autoritatem,
494 918 557 948 qua
573 907 704 947 pollent,
724 912 919 939 convertunt
936 906 976 938 ad
993 916 1106 938 nocen-

136 952 224 990 dum,
257 950 334 981 dum
364 956 577 991 corrumpunt
610 950 739 987 iudicia,
772 950 849 981 dum
880 950 987 981 varias
1020 954 1107 980 artes

136 992 321 1033 excogitant
351 993 391 1024 ad
421 992 602 1033 perdendos
625 993 825 1032 innocentes,
856 993 915 1024 hoc
940 998 999 1032 est,
1030 1002 1107 1023 vere

136 1035 279 1068 occidere
302 1045 338 1066 ac
361 1035 523 1067 damnare.
562 1035 672 1075 Quum
694 1035 792 1074 addit,
815 1035 831 1066 Ι
846 1047 866 1067 u
879 1047 893 1067 s
906 1041 918 1066 t
932 1046 951 1066 u
964 1046 996 1066 m
1021 1047 1040 1066 n
1054 1046 1072 1065 o
1086 1046 1105 1065 n

135 1090 152 1110 r
164 1089 181 1110 e
193 1089 208 1110 s
220 1079 231 1109 i
243 1090 258 1110 s
271 1083 284 1109 t
296 1089 312 1110 e
325 1089 341 1109 r
354 1089 386 1116 e,
410 1079 571 1120 significat
588 1089 732 1110 crescere
752 1078 906 1110 divitibus
922 1078 1104 1110 audaciam:

136 1122 212 1161 quia
241 1122 328 1152 omni
355 1121 515 1161 praesidio
539 1121 756 1153 destituantur
780 1132 859 1162 quos
883 1125 1105 1162 praevertunt.

136 1165 268 1196 Interea
297 1169 404 1196 tamen
435 1164 587 1195 admonet
618 1175 655 1195 eo
677 1165 781 1206 magis
805 1169 950 1204 paratam
974 1173 1104 1204 promp-

136 1213 268 1247 tamque
291 1207 358 1238 fore
377 1207 550 1238 vindictam
568 1207 640 1247 Dei,
664 1217 763 1247 quum
787 1207 878 1238 nulla
901 1211 949 1238 est
973 1206 1104 1246 pauperi

137 1249 177 1281 ab
211 1250 395 1281 hominibus
425 1249 578 1282 defensio,
628 1250 772 1281 Tametsi
802 1254 911 1281 autem
940 1249 1011 1281 ideo
1040 1259 1104 1280 non

137 1293 260 1324 resistit
288 1293 402 1331 iustus,
434 1293 510 1333 quia
541 1293 701 1332 patienter
725 1294 808 1324 ferre
832 1293 926 1324 debet
949 1292 1104 1323 iniurias:

137 1345 196 1376 ego
225 1337 333 1367 tamen
364 1335 460 1367 simul
484 1335 736 1367 imbecillitatem
767 1336 873 1367 notari
896 1340 989 1376 puto:
1021 1335 1105 1375 quod

136 1378 259 1410 scilicet
289 1388 354 1409 non
382 1379 522 1416 resistat,
553 1379 627 1419 quia
658 1379 791 1410 inermis
821 1384 871 1410 est
900 1389 936 1410 ac
959 1377 1105 1410 desertus

136 1421 305 1453 hominum
328 1420 457 1453 auxilio.

579 693 736 733 Sequitur
769 693 833 725 alia
861 692 1108 725 inhumanitatis

223 1520 252 1552 7.
283 1519 441 1552 Patienter
462 1530 533 1562 erqo
554 1521 643 1561 ayite,
665 1521 790 1561 fratres,
817 1530 914 1560 usque
935 1521 969 1551 in
990 1520 1104 1551 adven-

136 1565 201 1594 tum
216 1562 355 1594 Domini.
380 1563 458 1595 Ecce
472 1564 610 1604 ayricola
625 1565 775 1603 exspectat
784 1563 955 1602 pretiosum
969 1563 1106 1603 fructum

137 1609 249 1644 terrae,
271 1606 426 1645 patienter
453 1616 484 1637 se
507 1617 616 1647 yerens
643 1617 716 1647 crya
743 1616 825 1645 eum,
855 1606 947 1638 donec
976 1606 1108 1645 recipiat

131 1649 277 1688 pluviam
299 1650 487 1680 matutinam
508 1652 535 1681 et
556 1650 770 1689 vespertinam.
808 1649 836 1681 8.
856 1648 1014 1680 Patienter
1035 1658 1106 1689 erqo

136 1691 218 1732 ayite
239 1694 265 1722 et
287 1701 355 1722 vos:
375 1692 554 1731 confirmate
575 1693 669 1724 corda
690 1695 802 1732 vestra,
825 1692 973 1731 quoniam
995 1692 1108 1723 adven-

138 1737 188 1766 tus
208 1733 342 1766 Domini
364 1736 566 1775 propinquus
592 1738 644 1767 est.
690 1735 718 1767 9.
744 1735 793 1766 Ne
819 1735 1028 1775 ingemiscatis
1050 1735 1109 1766 alii

138 1778 172 1808 in
201 1777 288 1860 aflios,
317 1778 442 1817 fratrae,
472 1788 509 1809 ne
531 1779 783 1810 condemnemini.
829 1777 907 1810 Ecce
930 1778 1023 1810 iudex
1045 1780 1109 1809 stat

134 1829 194 1859 pro
230 1820 347 1851 oribus.

226 1918 255 1950 7.
290 1918 447 1951 Patienter
479 1930 559 1961 erqo.
615 1920 668 1951 Ex
703 1920 763 1951 hac
797 1920 941 1951 illatione
974 1924 1108 1958 constat,

140 1971 222 2001 quae
252 1961 409 1994 hactenus
439 1962 522 1994 dicta
553 1968 631 1994 sunt
662 1963 695 1994 in
726 1963 852 2003 divites,
883 1963 1045 2003 pertinere
1068 1963 1108 1994 ad

140 2014 251 2035 eorum
275 2005 523 2037 consolationem
549 2007 603 2046 qui
627 2006 666 2037 ad
691 2009 819 2046 tempus
842 2007 975 2046 impune
998 2005 1109 2037 viden-

140 2052 193 2078 tur
222 2057 333 2078 eorum
363 2048 489 2080 iniuriis
520 2049 666 2090 expositi.
712 2049 889 2089 Postquam
914 2049 1000 2079 enim
1024 2048 1108 2080 cala-

140 2090 300 2130 mitatum,
324 2100 404 2129 quae
427 2090 581 2123 divitibus
599 2092 779 2129 imminent,
803 2101 917 2123 causas
936 2092 1108 2131 recensuit,

139 2138 172 2164 et
201 2143 299 2164 unam
323 2131 406 2164 hanc
435 2134 541 2173 posuit
570 2135 655 2165 inter
685 2135 773 2174 alias,
803 2134 887 2175 quod
917 2133 1054 2174 superbe
1077 2140 1109 2166 et

139 2175 312 2208 crudeliter
336 2176 492 2207 dominati
515 2177 580 2208 sint
602 2178 634 2208 in
655 2187 822 2217 pauperes,
846 2177 993 2217 protinus
1011 2177 1109 2209 subii-

140 2219 191 2258 cit,
224 2229 282 2250 nos
316 2219 371 2259 qui
404 2219 523 2251 iniuste
556 2219 747 2260 affligimur,
781 2219 901 2251 habere
935 2220 1109 2259 patientiae

141 2261 320 2300 materiam,
350 2262 404 2302 qui
435 2262 524 2294 Deus
552 2262 682 2294 futurus
705 2263 747 2294 sit
770 2262 876 2294 iudex.
922 2262 995 2293 Hoc
1022 2263 1108 2294 enim

141 2304 202 2336 sibi
231 2304 310 2342 vult,
341 2315 441 2345 quum
472 2305 559 2345 dicit,
592 2304 745 2345 Usque
778 2305 822 2336 in
856 2304 1110 2337 adventum

142 2346 345 2379 Domini:
370 2358 433 2379 non
457 2348 524 2379 fore
548 2348 669 2380 scilicet
692 2352 881 2388 perpetuam
906 2358 1014 2379 rerum
1037 2358 1110 2379 con-

142 2390 300 2421 fusionem
329 2401 410 2430 quae
441 2390 536 2422 hodie
559 2391 593 2422 in
616 2391 737 2422 mundo
761 2391 915 2429 cernitur,
943 2392 1019 2432 quia
1044 2391 1110 2422 Do-

142 2433 249 2464 minus
271 2432 412 2465 adventu
435 2444 493 2465 suo
515 2433 673 2465 mundum
689 2434 723 2464 in
740 2433 885 2464 ordinem
902 2438 1111 2466 revocaturus

144 2476 203 2506 sit:
237 2475 369 2516 ideoque
400 2477 525 2508 animos
557 2478 591 2507 in
625 2477 743 2508 bonam
777 2487 867 2517 spem
901 2476 1110 2517 colligendos.

143 2517 255 2558 Neque
278 2519 364 2549 enim
388 2519 445 2550 abs
468 2530 503 2551 re
526 2519 619 2551 nobis
643 2519 844 2560 promittitur
860 2518 916 2550 illo
932 2519 983 2550 die
999 2529 1108 2551 rerum

144 2560 288 2592 omnium
328 2561 525 2594 instauratio.
585 2563 729 2594 Tametsi
770 2567 878 2594 autem
918 2563 1040 2603 passim
1078 2563 1111 2594 in

144 2603 313 2643 scripturis
338 2603 406 2635 dies
429 2603 562 2636 Domini
593 2611 730 2637 vocatur
752 2605 912 2646 quaelibet
946 2605 1057 2637 iudicii
1081 2610 1112 2636 et

144 2646 269 2687 gratiae
297 2645 366 2677 eius
396 2646 623 2685 manifestatio,
654 2658 754 2688 quum
785 2648 851 2680 suis
881 2648 1048 2686 succurrit,
1079 2652 1112 2680 et

1039 193 1190 227 CAPUT
1212 193 1252 225 V.

2067 194 2129 225 426

1162 291 1277 331 impios
1308 291 1461 331 castigat:
1498 290 1583 321 hunc
1618 295 1723 322 tamen
1759 291 1863 322 locum
1898 290 1937 322 de
1972 295 2130 330 postrema

1162 334 1352 365 liberatione
1375 333 1584 372 interpretari
1608 334 1700 364 malo.

1247 376 1325 408 Ecce
1354 375 1499 416 ayrieola.
1546 375 1691 406 Eandem
1721 377 1965 409 similitudinem
1990 377 2131 408 breviter

1162 419 1293 459 attingit
1324 419 1446 450 Paulus
1476 419 1508 448 in
1539 418 1680 449 secunda
1711 419 1749 449 ad
1780 419 1920 451 Timoth.
1948 429 2016 459 cap.
2040 418 2069 454 2,
2099 419 2128 450 6.

1161 471 1262 501 quum
1287 462 1375 499 dicit,
1398 461 1544 492 laborare
1563 460 1735 501 agricolam
1762 469 1919 500 oportere,
1945 463 2130 501 priusquam

1162 505 1284 535 fructus
1318 503 1465 544 colligat:
1500 502 1555 534 sed
1590 503 1772 542 expressior
1805 511 1852 535 est
1881 504 1988 536 Iacobi
2019 505 2129 535 oratio.

1163 547 1359 577 Diuturnam
1383 546 1470 577 enim
1494 546 1653 586 agricolae
1677 547 1865 585 patientiam
1885 552 2130 578 commemorat:

1162 590 1216 629 qui
1247 594 1419 629 postquam
1452 599 1560 620 semen
1594 594 1700 620 terrae
1731 590 1907 629 mandavit,
1938 600 2049 621 secure
2080 589 2131 621 vel

1161 632 1274 663 saltem
1305 632 1466 672 patienter
1494 636 1678 671 exspectat,
1713 632 1791 663 dum
1821 632 1973 663 adveniat
2005 638 2131 672 tempus

1162 675 1293 705 messis:
1328 685 1387 706 nec
1422 674 1555 705 moleste
1591 675 1652 705 fert
1685 675 1768 714 quod
1803 685 1867 706 non
1902 676 2010 705 statim
2046 680 2133 706 terra

1163 722 1325 747 maturum
1350 717 1488 748 fructum
1509 717 1630 748 reddat.
1669 717 1763 749 Unde
1779 718 1911 758 colligit,
1934 727 1999 748 non
2017 717 2132 748 debere

1162 770 1219 790 nos
1250 760 1336 790 ultra
1358 759 1487 790 modum
1511 760 1627 790 anxios
1651 770 1731 798 esse,
1759 761 1786 791 si
1811 771 1896 792 nunc
1919 760 2129 791 laborandum

1161 803 1203 833 sit-
1226 812 1262 833 ac
1286 802 1468 839 serendum,
1500 803 1600 833 donec
1631 808 1794 844 appareat,
1826 809 1980 843 tauquam
2005 803 2130 842 messis,

1161 845 1229 876 dies
1263 844 1406 875 Domini.
1462 845 1682 876 Fructum
1720 847 1983 886 pretiosum
2022 845 2131 876 vocari

1160 888 1365 927 interpretor,
1396 888 1548 927 quoniam
1580 888 1733 919 alimonia
1762 893 1821 928 est,
1853 899 1889 919 ac
1917 888 2005 919 vitae
2035 889 2132 919 susti·

1161 930 1285 962 nendae
1308 931 1399 961 ratio.
1439 929 1609 970 Significat
1633 937 1739 961 autem
1757 932 1902 968 Iacobus,
1925 941 2022 971 quum
2046 931 2129 971 agri-

1160 974 1229 1004 cola
1260 973 1359 1004 vitam
1393 983 1499 1012 suam,
1534 983 1615 1013 quae
1648 973 1695 1004 illi
1730 978 1795 1005 tam
1831 974 1970 1015 pretiosa
2000 978 2062 1012 est,
2095 974 2130 1003 in

1160 1021 1266 1047 terrae
1289 1016 1413 1056 gremio
1436 1015 1614 1055 depositam
1638 1016 1739 1048 latere
1763 1018 1818 1048 diu
1838 1018 1933 1057 sinat,
1957 1022 2133 1056 votumque

1160 1059 1284 1090 fructus
1307 1058 1479 1098 colligendi
1504 1058 1627 1098 placide
1651 1061 1840 1099 suspendat:
1865 1070 1923 1090 nos
1946 1069 2016 1090 esse
2035 1059 2132 1090 nimis

1160 1102 1350 1141 praecipites
1383 1111 1419 1133 ac
1448 1102 1662 1141 importunos,
1697 1103 1758 1134 nisi
1790 1104 1899 1143 aequis
1929 1101 2047 1133 animis
2079 1111 2130 1132 re-

1159 1144 1353 1184 demptionis
1376 1150 1506 1175 nostrae
1530 1144 1614 1175 diem
1637 1150 1870 1185 exspectemus.
1911 1145 2001 1176 Alias
2022 1143 2133 1175 simili-

1159 1187 1282 1218 tudinis
1305 1192 1414 1227 partes
1439 1197 1501 1218 non
1526 1196 1606 1226 opus
1629 1193 1678 1218 est
1701 1188 1867 1228 sigillatim
1892 1187 2051 1228 persequi.

1244 1229 1392 1261 Pluviam
1413 1230 1607 1261 matutinam.
1645 1230 1781 1262 Duobus
1804 1232 1874 1263 istis
1898 1231 2049 1270 epithetis
2068 1229 2131 1261 duo

1161 1276 1307 1312 tempora
1330 1278 1501 1303 notantur:
1526 1274 1626 1313 prius,
1650 1274 1735 1313 quod
1752 1274 1848 1314 paulo
1864 1279 1935 1314 post
1951 1275 2132 1304 sementem

1159 1316 1321 1355 sequitur:
1350 1315 1498 1353 alterum,
1529 1315 1602 1347 dum
1633 1321 1856 1348 maturescunt
1885 1321 2022 1356 segetes.
2075 1315 2132 1347 Sic

1159 1358 1336 1398 loquuntur
1359 1358 1544 1399 prophetae,
1574 1369 1672 1398 quum
1701 1360 1832 1399 pluviae
1855 1359 2131 1399 opportunitatem

1159 1402 1342 1441 exprimere
1366 1402 1488 1439 volunt,
1513 1412 1608 1441 quam
1633 1403 1779 1441 promisit
1799 1402 1907 1434 Moses
1929 1401 2062 1432 Denter.
2079 1401 2131 1438 28,

1161 1444 1210 1483 12,
1244 1444 1321 1475 Ioel.
1351 1445 1381 1483 2,
1412 1444 1462 1480 23,
1498 1449 1530 1475 et
1557 1443 1643 1476 Osee
1672 1445 1701 1483 6,
1732 1445 1761 1476 3.
1813 1445 1991 1484 Utramque
2022 1449 2132 1475 autem

1156 1492 1397 1524 commemorat,
1429 1492 1463 1518 ut
1486 1487 1600 1518 melius
1623 1489 1794 1528 exprimat,
1818 1498 1884 1519 non
1908 1489 2013 1528 frangi
2037 1487 2126 1528 longi

1156 1531 1310 1570 temporis
1341 1531 1446 1562 taedio
1476 1530 1641 1570 agricolas,
1671 1533 1750 1571 quin
1779 1534 1963 1563 sustineant
1991 1540 2127 1561 moram.

1245 1573 1274 1604 3.
1305 1573 1489 1613 Gonfirmate
1515 1574 1608 1605 eorda
1635 1577 1746 1606 vestra.
1793 1574 1842 1605 Ne
1875 1575 1946 1614 quis
1968 1574 2129 1609 obiiceret,

1158 1616 1293 1647 nimium
1317 1617 1438 1648 differri
1462 1617 1660 1648 liberationis
1683 1622 1822 1657 tempus,
1845 1617 1995 1655 occurrit,
2019 1616 2130 1647 dicens

1160 1671 1258 1701 prope
1288 1661 1410 1692 instare
1434 1660 1619 1697 Dominum,
1649 1660 1700 1691 vel
1731 1660 1830 1702 (quod
1860 1660 1946 1691 idem
1969 1659 2032 1701 est)
2062 1659 2132 1690 eius

1161 1704 1336 1735 adventum
1366 1704 1647 1743 appropinquasse.
1694 1703 1824 1734 Interea
1853 1703 1943 1734 iubet
1969 1702 2132 1742 corrigere

1161 1747 1261 1778 animi
1295 1746 1476 1782 mollitiem,
1510 1755 1593 1786 quae
1627 1757 1686 1777 nos
1720 1746 1867 1777 debilitat
1898 1756 1939 1776 ne
1970 1744 2131 1785 sperando

1162 1799 1415 1830 perseveremus,
1460 1788 1501 1819 Et
1527 1794 1614 1820 certe
1640 1789 1772 1830 longum
1797 1789 1867 1820 ideo
1891 1793 2026 1829 apparet
2050 1793 2131 1818 tem-

1162 1843 1231 1873 pus,
1256 1833 1331 1873 quia
1354 1842 1411 1863 nos
1435 1831 1538 1862 teneri
1562 1832 1658 1863 nimis
1682 1843 1719 1864 ac
1737 1832 1866 1863 delicati
1882 1841 2004 1862 sumus.
2042 1830 2132 1871 Ergo

1162 1876 1377 1916 colligendum
1405 1880 1452 1906 est
1475 1874 1575 1905 robur
1598 1875 1638 1906 ad
1662 1875 1862 1906 durandum:
1895 1874 2001 1914 colligi
2024 1880 2134 1904 autem

1162 1919 1277 1950 melius
1307 1928 1372 1949 non
1411 1922 1515 1957 potest
1546 1927 1643 1957 quam
1673 1929 1714 1949 ex
1746 1928 1802 1958 spe
1829 1923 1860 1948 et
1888 1918 1978 1958 quasi
2010 1917 2133 1947 intuitu

1162 1962 1333 2003 propinqui
1357 1961 1518 1991 adventus
1542 1959 1687 1992 Domini.

1248 2005 1278 2036 9.
1311 2004 1360 2035 Ne
1380 2003 1600 2044 ingemiscatis.
1646 2004 1732 2043 Quia
1758 2003 1935 2034 audiuntur
1958 2002 2134 2033 multorum

1162 2048 1397 2088 querimoniae,
1431 2057 1465 2077 se
1495 2045 1607 2077 durius
1641 2047 1771 2078 tractari
1796 2056 1891 2086 quam
1915 2046 2010 2085 alios,
2044 2045 2134 2076 locus

1162 2091 1214 2122 hic
1237 2101 1257 2122 a
1277 2089 1466 2130 quibusdam
1490 2089 1535 2120 ita
1557 2091 1741 2130 exponitur,
1764 2090 1855 2129 quasi
1871 2089 1979 2120 iubeat
1995 2088 2134 2120 Iacobus

1162 2143 1424 2174 unumquemque
1453 2136 1541 2164 sorte
1570 2143 1628 2163 sua
1656 2137 1858 2172 contentum,
1893 2142 1958 2162 non
1989 2132 2133 2162 invidere

1162 2177 1243 2217 aliis,
1272 2186 1373 2216 neque
1396 2175 1529 2216 indigne
1551 2175 1636 2206 ferre
1659 2176 1686 2206 si
1710 2174 1905 2206 tolerabilior
1927 2175 1970 2205 sit
1992 2175 2130 2205 aliorum

1163 2219 1311 2251 conditio.
1367 2217 1431 2250 Sed
1467 2228 1527 2259 ego
1561 2218 1658 2249 aliter
1690 2219 1899 2257 interpretor.
1954 2217 2133 2256 Postquam

1163 2263 1248 2294 enim
1279 2262 1317 2293 de
1340 2261 1480 2292 infausto
1507 2271 1619 2292 eorum
1650 2261 1738 2292 exitu
1771 2261 1934 2299 disseruit,
1957 2261 2009 2300 qui
2041 2259 2134 2290 bonis

1163 2311 1196 2336 et
1226 2305 1343 2345 quietis
1375 2304 1559 2336 hominibus
1588 2304 1714 2336 molesti
1749 2308 1825 2334 sunt
1853 2313 1912 2334 sua
1941 2301 2134 2341 tyrannide:

1163 2349 1228 2379 iam
1256 2347 1367 2378 fideles
1396 2347 1547 2378 hortatur
1576 2353 1613 2378 ut
1642 2347 1727 2378 inter
1757 2356 1790 2377 se
1820 2346 1912 2385 aequi
1936 2346 2013 2383 sint,
2043 2348 2075 2376 et
2098 2345 2133 2376 in

1164 2390 1383 2423 condonandis
1410 2390 1543 2421 offensis
1572 2390 1688 2421 faciles.
1734 2388 1832 2419 Hunc
1862 2398 1932 2419 esse
1955 2388 2134 2428 genuinum

1164 2443 1307 2471 sensum,
1342 2443 1382 2464 ex
1416 2432 1542 2464 ratione
1572 2432 1680 2464 addita
1713 2431 1819 2471 colligi
1849 2436 1964 2470 potest.
2016 2430 2133 2469 Nolite,

1164 2477 1282 2517 inquit,
1316 2476 1390 2507 alii
1423 2476 1465 2507 in
1500 2475 1607 2507 alios
1637 2474 1762 2515 queruli
1792 2484 1877 2513 esse,
1911 2484 1959 2505 ne
1992 2483 2134 2505 omnes

1164 2519 1508 2551 condemnemini.
1554 2518 1772 2558 Ingemiscere
1795 2516 1925 2556 quidem
1948 2516 2030 2554 licet,
2055 2526 2133 2556 quo-

1165 2563 1224 2593 ties
1254 2561 1375 2602 aliquid
1405 2572 1465 2593 nos
1494 2561 1571 2592 mali
1602 2561 1709 2600 angit:
1743 2559 1799 2591 sed
1827 2560 1984 2600 gemitum
2007 2568 2135 2591 accusa-

1165 2606 1283 2636 torium
1314 2605 1486 2645 intelliget,
1515 2604 1569 2635 ubi
1601 2604 1655 2634 alii
1685 2602 1724 2633 de
1754 2602 1825 2634 aliis
1848 2602 1933 2642 apud
1957 2603 2133 2634 Dominum

1164 2647 1379 2689 expostulant.
1425 2647 1586 2678 Futurum
1617 2650 1725 2677 autem
1756 2645 1816 2677 hoc
1840 2645 1934 2677 modo
1965 2645 2136 2676 denuntiat
