2513 3126
132 220 195 252 385

131 322 277 358 prompta
293 320 341 348 est
356 315 488 348 solutio:
511 315 584 355 quia
599 313 664 345 illio
685 311 792 343 activa
814 316 861 343 est
885 311 975 343 verbi
998 312 1098 352 signi-

131 360 246 398 ficatio,
281 369 363 399 quae
392 359 446 390 hie
475 357 601 398 passiva
630 358 687 387 est.
732 353 847 386 Iacobo
878 354 994 386 dicitur
1024 364 1097 393 pro-

132 403 218 434 batio
250 402 379 433 efficere
413 401 617 442 patientiam:
651 397 725 437 quia
759 397 820 428 nisi
852 407 910 428 nos
939 397 1098 428 Dominus

132 445 347 482 examinaret,
381 443 436 475 sed
469 453 503 473 re
536 441 696 480 linqueret
729 440 859 477 otiosos,
895 440 985 471 nulla
1014 444 1098 471 esset

132 488 302 530 patientia:
338 497 417 527 quae
447 483 525 516 nihil
555 489 606 514 est
635 482 722 514 aliud
754 493 849 522 quam
881 483 980 513 animi
1008 482 1097 513 forti-

132 532 208 562 tudo
237 531 270 561 in
301 529 390 560 malis
418 525 622 568 perferendis.
675 525 798 557 Paulus
828 535 904 557 vero
935 525 1096 565 intelligit,

132 574 207 606 dum
243 571 391 612 patiendo
425 568 509 600 mala
543 568 720 607 vincimus,
756 578 813 599 nos
847 568 987 608 experiri
1021 567 1097 607 quid

132 617 194 648 Dei
231 615 385 647 auxilium
423 612 454 642 in
493 612 685 642 necessitate
724 611 841 642 valeat.
898 611 982 641 Nam
1021 617 1097 642 tunc

131 659 222 700 quasi
244 658 278 689 in
302 667 335 688 re
358 654 529 695 praesenti,
561 653 653 685 nobis
676 653 857 685 ostenditur
881 653 942 684 Dei
966 654 1095 685 veritas.

131 703 178 733 Ita
195 702 231 732 fit
246 699 366 739 utplus
382 698 448 737 spei
473 697 506 727 in
530 702 691 736 posterum
715 697 881 736 concipere
905 696 1097 727 audeamus:

131 745 248 777 veritas
272 741 356 772 enim
380 739 452 777 Dei,
485 750 544 771 usu
567 739 704 779 cognita,
736 739 808 779 plus
831 738 917 779 apud
941 748 999 769 nos
1022 738 1097 770 fidei

131 788 258 819 obtinet.
303 783 380 814 Ideo
405 781 525 813 Paulus
556 782 647 813 docet
676 793 716 812 ex
748 781 803 813 tali
833 781 1031 822 probatione,
1065 781 1097 812 id

131 835 179 862 est
211 827 337 859 divinae
366 826 490 866 gratiae
519 824 758 864 experimento,
790 835 880 864 spem
915 825 1003 855 nasci
1034 835 1096 856 non

130 870 212 913 quod
240 876 318 900 tunc
348 868 477 899 demum
506 878 579 907 spes
603 867 743 908 incipiat,
776 867 831 898 sed
856 867 930 907 quia
953 867 1098 907 augescit

130 923 160 947 et
175 913 393 945 confirmatur.
425 910 569 950 Uterque
586 920 661 941 vero
677 910 838 950 significat
855 909 1097 941 tribulationem

129 966 196 988 esse
219 954 392 995 patientiae
413 954 598 984 materiam:
625 958 788 984 caeterum
811 963 876 983 non
899 953 944 983 ita
967 956 1099 984 natura-

127 999 201 1031 liter
216 997 383 1038 compositi
400 1000 477 1027 sunt
499 995 667 1026 hominum
691 996 801 1036 animi,
826 1000 861 1026 ut
884 995 949 1027 illis
972 995 1096 1035 patien-

126 1042 203 1073 tiam
228 1051 335 1072 secum
359 1039 473 1070 afferat
496 1038 635 1070 afflictio.
674 1038 739 1070 Sed
763 1038 886 1070 Paulus
909 1044 941 1069 et
964 1038 1097 1070 Iacobus

126 1095 190 1116 non
221 1088 287 1114 tam
318 1083 351 1113 in
381 1082 548 1113 hominum
573 1085 733 1121 naturam,
765 1091 860 1121 quam
884 1080 918 1111 in
941 1081 1004 1112 Dei
1028 1092 1098 1121 pro-

125 1126 305 1160 videntiam
340 1125 531 1165 respiciunt:
567 1124 657 1164 quasi
691 1125 728 1155 fit
762 1130 797 1155 ut
831 1123 941 1155 fideles
972 1124 1096 1164 patien-

126 1170 206 1202 tiam
241 1179 281 1200 ex
314 1168 475 1199 aerumnis
509 1166 649 1198 discant:
692 1167 820 1198 tametsi
862 1167 952 1207 impii
992 1167 1097 1207 magis

125 1213 203 1245 inde
233 1222 269 1243 ac
297 1210 400 1251 magis
430 1209 469 1241 ad
493 1210 654 1241 insaniam
678 1214 909 1250 provocentur:
945 1210 1097 1250 quemad-

126 1255 258 1288 modum
282 1254 461 1285 Pharaonis
486 1252 668 1292 exemplum
692 1252 842 1284 ostendit.

213 1297 242 1329 4.
279 1296 439 1328 Patientia
477 1306 547 1327 vero
584 1306 662 1336 opus
689 1295 872 1335 perfectum.
934 1294 1098 1334 Quoniam

126 1351 222 1381 saepe
245 1340 279 1371 in
303 1339 394 1370 nobis
418 1349 452 1370 se
475 1339 615 1370 efferunt
637 1339 786 1379 generosi
809 1338 952 1378 spiritus,
975 1348 1012 1369 ac
1034 1343 1097 1370 sta-

127 1385 186 1416 tim
219 1382 409 1415 concidunt:
445 1381 517 1413 ideo
551 1381 766 1413 constantiam
803 1381 945 1421 requirit.
998 1381 1097 1420 Haec,

127 1427 242 1467 inquit,
265 1436 343 1457 vera
365 1425 427 1456 erit
450 1424 613 1465 patientia,
637 1434 719 1464 quae
742 1424 775 1455 in
799 1425 897 1455 finem
917 1434 1017 1464 usque
1040 1424 1097 1455 du-

127 1469 220 1502 rabit.
266 1468 351 1499 Nam
385 1478 489 1508 opus
523 1466 575 1498 hic
610 1477 668 1507 pro
699 1467 817 1499 effectu
851 1467 986 1507 capitur.
1031 1467 1099 1498 Nec

128 1518 256 1545 tantum
279 1515 316 1542 ut
338 1511 439 1542 simus
468 1510 502 1541 in
527 1520 590 1540 uno
617 1510 792 1541 certamine
820 1509 1013 1550 superiores,
1043 1510 1100 1542 sed

128 1559 166 1587 ut
189 1559 370 1595 perstemus
392 1558 460 1584 tota
484 1553 559 1584 vita.
600 1553 714 1584 Posset
737 1554 835 1584 etiam
859 1551 1013 1593 perfectio
1037 1553 1100 1585 ista

128 1599 169 1630 ad
192 1598 353 1628 sincerum
383 1596 483 1627 animi
515 1595 667 1627 affectum
699 1596 822 1632 referri,
857 1600 894 1626 ut
923 1601 1037 1634 sponte
1067 1607 1101 1628 se

128 1641 275 1673 homines
299 1650 335 1671 ac
358 1650 423 1670 non
455 1638 605 1670 simulate
628 1638 701 1669 Deo
728 1638 916 1670 subiiciant:
947 1638 1003 1669 sed
1026 1640 1101 1679 quia

128 1694 248 1716 nomen
271 1682 411 1722 operis
437 1681 576 1720 additur,
608 1681 692 1712 malo
725 1680 763 1712 de
793 1681 976 1713 constantia
1006 1692 1101 1722 expo-

127 1737 215 1759 nere.
261 1725 344 1756 Nam
368 1724 463 1756 multi
490 1725 541 1765 (ut
563 1723 718 1765 diximus)
748 1724 801 1764 qui
825 1723 986 1755 heroicam
1009 1725 1100 1756 initio

129 1768 389 1810 magnitudinem
409 1778 484 1808 prae
508 1777 542 1798 se
565 1767 685 1804 ferunt,
709 1767 803 1806 paulo
823 1771 893 1806 post
913 1767 1099 1808 fatigantur.

131 1812 243 1851 Quare
266 1810 306 1842 ad
330 1816 511 1842 extremum
537 1819 744 1849 perseverare
767 1809 864 1845 iubet,
891 1810 946 1849 qui
968 1811 1100 1850 perfecti

130 1865 200 1887 esse
224 1854 338 1886 volunt
360 1864 397 1885 ae
420 1853 548 1893 integri.
594 1852 657 1883 His
680 1857 788 1883 autem
812 1851 935 1883 duobus
962 1854 1099 1885 nomini-

128 1898 188 1929 bus
217 1897 379 1938 significat
409 1895 492 1936 qnod
523 1896 634 1927 statim
663 1896 806 1934 exponit.
852 1895 924 1926 Hoc
954 1900 1011 1934 est,
1045 1896 1099 1936 qui

128 1951 194 1972 non
228 1939 382 1971 deficiunt
412 1939 461 1971 vel
492 1938 653 1970 fatiscunt.
700 1937 785 1969 Nam
814 1939 868 1978 qui
900 1939 976 1970 victi
999 1939 1098 1979 impa-

129 1983 244 2015 tientia
266 1983 471 2023 franguntur,
501 1992 553 2012 eos
588 1980 740 2021 paulatim
765 1980 877 2019 minui,
909 1986 940 2012 et
967 1981 1098 2014 tandem

129 2036 263 2067 prorsus
288 2026 422 2057 deficere
445 2034 574 2056 necesse
597 2028 654 2055 est.

132 2141 134 2143 .
216 2112 245 2142 5.
283 2110 381 2143 Porro
409 2111 438 2142 si
467 2110 538 2150 quis
566 2111 702 2141 vestrum
728 2109 905 2140 destituitur
933 2110 1098 2150 sapientia,

127 2154 258 2195 postulet
286 2165 306 2185 a
329 2153 395 2185 Deo
423 2154 478 2193 qui
506 2153 560 2184 dat
587 2152 728 2184 omuibus
750 2152 943 2192 simpliciter,
972 2162 1025 2184 uec
1047 2163 1098 2184 ex-

125 2197 273 2237 probrat.-
304 2199 333 2228 et
365 2195 491 2227 dabitur
520 2196 558 2227 ei.
610 2195 639 2226 6.
672 2195 807 2226 Postulet
838 2198 939 2226 autem
968 2195 1002 2227 in
1027 2196 1098 2235 fide,

130 2240 211 2271 nihil
232 2239 400 2271 haesitans.
442 2238 526 2269 Nam
548 2238 603 2278 qui
625 2237 769 2278 haesitat,
792 2238 907 2269 similis
929 2241 973 2269 est
991 2239 1100 2277 fluctui

131 2283 230 2314 maris
260 2283 314 2322 qui
336 2284 420 2314 vento
442 2281 547 2322 aqitur
568 2284 594 2312 et
616 2281 839 2319 circumfertur.
884 2281 913 2311 7.
938 2280 1009 2313 Nou
1031 2291 1100 2323 erqo

131 2325 280 2356 ewistimet
309 2325 396 2356 homo
425 2324 476 2355 ille
503 2324 583 2364 quod
615 2324 655 2355 sit
683 2324 852 2363 quidquam
881 2326 1059 2363 accepturus

132 2366 277 2400 Domino.
323 2367 351 2399 8.
385 2367 441 2399 Vir
462 2366 581 2407 duplici
602 2366 717 2405 animo,
739 2366 896 2398 instabitis
918 2369 960 2398 est
983 2367 1017 2398 iu
1038 2377 1099 2398 om-

131 2410 222 2442 nibus
244 2410 306 2442 viis
326 2411 402 2442 suis.

218 2495 246 2526 5.
281 2495 318 2526 Si
347 2496 418 2535 quis
447 2495 632 2527 destituitur.
684 2495 844 2534 Quoniam
880 2495 919 2526 ab
951 2505 988 2526 eo
1018 2495 1099 2527 ratio

134 2544 260 2575 nostra,
294 2537 437 2578 adeoque
470 2549 585 2570 sensus
621 2548 732 2569 omnes
766 2539 941 2569 abhorrent
975 2542 1010 2568 ut
1042 2548 1100 2570 nos

133 2580 302 2611 credamus
325 2581 434 2611 beatos
457 2591 526 2612 esse
548 2581 581 2611 in
605 2581 713 2612 malis:
740 2581 810 2612 ideo
834 2580 1008 2621 petendum
1032 2591 1099 2612 esse

133 2634 153 2654 a
176 2623 318 2654 Domino
347 2623 511 2663 praecipit,
543 2628 578 2654 ut
608 2624 667 2655 hac
697 2624 853 2663 sapientia
883 2634 940 2654 nos
968 2623 1099 2655 imbuat.

134 2666 217 2697 Nam
242 2665 479 2705 sapientiae
502 2676 626 2703 nomen,
651 2665 690 2696 ad
709 2667 986 2698 circumstantiam
1011 2676 1099 2706 prae-

205 2724 314 2752 Galvini
331 2732 423 2758 opera.
457 2724 510 2751 Vol.
530 2724 591 2751 LV.

1031 214 1179 247 CAPUT
1203 217 1228 249 .

2060 216 2123 247 386

1151 315 1250 346 sentis
1274 314 1334 346 loci
1359 316 1535 356 restringo:
1559 325 1595 347 ac
1618 314 1644 346 si
1668 315 1797 353 diceret,
1820 315 1846 346 si
1872 314 1950 346 haec
1973 314 2120 346 doctrina

1151 356 1273 396 ingenii
1298 358 1394 388 vestri
1425 364 1520 397 captu
1547 357 1641 388 altior
1665 362 1723 395 est,
1754 358 1852 398 petite
1875 368 1894 388 a
1918 357 2058 388 Domino
2082 363 2120 389 ut

1152 409 1208 430 vos
1241 400 1356 439 spiritu
1387 410 1444 432 suo
1474 400 1645 431 illuminet.
1690 400 1775 431 Nam
1798 405 1832 431 ut
1861 400 1929 431 sola
1958 400 2014 431 illa
2043 411 2119 431 con-

1150 441 1299 473 sideratio
1322 442 1362 473 ad
1386 443 1600 483 mitigandam
1623 442 1799 482 quamlibet
1818 442 1976 474 malorum
1999 443 2120 474 acerbi-

1150 486 1251 514 tatem
1274 485 1402 522 sufficit
1434 485 1577 517 salutare
1607 496 1676 517 esse
1706 485 1797 516 nobis
1828 485 1911 524 quod
1936 486 2026 517 carni
2051 495 2119 516 mo-

1150 526 1266 557 lestum
1290 533 1353 558 est:
1389 528 1434 558 ita
1461 528 1525 559 nisi
1556 528 1617 559 hoc
1639 527 1745 559 solatii
1769 538 1887 567 genere
1910 529 2119 565 sustinemur,

1151 579 1279 600 necesse
1309 576 1357 601 est
1387 570 1591 610 impatientia
1618 570 1712 602 vinci.
1758 569 1814 601 Sic
1838 570 1984 602 videmus
2008 571 2119 602 Domi-

1151 621 1229 642 num
1251 621 1315 642 non
1339 613 1383 643 ita
1406 624 1425 644 a
1448 613 1539 644 nobis
1562 614 1693 653 exigere
1709 622 1792 653 quae
1811 617 1890 643 sunt
1908 623 2006 651 supra
2022 614 2119 651 vires,

1151 654 1228 694 quin
1259 660 1389 694 paratus
1421 656 1464 686 sit
1493 655 1659 696 opitulari,
1693 655 1787 687 modo
1818 661 1984 695 petamus:
2019 665 2119 695 quare

1151 697 1247 728 simul
1272 701 1369 736 atque
1392 698 1513 737 aliquid
1538 699 1700 739 praecipit,
1724 698 1884 730 discamus
1901 697 1941 728 ab
1957 707 1994 728 eo
2011 704 2119 738 petere

1150 740 1336 779 praestandi
1367 740 1566 778 facultatem,
1601 751 1796 781 quamquam
1827 745 1936 772 autem
1966 740 2119 771 hocloco

1150 792 1263 822 sapere
1286 787 1335 813 est
1357 783 1513 814 subiicere
1536 793 1570 814 se
1599 784 1669 815 Deo
1692 783 1733 814 ad
1756 783 1841 814 mala
1863 783 2041 821 toleranda,
2065 783 2120 813 ubi

1151 825 1213 856 rite
1245 825 1460 865 expendimus
1494 826 1539 857 sic
1568 836 1640 857 eum
1673 826 1783 857 omnia
1813 825 1988 863 moderari,
2024 831 2058 857 ut
2086 826 2119 856 in

1151 867 1289 898 salutem
1322 872 1465 899 nostram
1499 868 1631 900 cedant:
1666 873 1771 908 potest
1801 874 1910 900 tamen
1940 867 2017 900 haec
2048 879 2120 900 sen-

1151 911 1254 941 tentia
1287 910 1482 951 generaliter
1516 911 1620 950 aptari
1655 911 1695 942 ad
1728 921 1838 942 omnes
1869 915 1975 942 rectae
2005 911 2121 942 intelli-

1150 953 1279 994 gentiae
1310 958 1427 993 partes.
1473 953 1597 984 Verum
1628 964 1684 985 cur
1711 954 1789 985 dicit
1818 954 1850 985 si
1885 953 1992 993 quis,
2026 954 2120 994 quasi

1151 1006 1217 1027 non
1240 1005 1352 1027 omnes
1375 995 1566 1036 indigeant?
1611 996 1813 1035 Respondeo
1838 996 1966 1027 destitui
1990 996 2120 1036 quidem

1150 1048 1261 1070 omnes
1291 1038 1500 1070 naturaliter:
1531 1038 1586 1070 sed
1611 1038 1689 1070 alios
1713 1039 1829 1078 spiritu
1854 1038 2044 1079 prudentiae
2067 1038 2121 1070 do

1151 1087 1244 1113 natos
1271 1092 1357 1119 esse,
1391 1092 1454 1121 quo
1481 1081 1535 1112 alii
1566 1086 1685 1112 carent.
1732 1081 1892 1120 Quoniam
1922 1081 2031 1122 itaque
2055 1092 2120 1114 nou

1150 1135 1263 1155 omnes
1286 1135 1323 1155 eo
1346 1124 1508 1165 progressi
1532 1130 1617 1162 sunt,
1648 1130 1683 1155 ut
1713 1124 1772 1155 sibi
1796 1125 1829 1155 in
1853 1124 2026 1156 afflictione
2048 1135 2121 1165 gra-

1150 1167 1308 1203 tulenter,
1343 1166 1399 1198 sed
1433 1167 1527 1206 pauci
1561 1166 1678 1207 quibus
1711 1167 1772 1198 hoc
1806 1167 1917 1198 datum
1949 1172 2016 1198 est:
2049 1168 2121 1199 ideo

1150 1211 1288 1242 occurrit
1311 1209 1454 1247 Iacobus,
1486 1219 1523 1240 ac
1553 1220 1607 1241 eos
1635 1209 1795 1250 admonet,
1830 1210 1945 1249 quibus
1975 1210 2121 1241 nondum

1152 1263 1341 1293 persuasum
1372 1257 1432 1290 est,
1468 1263 1562 1284 cruce
1590 1253 1726 1284 salutem
1757 1257 1900 1284 nostram
1931 1263 1949 1284 a
1977 1253 2121 1284 Domino

1151 1296 1349 1336 promoveri,
1383 1300 1420 1326 ut
1453 1306 1486 1327 se
1521 1295 1581 1327 hac
1615 1295 1772 1335 sapientia
1801 1295 1915 1326 donari
1947 1296 2122 1335 postulent.

1152 1339 1196 1370 Et
1229 1343 1336 1369 tamen
1372 1349 1436 1369 non
1467 1337 1601 1369 dubium
1630 1344 1678 1369 est
1708 1339 1785 1377 quin
1814 1347 1926 1369 omnes
1949 1337 2123 1370 admoneat

1153 1381 1344 1421 necessitas,
1379 1381 1464 1412 idem
1499 1386 1616 1420 petere.
1670 1381 1735 1419 Qui
1764 1380 1850 1411 enim
1885 1380 1990 1420 aliquo
2020 1391 2123 1420 usque

1153 1424 1297 1465 profecit,
1321 1423 1415 1465 longe
1439 1423 1545 1455 adhuc
1567 1423 1656 1455 abest
1679 1434 1697 1454 a
1719 1430 1815 1454 meta.
1861 1422 1928 1454 Sed
1952 1423 2039 1454 aliud
2063 1429 2121 1463 est,

1153 1471 1364 1507 augmentum
1398 1469 1522 1508 petere,
1557 1476 1651 1506 quam
1685 1466 1832 1497 initium:
1867 1476 1969 1506 quum
1992 1466 2081 1498 iubet
2104 1477 2123 1498 a

1154 1510 1329 1541 Domino
1359 1514 1523 1550 petere,
1553 1509 1715 1550 significat
1745 1519 1818 1540 eum
1848 1519 1918 1539 esse
1941 1519 2044 1540 unum
2068 1510 2122 1550 qui

1154 1553 1275 1584 morbis
1298 1553 1418 1584 nostris
1440 1556 1546 1592 potest
1568 1552 1698 1588 mederi,
1730 1554 1763 1582 et
1788 1552 1914 1591 inopiae
1937 1552 2122 1586 subvenire.

1243 1595 1304 1635 Qui
1332 1595 1385 1627 dat
1414 1595 1553 1627 omnibus
1582 1594 1771 1634 simpliciter.
1817 1594 1941 1626 Omnes
1969 1595 2123 1636 intelligit

1154 1639 1209 1679 qui
1238 1642 1368 1678 petunt:
1398 1648 1473 1669 nam
1502 1638 1555 1678 qui
1589 1637 1731 1669 remedia
1762 1647 1825 1668 non
1857 1644 2015 1677 quaerunt
2046 1648 2123 1669 suae

1154 1681 1299 1722 egestati,
1330 1681 1420 1721 digni
1450 1687 1525 1712 sunt
1553 1680 1605 1720 qui
1628 1680 1662 1711 in
1685 1691 1723 1711 ea
1746 1680 1921 1711 tabescant.
1966 1680 2123 1722 Magnam

1154 1731 1262 1756 tamen
1292 1724 1360 1755 vim
1391 1723 1487 1754 habet
1515 1722 1708 1754 universalis
1738 1723 1853 1761 oratio,
1887 1733 1950 1763 qua
1976 1724 2046 1755 sine
2069 1734 2122 1755 ex-

1152 1767 1299 1807 ceptione
1315 1775 1577 1806 unumquemque
1594 1770 1737 1797 nostrum
1755 1765 1889 1796 invitat:
1911 1775 2012 1806 quare
2029 1777 2122 1798 nemo

1151 1821 1185 1842 se
1208 1811 1338 1851 privare
1361 1810 1455 1841 debet
1478 1812 1569 1840 tanto
1587 1809 1680 1840 bono.
1716 1808 1791 1839 Huc
1807 1808 1929 1840 accedit
1952 1809 2121 1849 promissio

1151 1864 1233 1893 quae
1266 1863 1341 1884 mox
1376 1852 1569 1883 annectitur.
1625 1851 1707 1882 Nam
1741 1851 1836 1882 sicuti
1874 1851 1934 1883 hoc
1967 1851 2121 1884 mandato

1152 1896 1349 1927 demonstrat
1383 1894 1477 1934 quale
1514 1895 1556 1925 sit
1592 1894 1748 1934 cuiusque
1783 1894 1938 1925 officium:
1977 1894 2023 1925 ita
2056 1905 2121 1926 non

1152 1940 1272 1970 frustra
1295 1939 1436 1969 facturos
1459 1937 1542 1977 quod
1565 1937 1730 1977 praecipit,
1755 1937 1912 1968 affirmat:
1943 1937 2120 1969 seeundum

1151 1981 1232 2013 illud
1249 1981 1390 2013 Christi:
1414 1980 1556 2019 Pulsate,
1579 1985 1611 2011 et
1634 1980 1808 2020 aperietur.
1842 1979 2008 2011 Particula
2031 1981 2121 2012 sim-

1152 2024 1341 2064 pliciter,
1372 2023 1469 2054 dandi
1501 2022 1790 2063 promptitudinem
1814 2022 1954 2054 denotat.
2001 2022 2057 2055 Sic
2080 2023 2121 2055 ad

1152 2068 1316 2098 Romanos
1332 2076 1398 2106 cap.
1418 2066 1468 2104 12,
1485 2066 1514 2103 8,
1537 2065 1660 2097 Paulus
1683 2076 1701 2096 a
1717 2065 1860 2096 diaconis
1882 2065 2121 2105 simplicitatem

1152 2110 1296 2150 requirit.
1331 2109 1375 2140 Et
1397 2109 1558 2140 secundae
1582 2108 1621 2140 ad
1639 2107 1825 2140 Corinthios
1847 2117 1959 2139 octavo
1978 2113 2010 2139 et
2027 2119 2120 2147 nono,

1152 2163 1250 2193 quum
1285 2152 1322 2184 de
1356 2152 1571 2192 eleemosynis
1605 2151 1764 2191 disputat,
1802 2149 1970 2190 aliquoties
2004 2152 2122 2191 repetit

1152 2196 1287 2227 eandem
1323 2204 1443 2226 vocem.
1497 2194 1620 2226 Sensus
1654 2203 1731 2235 ergo
1766 2198 1827 2231 est,
1863 2194 1970 2225 Deum
2005 2195 2050 2224 ita
2081 2194 2121 2225 ad

1153 2238 1293 2269 dandum
1324 2249 1393 2269 esse
1423 2247 1617 2278 propensum
1647 2247 1682 2268 ac
1716 2236 1856 2274 facilem,
1891 2242 1925 2268 ut
1959 2237 2121 2267 neminem

1153 2281 1300 2322 repudiet
1323 2280 1373 2312 vel
1405 2281 1567 2312 fastidiose
1595 2280 1739 2311 differat:
1770 2290 1828 2311 nec
1851 2278 1990 2310 similem
2014 2279 2121 2318 parcis

1153 2334 1189 2356 ac
1224 2323 1403 2360 tenacibus,
1442 2323 1497 2364 qui
1531 2323 1581 2355 vel
1617 2322 1771 2363 maligne,
1806 2322 1896 2362 quasi
1929 2321 2121 2353 semiclausa

1152 2377 1266 2406 manu,
1301 2367 1439 2397 tenuiter
1473 2369 1624 2406 erogant:
1661 2366 1712 2397 vel
1745 2364 1866 2404 aliquid
1897 2375 1937 2395 ex
1968 2374 2005 2395 eo
2036 2364 2121 2404 quod

1152 2415 1245 2442 erant
1268 2409 1383 2446 daturi,
1407 2409 1611 2441 rescindunt:
1638 2408 1688 2440 vel
1711 2407 1766 2439 diu
1789 2417 1899 2439 secum
1915 2407 2003 2438 intus
2027 2409 2122 2438 alter-

1153 2458 1240 2491 nant,
1264 2452 1370 2483 daturi
1393 2452 1458 2483 sint
1481 2461 1592 2483 necne.

1240 2495 1304 2527 Nec
1326 2494 1498 2535 coeprobrat.
1532 2494 1604 2525 Hoc
1621 2493 1766 2525 additum
1782 2499 1840 2532 est,
1864 2504 1904 2525 ne
1920 2493 1992 2533 quis
2011 2492 2121 2524 Deum

1152 2539 1278 2578 saepius
1309 2538 1396 2569 adire
1426 2541 1559 2569 metuat.
1605 2536 1670 2576 Qui
1696 2547 1736 2567 ex
1767 2535 1950 2567 hominibus
1981 2536 2123 2567 maxime

1153 2587 1229 2612 sunt
1264 2580 1427 2618 liberales,
1462 2580 1589 2611 tametsi
1618 2578 1793 2610 identidem
1827 2579 1986 2619 quispiam
2015 2579 2122 2609 iuvari

1154 2634 1188 2655 se
1217 2623 1365 2664 postulet,
1401 2623 1508 2663 priora
1539 2622 1693 2654 beneficia
1722 2626 1990 2653 commemorant:
2026 2627 2123 2660 atque

1154 2667 1198 2698 ita
1221 2671 1377 2698 excusant
1399 2667 1433 2697 in
1450 2671 1633 2706 posterum:
1660 2675 1757 2705 quare
1773 2664 1936 2696 hominem
1953 2664 2124 2695 mortalem

1888 2724 1921 2749 25
