2513 3126
332 205 393 238 387
1164 198 1305 230 EPlST.

335 301 545 343 quantumvis
577 299 700 339 largum
732 306 791 328 nos
819 297 955 337 fatigare
979 295 1077 337 pudet
1098 296 1226 336 saepius
1249 306 1303 336 pe-

336 344 441 377 tendo.
483 341 618 374 Iacobus
642 342 750 371 autem
775 339 856 370 nihil
881 340 913 370 in
938 338 1008 370 Deo
1031 339 1136 370 simile
1159 349 1229 370 esse
1251 338 1304 369 ad-

335 392 460 418 monet:
491 384 643 424 quoniam
667 383 775 422 priora
799 382 952 413 beneficia
975 382 1044 413 sine
1067 382 1132 412 fine
1154 391 1190 413 ac
1213 381 1305 413 modo

335 429 429 461 novis
453 426 588 459 subinde
612 425 776 458 cumulare
800 430 934 465 paratus
957 425 1008 455 sit.

420 472 449 501 (ἱ.
484 469 618 500 Postulat
645 471 747 499 atatem
776 468 809 498 in
837 467 906 506 side.
953 467 1101 498 Primum
1133 467 1184 499 hic
1214 466 1305 499 docet

335 524 416 554 quae
446 513 591 553 legitima
621 512 662 543 sit
691 509 803 542 orandi
834 510 926 541 ratio.
971 509 1055 540 Nam
1085 509 1178 541 sicuti
1202 519 1304 548 orare,

336 557 398 588 nisi
428 561 604 596 praeeunte
628 554 736 592 verbo,
759 563 822 584 non
847 563 1033 593 possumus:
1064 553 1109 584 ita
1132 558 1304 593 antequam

335 609 473 634 oremus,
498 597 628 630 credere
652 607 708 628 nos
733 601 869 636 oportet.
907 595 1076 627 Precando
1099 596 1184 627 enim
1209 601 1304 626 testa-

334 652 408 673 mur
423 640 573 682 gratiam,
592 650 686 679 quam
704 638 795 670 Deus
812 638 970 679 promisit,
987 648 1045 670 nos
1060 638 1100 669 ab
1112 648 1148 670 eo
1165 648 1305 679 sperare.

336 685 385 715 Ita
401 684 545 724 quisquis
560 683 654 714 tidem
671 692 734 713 non
752 681 849 712 habet
865 680 1138 721 promissionibus,
1155 681 1305 713 simulate

335 733 414 759 orat.
460 726 547 757 Hinc
577 735 701 765 quoque
733 723 886 756 discimus
917 733 1000 764 quae
1029 724 1071 756 sit
1101 734 1178 756 vera
1209 723 1304 755 fides:

335 780 411 802 nam
446 769 541 800 simul
571 778 608 799 ac
639 767 802 807 praecepit
829 766 963 799 Iacobus
992 777 1063 798 cum
1094 767 1156 798 fide
1187 772 1305 806 petere,

336 813 426 844 addit
460 811 722 851 explicationem,
756 809 866 840 nihil
899 809 1162 841 haesitando.
1217 809 1304 849 Ergo

336 855 416 886 fides
446 860 494 886 est
523 864 603 894 quae
629 853 689 885 Dei
713 852 979 893 promissionibus
1002 852 1092 889 freta,
1123 863 1181 883 nos
1204 852 1305 891 impe-

336 897 444 929 trandi
476 896 558 937 quod
580 897 729 936 petimus,
758 900 863 927 certos
885 895 1006 927 reddit:
1042 895 1126 926 unde
1149 895 1304 934 sequitur,

336 950 408 972 cum
432 939 550 970 fiducia
572 944 604 970 et
627 938 820 971 certitudine
843 937 943 970 divini
966 938 999 969 in
1024 948 1081 970 nos
1102 938 1220 969 amoris
1236 947 1307 968 esse

336 983 549 1015 coniunctam.
585 981 730 1013 Verbum
755 980 982 1022 διακρίνεσθαι,
1005 991 1066 1021 quo
1089 981 1200 1017 utitur,
1231 990 1305 1020 pro-

337 1026 406 1066 prie
429 1026 462 1056 in
486 1030 657 1065 utramque
686 1027 822 1065 partem,
855 1024 1103 1064 disceptantium
1127 1033 1224 1060 more,
1256 1022 1305 1053 in-

337 1068 464 1108 quirere
492 1068 662 1108 significat.
707 1067 789 1099 Vult
818 1077 895 1108 ergo
924 1068 970 1099 sic
998 1066 1090 1097 nobis
1117 1075 1306 1106 persuasum

337 1121 407 1143 esse
430 1110 513 1150 quod
537 1110 637 1142 semel
660 1109 751 1141 Deus
774 1110 929 1150 promisit,
958 1113 994 1140 ut
1017 1109 1049 1139 in
1074 1108 1305 1139 dubitationem

337 1164 403 1185 non
427 1163 588 1189 vocemus,
612 1153 806 1184 exaudiendi
830 1153 930 1183 simus
953 1161 1063 1183 necne.

425 1196 486 1237 Qui
518 1196 657 1227 haesitat.
710 1195 886 1236 Eleganter
921 1195 980 1225 hac
1010 1193 1223 1225 similitudine
1253 1204 1306 1225 ex-

336 1239 447 1280 primit
481 1238 617 1279 qualiter
651 1238 741 1270 Deus
776 1248 885 1269 eorum
922 1236 1146 1268 infidelitatem
1181 1237 1304 1276 puniat,

336 1283 390 1322 qui
422 1282 461 1313 de
492 1281 657 1321 promissis
680 1282 746 1313 suis
769 1280 926 1311 dubitant.
971 1278 1040 1311 Sua
1063 1279 1150 1310 enim
1173 1279 1234 1319 ipsi
1256 1279 1306 1310 in-

337 1323 527 1365 quietudine
550 1324 638 1355 intus
661 1334 695 1354 se
718 1324 803 1364 ipsos
822 1322 1026 1354 excruciant:
1050 1323 1200 1362 quoniam
1217 1322 1306 1354 nulla

337 1377 474 1407 usquam
509 1371 559 1398 est
592 1367 710 1398 animis
739 1366 858 1397 nostris
882 1365 1109 1404 tranquillitas,
1144 1365 1207 1397 nisi
1230 1365 1306 1396 dum

337 1410 532 1441 recumbunt
568 1410 601 1440 in
631 1409 694 1440 Dei
728 1409 908 1440 veritatem.
964 1408 1109 1439 Tandem
1144 1408 1307 1440 concludit

338 1452 488 1493 indignos
516 1463 585 1484 esse
608 1452 688 1483 tales
712 1451 765 1492 qui
789 1462 808 1482 a
829 1450 901 1482 Deo
924 1450 1097 1491 quidquam
1121 1451 1306 1491 impetrent.

339 1495 482 1536 Insignis
513 1500 562 1526 est
584 1495 636 1526 hic
659 1494 748 1526 locus
770 1494 810 1525 ad
833 1493 1046 1525 refellendum
1068 1494 1202 1534 impium
1226 1493 1306 1525 illud

339 1537 457 1579 dogma
490 1538 573 1578 quod
606 1538 640 1568 in
674 1542 742 1568 toto
771 1544 892 1577 papatu
920 1547 978 1577 pro
1000 1536 1131 1568 oraculo
1154 1536 1305 1568 habet-ur:

339 1590 455 1620 nempe
479 1579 664 1612 dubitanter
687 1585 718 1611 et
740 1580 865 1612 incerta
885 1590 1052 1611 successus
1071 1579 1221 1620 opinione
1237 1590 1307 1611 esse

337 1623 506 1655 orandum.
562 1622 671 1662 Quare
702 1622 898 1663 principium
933 1622 993 1654 hoc
1027 1627 1208 1661 teneamus,
1242 1633 1305 1654 non

338 1666 433 1697 aliter
456 1665 603 1697 exaudiri
626 1676 738 1705 preces
760 1672 889 1697 nostras
912 1676 931 1696 a
947 1664 1097 1703 Domino,
1121 1665 1184 1697 nisi
1207 1675 1306 1706 quum

338 1708 431 1740 adest
453 1709 648 1748 impetrandi
671 1708 798 1740 fiducia.
843 1708 932 1739 Fieri
962 1707 1093 1748 quidem
1116 1718 1181 1739 non
1205 1712 1308 1749 potest

338 1752 373 1782 in
408 1751 468 1783 hac
495 1751 603 1783 carnis
632 1751 822 1782 infirmitate
853 1752 931 1791 quin
954 1751 1054 1782 variis
1077 1750 1308 1782 tentationibus

338 1794 507 1835 agitemur,
533 1804 614 1834 quae
637 1800 712 1825 sunt
735 1794 837 1826 veluti
860 1793 1028 1826 machinae
1051 1793 1091 1824 ad
1113 1793 1307 1825 labefactan-
1333 1789 1335 1801 “

339 1836 413 1868 dam
447 1842 594 1868 nostram
627 1837 795 1869 fiduciam:
834 1837 880 1867 ita
914 1847 1008 1868 nemo
1042 1837 1222 1877 reperietur
1253 1837 1307 1877 qui

339 1890 404 1910 non
441 1889 539 1911 sensu
573 1880 680 1911 carnis
713 1890 792 1911 suae
826 1879 954 1911 vacillet
988 1890 1024 1911 ac
1059 1879 1213 1919 trepidet:
1252 1879 1308 1910 sed

341 1927 467 1962 oportet
500 1922 658 1953 eiusmodi
687 1922 885 1953 tentationes
914 1922 977 1954 fide
1000 1921 1130 1954 tandem
1154 1923 1308 1962 superari.

341 1964 620 2003 Quemadmodum
644 1965 748 2004 arbor,
769 1975 850 2005 quae
872 1965 982 1996 firmas
1005 1965 1129 1997 radices
1152 1965 1234 2003 iecit,
1254 1975 1308 2005 pe—

342 2007 422 2037 titur
456 2008 585 2047 quidem
617 2009 706 2039 venti
741 2008 897 2048 impulsu,
933 2008 989 2039 sed
1023 2017 1089 2039 non
1123 2007 1307 2040 revellitur:

343 2049 419 2088 quin
445 2051 548 2089 potius
572 2061 628 2082 suo
652 2051 720 2082 loco
743 2050 866 2082 stabilis
890 2055 1010 2082 manet.

430 2091 459 2122 8.
496 2092 553 2123 Vir
585 2093 703 2133 duplici
731 2094 844 2125 animo.
894 2093 1010 2125 Potest
1039 2093 1120 2124 haec
1150 2093 1310 2125 sententia

343 2144 485 2166 seorsum
511 2134 582 2175 legi,
605 2144 641 2166 ut
665 2136 860 2177 generaliter
883 2136 923 2167 de
946 2136 1125 2177 hypocritis
1145 2136 1308 2176 loquatur:

342 2177 424 2208 mihi
447 2182 555 2208 tamen
579 2179 682 2218 magis
705 2179 832 2210 videtur
854 2179 1030 2220 superioris
1054 2179 1219 2210 doctrinae
1242 2189 1311 2210 esse

344 2219 505 2251 clausula:
540 2223 636 2260 atque
666 2222 712 2252 ita
739 2223 799 2253 erit
831 2222 927 2253 tacita
950 2222 1118 2254 antithesis
1140 2222 1226 2253 inter
1248 2221 1310 2252 Dei

346 2261 602 2302 simplicitatem,
639 2264 729 2295 cuius
762 2265 911 2295 meminit
945 2265 1049 2305 prius,
1084 2270 1117 2296 et
1150 2264 1311 2304 duplicem

346 2305 488 2336 hominis
524 2306 680 2336 animum.
736 2306 837 2338 Sicuti
871 2308 958 2338 enim
992 2312 1181 2347 exporrecta
1213 2317 1312 2338 manu

347 2348 439 2379 nobis
455 2347 546 2379 Deus
569 2348 722 2388 largitur:
745 2349 789 2379 ita
805 2350 947 2380 vicissim
963 2351 1071 2381 sinum
1087 2350 1193 2382 cordis
1210 2350 1312 2381 nostri

347 2400 527 2430 expansum
547 2400 616 2422 esse
635 2391 738 2423 decet.
771 2391 958 2423 Incredulos
974 2403 1059 2432 ergo,
1080 2393 1133 2433 qui
1148 2393 1313 2424 fluxuosos

348 2443 492 2464 recessus
517 2433 646 2471 habent,
671 2434 748 2465 dicit
770 2444 839 2465 esse
862 2434 1107 2474 instabiles,
1133 2435 1208 2476 quia
1232 2446 1312 2466 nun—

347 2486 444 2515 quam
469 2486 570 2506 unum
595 2482 626 2507 et
649 2476 732 2507 idem
757 2477 965 2508 constitutum
989 2478 1124 2509 habent:
1149 2478 1204 2510 sed
1227 2488 1314 2509 nuno

348 2524 481 2559 turgent
514 2519 619 2550 carnis
653 2520 861 2557 confidentia,
900 2530 986 2551 nunc
1024 2521 1248 2561 desperatione
1280 2521 1313 2551 in

348 2561 541 2600 protundum
565 2567 767 2602 merguntur.

435 2646 463 2677 9.
495 2645 594 2678 Porro
621 2647 770 2688 glorietur
796 2648 897 2688 frater
922 2647 1051 2680 humilis
1072 2650 1106 2680 in
1128 2649 1316 2681 sublimitate

1329 199 1485 231 IACOBI
2262 201 2325 233 388

1329 298 1332 325 1
1358 306 1430 328 sua:
1477 296 1525 325 10.
1555 295 1640 326 clives
1669 298 1771 327 autem
1800 296 1834 326 in
1860 296 2033 329 humilitate
2061 307 2129 336 sua,
2160 299 2237 337 quia
2258 301 2326 330 tan-

1330 334 1332 378 '3
1357 349 1452 379 quam
1479 338 1537 375 flos
1565 337 1674 369 herbae
1698 338 1889 378 praeteribit.
1942 340 1991 370 11.
2017 339 2102 371 Nam
2129 340 2175 372 sol
2204 343 2326 373 exortus

1330 384 1333 429 l
1357 384 1399 413 est
1421 391 1489 412 cum
1511 383 1608 419 aestu,
1636 383 1662 411 et
1684 381 1833 413 exarescit
1864 381 1966 421 herba,
1999 384 2024 414 et
2043 383 2101 421 flos
2122 383 2189 414 eius
2211 383 2325 424 cecidit,

1330 450 1333 473 λ,
1357 427 1382 455 εί
1416 424 1505 455 decor
1534 424 1694 464 adspectus
1721 424 1790 455 eius
1812 425 1923 463 periit:
1956 424 2002 456 sic
2031 428 2058 456 et
2088 425 2172 457 dives
2201 426 2236 457 in
2257 426 2326 457 suis

1357 467 1418 498 viis
1441 469 1608 498 marcescet.

1443 552 1472 582 9.
1493 550 1607 584 Frater
1623 551 1762 582 humilis.
1797 550 2073 590 Quemadmodum
2091 553 2211 585 Paulus
2226 563 2325 594 quum

1331 617 1332 622 ,
1357 605 1466 626 servos
1490 594 1636 626 hortatur
1658 595 1700 636 (1.
1718 595 1790 626 Gor.
1809 594 1838 634 7,
1861 594 1916 636 22)
1939 595 1978 626 ad
2002 595 2202 627 tolerandam
2221 606 2323 637 aequo

1358 638 1465 669 animo
1495 642 1614 669 sortem
1645 647 1747 677 suam,
1780 637 1863 669 hanc
1893 637 1957 670 illis
1980 638 2228 670 consolationem
2252 649 2323 679 pro-

1358 681 1457 721 ponit,
1485 679 1569 719 quod
1593 680 1699 711 liberti
1722 681 1788 711 sint
1811 679 1882 716 Dei,
1915 681 2104 712 manumissi
2128 681 2196 712 eius
2220 682 2326 722 gratia

1358 733 1375 754 e
1399 722 1578 754 miserrimo
1603 722 1744 755 Satanae
1771 723 1914 754 servitio:
1950 723 2110 764 ingenuos
2138 729 2245 756 autem
2269 724 2324 756 ad-

1358 770 1467 797 monet
1496 769 1533 796 ut
1559 775 1593 797 se
1616 765 1678 797 Dei
1712 776 1823 797 servos
1846 776 1915 797 esse
1944 766 2167 798 meminerint:
2203 767 2248 798 ita
2272 767 2324 799 hic

1359 813 1469 840 noster
1503 808 1614 839 eodem
1647 818 1743 840 sensu
1767 808 1854 839 iubet
1884 808 2024 840 humiles
2054 809 2086 840 in
2117 819 2154 841 eo
2185 809 2326 850 gloriari,

1358 851 1442 891 quod
1472 861 1491 882 a
1517 849 1657 882 Domino
1688 851 1831 891 adoptati
1861 851 1980 883 fuerint
2010 853 2043 883 in
2073 851 2173 883 filios:
2209 852 2326 884 divites

1358 898 1481 931 autem,
1515 893 1599 933 quod
1629 898 1758 925 ostensa
1787 894 1899 925 mundi
1923 895 2080 932 vanitate,
2113 895 2147 926 in
2177 894 2324 926 ordinem

1358 937 1460 968 coacti
1491 936 1620 968 fuerint.
1665 936 1716 968 Ita
1745 937 1867 976 priores
1891 937 1961 969 vult
1983 947 2054 969 esse
2076 942 2244 969 contentos
2267 937 2325 969 hu-

1358 979 1426 1010 mili
1465 982 1498 1010 et
1531 979 1655 1011 abiecta
1691 989 1749 1011 sua
1787 979 1985 1011 conditione:
2023 979 2181 1012 secundos
2218 985 2326 1012 autem

1358 1022 1524 1062 superbire
1548 1027 1644 1054 vetat.
1685 1021 1794 1061 Quum
1820 1023 1898 1055 haec
1920 1033 2048 1054 summa
2070 1026 2103 1054 et
2125 1024 2327 1063 incompara-

1360 1064 1432 1096 bilis
1465 1066 1507 1096 sit
1542 1064 1700 1106 dignatio,
1735 1066 1818 1105 quod
1852 1066 1885 1096 in
1920 1066 2105 1097 societatem
2136 1065 2326 1106 angelorum

1359 1107 1465 1140 allecti
1495 1107 1607 1146 simus,
1638 1108 1702 1139 imo
1726 1107 1849 1140 Christi
1871 1114 2037 1140 consortes
2059 1108 2150 1139 facti:
2181 1108 2235 1148 qui
2258 1112 2326 1140 tan-

1359 1155 1427 1181 tum
1459 1151 1520 1181 Dei
1555 1150 1744 1182 beneficium
1779 1162 1836 1182 suo
1872 1152 1974 1191 pretio
2005 1151 2169 1190 aestimat,
2203 1150 2327 1191 reliqua

1359 1193 1468 1224 omnia
1497 1203 1618 1234 susque
1647 1193 1749 1234 deque
1779 1194 1884 1226 faciet.
1934 1194 2022 1234 Ergo
2052 1204 2112 1225 nec
2141 1198 2324 1234 paupertas,

1359 1245 1419 1267 nec
1441 1240 1656 1276 contemptus,
1685 1247 1743 1268 nec
1766 1237 1904 1274 nuditas,
1934 1247 1994 1268 nec
2023 1237 2132 1274 fames,
2163 1247 2222 1268 nec
2244 1236 2325 1276 sitis,

1359 1279 1427 1310 eius
1461 1278 1604 1310 animum
1638 1279 1683 1310 ita.
1711 1279 1844 1310 anxium
1879 1279 2056 1318 habebunt,
2091 1279 2169 1319 quin
2200 1289 2235 1310 se
2265 1279 2326 1311 hac

1359 1321 1577 1353 consolatione
1592 1326 1763 1354 sustentet:
1781 1322 1908 1362 quando
1924 1321 2002 1352 mihi
2018 1322 2100 1362 quod
2118 1322 2325 1362 praecipuum

1360 1370 1438 1404 erat,
1462 1363 1624 1396 Dominus
1642 1365 1790 1402 contulit,
1815 1364 1887 1396 aliis
1903 1365 2083 1396 minoribus
2098 1374 2207 1396 carere
2224 1375 2325 1404 aequo

1360 1407 1467 1438 animo
1498 1407 1598 1439 decet.
1644 1407 1695 1438 En
1719 1407 1876 1447 quomodo
1903 1408 2003 1438 frater
2026 1407 2169 1439 abiectus
2191 1407 2326 1448 gloriari

1361 1450 1475 1482 debeat
1504 1450 1538 1481 in
1563 1461 1622 1482 sua
1651 1450 1865 1481 sublimitate:
1895 1450 1970 1490 quia
1992 1450 2018 1481 si
2042 1456 2155 1490 gratus
2175 1455 2223 1481 est
2247 1450 2326 1488 Deo,

1359 1493 1393 1524 in
1423 1492 1491 1524 sola
1520 1493 1691 1533 adoptione
1720 1503 1779 1524 sua
1805 1493 1885 1524 satis
1907 1493 2039 1533 plenam
2063 1491 2160 1523 habet
2181 1492 2326 1524 consola-

1360 1536 1456 1567 tionis
1490 1536 1678 1574 materiam,
1716 1546 1756 1567 ne
1790 1536 1898 1567 minus
1932 1545 2086 1576 prospero
2121 1535 2206 1567 vitae
2240 1537 2327 1566 statu

1359 1578 1445 1610 ultra
1467 1578 1599 1610 modum
1623 1582 1773 1619 angatur.

1446 1622 1496 1653 10.
1526 1621 1626 1654 Dives
1653 1622 1689 1653 in
1717 1621 1897 1653 humilitate.
1943 1621 2092 1661 Speciem
2122 1631 2180 1661 pro
2209 1630 2328 1662 genere

1359 1666 1474 1705 posuit.
1526 1665 1675 1696 Pertinet
1705 1664 1791 1696 enim
1825 1665 1904 1696 haec
1937 1664 2114 1695 admonitio
2147 1663 2187 1695 ad
2217 1673 2328 1695 omnes

1359 1708 1413 1748 qui
1437 1709 1489 1740 vel
1511 1707 1644 1746 honore,
1667 1708 1719 1740 vel
1742 1707 1918 1747 nobilitate,
1941 1707 1992 1739 vel
2015 1707 2086 1738 aliis
2110 1706 2205 1738 rebus
2221 1710 2327 1738 exter·

1360 1751 1410 1782 nis
1433 1751 1607 1782 excellunt.
1645 1751 1713 1782 Eos
1736 1751 1769 1781 in
1793 1750 1985 1791 humilitate,
2009 1750 2060 1781 vel
2083 1750 2246 1789 parvitate
2268 1758 2328 1781 sua

1360 1794 1492 1834 gloriari
1514 1794 1620 1825 iubet:
1642 1799 1679 1825 ut
1697 1794 1888 1833 comprimat
1911 1793 1991 1825 altos
2015 1793 2085 1823 illos
2108 1793 2251 1833 spiritus,
2273 1791 2328 1832 qui

1361 1847 1400 1868 ex
1424 1838 1517 1868 rebus
1541 1838 1703 1877 prosperis
1725 1837 1832 1867 inflari
1856 1836 1971 1867 solent.
2016 1836 2128 1872 Perre,
2157 1835 2328 1867 humili-

1362 1884 1489 1910 tatem
1512 1879 1662 1919 appellat‚
1694 1880 1769 1919 quia
1792 1889 1929 1919 regnum
1953 1879 2013 1910 Dei
2036 1877 2245 1918 patefactum,
2269 1887 2328 1909 nos

1361 1923 1395 1953 in
1424 1926 1646 1962 contemptum
1677 1921 1789 1953 mundi
1812 1922 1970 1953 adducere
1994 1920 2102 1953 debet:
2134 1927 2169 1953 ut
2191 1921 2330 1953 sciamus

1361 1966 1469 1996 omnia
1491 1975 1572 2005 quae
1595 1965 1684 2004 prius
1706 1965 1741 1995 in
1764 1975 1883 2005 magna
1908 1964 2122 1996 admiratione
2145 1968 2247 2001 erant,
2277 1962 2330 1994 vel

1362 2008 1466 2044 nihili,
1495 2007 1549 2039 vel
1579 2007 1752 2038 admodum
1784 2007 1899 2039 exsilia
1928 2017 2007 2039 esse.
2053 2006 2205 2038 Christus
2233 2006 2330 2043 enim,

1362 2051 1416 2091 qui
1440 2061 1504 2082 non
1527 2050 1590 2081 nisi
1612 2050 1824 2090 parvulorum
1847 2051 2002 2090 magister
2025 2055 2083 2089 est,
2113 2059 2241 2081 omnem
2263 2058 2330 2080 car-

1364 2094 1414 2124 nis
1444 2093 1564 2124 fastum
1593 2103 1650 2124 sua
1673 2092 1821 2124 doctrina
1843 2093 1998 2124 retundit.
2042 2091 2128 2133 Ergo
2152 2102 2191 2123 ne
2215 2091 2330 2123 divites

1364 2135 1501 2176 abripiat
1531 2136 1628 2167 inane
1659 2135 1772 2166 mundi
1795 2135 1958 2175 gaudium,
1989 2139 2175 2166 assuescant
2196 2134 2232 2165 in
2254 2144 2331 2165 suae

1363 2178 1500 2211 carnalis
1523 2178 1733 2210 excellentiae
1757 2178 1933 2209 deiectione
1955 2177 2096 2218 gloriari.

1452 2221 1618 2260 Tanquam
1637 2221 1693 2260 flos
1716 2221 1829 2252 herbae.
1871 2219 1906 2252 Si
1931 2221 2002 2260 quis
2024 2220 2064 2251 ad
2088 2220 2186 2251 verba
2208 2219 2331 2251 Iesaiae

1365 2264 1507 2295 alludere
1538 2264 1691 2295 Iacobum
1725 2268 1829 2304 putet,
1862 2273 1928 2294 non
1959 2262 2052 2294 valde
2080 2273 2239 2302 repugno:
2274 2261 2330 2293 sed

1365 2317 1430 2338 nou
1460 2307 1634 2338 concedam
1665 2306 1882 2338 testimonium
1905 2305 2081 2346 prophetae
2104 2306 2143 2336 ab
2167 2315 2204 2336 eo
2227 2304 2330 2341 citari,

1366 2351 1421 2390 qui
1445 2360 1510 2381 non
1534 2350 1572 2381 de
1594 2349 1688 2381 bonis
1709 2350 1855 2380 fortunae
1871 2353 1997 2379 tantum
2014 2353 2046 2379 et
2063 2348 2200 2379 evanida
2216 2346 2329 2378 mundi

1364 2393 1470 2433 figura
1493 2392 1643 2433 loquitur,
1667 2392 1723 2423 sed
1747 2392 1785 2423 de
1808 2396 1873 2422 toto
1895 2391 2042 2422 homine:
2067 2401 2125 2422 nec
2145 2390 2183 2422 de
2199 2400 2330 2430 corpore

1366 2436 1470 2476 magis
1500 2445 1598 2475 quam
1628 2435 1744 2466 anima.
1790 2434 1853 2466 Hic
1883 2440 1990 2464 autem
2020 2434 2058 2464 de
2082 2444 2179 2474 opum
2203 2433 2254 2464 vel
2277 2433 2329 2464 bo-

1366 2488 1481 2509 norum
1512 2488 1631 2518 pompa
1656 2479 1773 2518 agitur.
1818 2477 1954 2508 Summa
1977 2481 2085 2508 autem
2110 2481 2168 2516 est,
2198 2475 2330 2507 stultam

1367 2531 1436 2552 esse
1458 2525 1489 2552 et
1519 2525 1760 2561 praeposteram
1786 2520 2010 2560 gloriationem
2033 2519 2068 2550 in
2091 2519 2221 2556 divitiis,
2251 2527 2332 2558 quae

1367 2568 1529 2595 momento
1552 2564 1697 2594 effluunt.
1742 2563 1833 2594 Idem
1856 2562 1972 2593 docent
1995 2561 2195 2602 philosophi:
2219 2570 2330 2592 verum

1367 2606 1475 2638 surdis
1508 2606 1636 2637 canitur
1665 2606 1780 2643 fabula,
1816 2605 1914 2636 donec
1944 2610 2075 2645 apertae
2104 2605 2169 2636 sint
2197 2613 2290 2635 aures
2312 2612 2331 2632 a

1368 2648 1519 2689 Domino,
1542 2648 1583 2680 ad
1604 2648 1796 2680 audiendam
1819 2647 1964 2679 coelestis
1986 2648 2079 2689 regni
2095 2648 2330 2679 aeternitatem.
