2513 3126
272 213 332 246 467
1089 211 1230 244 EPIST.
1254 211 1389 243 PETRI
1413 212 1445 242 11
2201 213 2264 247 468

273 313 383 341 rentcr
406 309 444 340 nd
468 307 663 348 peccandum
681 307 824 347 inquieto
841 312 930 339 motu
955 308 1119 339 feruntur:
1146 307 1242 339 sicuti

273 353 369 384 etium
395 362 466 382 mox
492 350 652 389 exprimit.

361 395 407 425 14.
441 394 614 424 Iuescantes
647 393 781 424 animas.
841 392 1035 433 Metaphora
1068 392 1242 431 inescandi,

273 437 382 469 fideles
406 436 556 466 admonet
586 440 621 466 ut
644 436 703 467 sibi
727 440 862 467 caveant
885 436 924 467 ab
947 436 1082 467 occultis
1105 441 1135 467 et
1160 436 1243 467 frau-

273 480 412 511 dulentis
435 488 545 509 eorum
570 478 784 519 captionibus:
820 489 893 509 nam
917 488 1024 510 eorem
1049 479 1242 518 imposturas

273 523 377 554 hamis
408 526 571 561 comparat
602 522 655 561 qui
688 526 817 561 possent
843 522 991 553 incautos
1014 521 1054 552 ad
1076 521 1242 553 interitum

272 575 394 605 rapere.
447 563 558 602 Quum
592 563 690 603 addit,
724 565 880 596 animas
914 563 1157 602 instabiles,
1191 574 1242 596 oa·

273 607 367 639 vendi
398 606 557 638 rationem
587 607 793 644 demonstrat,
822 607 848 638 si
872 608 981 638 firmas
1006 607 1039 638 in
1062 607 1125 638 fide
1147 611 1180 638 et
1204 607 1240 637 ti-

271 660 360 681 more
390 649 520 681 Domini
554 649 676 681 radices
706 650 884 690 egerimus:
918 660 955 682 ac
987 650 1082 681 simul
1114 649 1243 688 indicat,

271 693 362 724 nulla
391 692 597 724 excusatione
628 703 695 724 esse
725 692 839 733 dignos
869 693 922 733 qui
952 703 987 724 se
1011 692 1128 724 talibus
1151 692 1242 723 blan-

271 735 358 766 ditiis
381 735 517 767 inescari
548 736 677 766 sinunt:
712 736 786 775 quia
817 735 877 767 hoc
907 745 1017 767 eorum
1048 735 1171 767 levitati
1201 735 1243 767 sit

272 778 508 819 imputandum.
554 777 649 809 Adsit
672 788 749 818 ergo
773 777 849 809 fidei
871 778 1038 816 stabilitas,
1067 783 1099 810 et
1122 778 1161 810 ab
1185 778 1242 809 im-

271 822 397 862 piorum
421 820 564 860 capturis
588 821 648 851 tuti
673 822 806 852 erimus.

358 864 417 895 Cor
439 863 639 894 arei-citatum
660 864 893 904 cupiditatibus.
934 863 1091 895 Erasmus
1114 864 1243 902 rapinas

271 907 382 938 vertit:
419 911 449 937 et
484 906 636 946 ambigua
669 912 717 938 est
751 916 885 947 graecae
919 906 1006 938 vocis
1040 906 1243 946 significatio.

270 950 342 990 Ego
365 948 557 989 cupiditates
581 949 682 980 malo:
711 950 786 989 quia
808 949 902 981 sicuti
926 949 1016 989 prius
1040 949 1242 980 incontinen-

271 993 348 1023 tiam
382 991 549 1022 damnavit
578 992 611 1022 in
643 1003 754 1023 eorum
783 991 895 1032 oculis,
930 993 974 1022 ita
1005 1002 1091 1023 nunc
1115 991 1244 1022 videtur

270 1044 352 1075 quae
385 1034 418 1065 in
449 1034 544 1066 corde
573 1035 675 1066 latent
705 1035 785 1067 vitia
815 1040 937 1066 notare.
987 1034 1038 1066 Ad
1071 1034 1243 1065 avaritiam

269 1087 366 1118 porro
396 1076 456 1109 hoc
487 1078 641 1118 restringi
672 1088 735 1109 non
768 1077 872 1109 debet.
928 1076 1024 1116 Quod
1053 1086 1243 1107 exsecra-

270 1120 376 1152 biles
409 1120 530 1151 filios
563 1120 718 1159 nominat,
752 1124 817 1151 tam
852 1120 957 1151 active
991 1130 1086 1159 qnam
1120 1119 1244 1158 passive

269 1168 378 1204 posset
401 1163 536 1203 exponi:
567 1163 628 1195 hoc
651 1168 710 1202 est,
734 1164 787 1204 qui
811 1162 1079 1198 maledictionem,
1103 1172 1244 1201 quocun-

270 1217 330 1246 que
365 1207 506 1242 veniant,
541 1216 652 1238 secum
687 1206 836 1244 afferunt,
871 1205 921 1236 vel
956 1205 1010 1244 qui
1045 1204 1134 1245 digni
1168 1208 1245 1235 sunt

270 1249 502 1281 exsecratione.
556 1249 720 1288 Quoniam
752 1254 860 1280 autem
896 1248 1051 1279 hactenus
1085 1247 1244 1278 recensuit

271 1297 428 1332 quantum
471 1302 643 1332 perversae
684 1292 851 1332 turpisque
883 1291 971 1321 vitae
1004 1290 1153 1330 exemplo
1188 1300 1243 1321 no-

271 1337 379 1366 ceant:
402 1335 519 1365 iterum
544 1335 670 1374 repetit,
702 1334 796 1365 letale
820 1333 994 1373 impietatis
1018 1343 1180 1364 venenum
1209 1332 1243 1363 in

272 1377 420 1409 doctriua
455 1387 508 1408 eos
544 1387 713 1418 spargere,
754 1387 815 1417 quo
849 1376 1009 1416 simplices
1043 1376 1242 1407 interimant.

272 1420 448 1460 Comparat
471 1430 524 1452 eos
547 1430 619 1452 cum
637 1420 772 1451 Balaam
795 1418 861 1450 filio
880 1419 995 1457 Bozor,
1019 1419 1075 1458 qui
1098 1419 1243 1458 linguam

271 1463 385 1494 habuit
400 1462 549 1494 venalem
566 1463 605 1494 ad
623 1462 879 1494 maledicendum
896 1461 1013 1502 populo
1030 1461 1102 1493 Dei.
1135 1462 1244 1501 Atque

271 1511 308 1537 ut
339 1505 488 1546 indignos
517 1506 612 1546 longa
641 1505 836 1537 refutatione
866 1515 935 1536 esse
968 1504 1132 1542 ostendat,
1168 1504 1245 1535 dicit

271 1548 408 1579 Balaam
441 1548 677 1589 reprehensum
711 1548 808 1579 fuisse
843 1547 881 1578 ab
914 1547 1020 1584 asina,
1062 1552 1160 1587 atque
1199 1547 1245 1578 ita

272 1591 455 1622 convictam
486 1592 585 1622 fuisse
615 1591 682 1622 eius
712 1590 900 1622 amentiam.
957 1589 1023 1622 Sed
1052 1590 1164 1621 eadem
1193 1600 1244 1621 ra-

273 1634 362 1665 tione
396 1634 507 1665 fideles
540 1634 579 1665 ab
613 1634 701 1665 omni
739 1643 848 1664 eorum
886 1632 1039 1664 societate
1076 1633 1244 1664 absterret.

271 1677 349 1708 Fuit
373 1677 457 1708 enim
482 1676 636 1708 horribile
657 1676 738 1708 illud
754 1676 818 1707 Dei
841 1676 1003 1714 iudicium,
1029 1675 1113 1716 quod
1137 1676 1245 1707 asinae

271 1721 361 1760 prius
377 1730 410 1751 se
426 1720 646 1751 manifestavit
669 1719 805 1760 angelus
828 1729 922 1759 quam
947 1719 1138 1760 prophetae:
1162 1718 1245 1759 quod

272 1764 362 1794 asina
384 1763 545 1794 infensum
570 1762 678 1793 Deum
701 1763 856 1799 sentiens,
883 1762 969 1793 ultra
992 1761 1142 1802 progredi
1166 1771 1246 1792 ausa

273 1816 339 1836 non
368 1810 426 1843 est,
457 1806 534 1845 quin
560 1807 668 1845 potius
691 1805 787 1845 pedes
810 1805 932 1843 retulit,
965 1815 1063 1845 quum
1088 1804 1247 1844 propheta

274 1858 366 1880 coeco
397 1848 554 1880 avaritiae
584 1859 660 1880 suae
691 1848 833 1888 impulsu
862 1847 1017 1879 adversus
1039 1852 1160 1879 certam
1184 1847 1245 1878 Dei

274 1890 520 1930 prohibitionem
550 1901 584 1922 se
614 1892 786 1931 ingereret.
833 1891 914 1922 Nam
939 1890 1023 1930 quod
1045 1890 1092 1920 illi
1115 1889 1245 1921 tandem

274 1943 464 1974 responsum
483 1934 545 1964 fuit
567 1938 604 1964 ut
620 1934 697 1965 iret:
721 1934 851 1974 signum
869 1934 996 1965 divinae
1012 1932 1247 1973 indignationis

275 1976 335 2006 fuit
357 1976 460 2016 magis
483 1986 579 2016 quam
603 1977 789 2017 permissus.
832 1977 1002 2008 Postremo
1026 1976 1060 2006 in
1083 1986 1246 2006 summum

276 2018 344 2049 eius
375 2017 511 2050 dedecus
541 2029 575 2050 os
605 2024 753 2059 apertum
783 2019 892 2050 asinae
916 2019 984 2056 fuit,
1015 2024 1052 2049 ut
1074 2018 1165 2049 illam
1189 2018 1246 2049 ha-

276 2060 366 2091 beret
396 2061 584 2100 magistram
615 2062 668 2101 qui
692 2062 753 2092 Dei
784 2062 916 2101 imperio
942 2061 1097 2093 subiicere
1127 2072 1161 2092 se
1193 2071 1247 2092 no-

275 2103 390 2134 luerat.
436 2105 541 2143 Atque
564 2103 624 2135 hoc
653 2104 798 2145 prodigio
821 2104 989 2136 ostendere
1012 2104 1113 2136 voluit
1136 2104 1248 2135 Domi-

276 2156 339 2177 nus
369 2155 464 2185 quam
495 2146 678 2186 prodigiosa
708 2157 760 2178 res
783 2148 834 2187 sit,
866 2147 1036 2178 veritatem
1061 2147 1093 2177 in
1117 2147 1247 2177 menda-

276 2189 362 2220 cium
396 2194 533 2220 mutare.
585 2189 764 2228 Quaeritur
798 2200 884 2221 nunc
919 2200 980 2229 quo
1014 2191 1084 2221 iure
1112 2189 1248 2220 Balaam

275 2230 453 2271 prophetae
487 2231 582 2262 titulo
615 2232 820 2272 insigniatur,
853 2243 947 2272 quem
981 2237 1108 2264 constat
1136 2232 1248 2263 multis

277 2316 478 2348 vaticinandi
497 2317 616 2348 donum
641 2317 687 2348 sic
710 2326 779 2348 esse
802 2317 1005 2357 particulare,
1035 2322 1070 2348 ut
1093 2318 1147 2358 qui
1171 2317 1249 2348 alias

277 2369 339 2390 nec
355 2369 467 2390 verum
485 2359 592 2391 Deum
611 2359 695 2396 colit,
719 2370 777 2391 nec
801 2369 913 2399 puram
937 2360 1126 2400 religionem
1152 2363 1250 2399 tenet,

276 2402 376 2442 possit
413 2406 522 2433 tamen
555 2402 611 2433 illo
644 2412 712 2433 esse
743 2402 916 2442 praeditus.
962 2402 1063 2433 Porro
1093 2403 1186 2434 Deus
1217 2403 1251 2433 in

277 2445 383 2476 media
411 2444 592 2476 idololatria
616 2445 819 2485 prophetiam
841 2445 913 2476 ideo
937 2445 1100 2476 interdum
1124 2451 1252 2476 exstare

278 2488 392 2527 voluit,
432 2498 493 2528 quo
524 2488 634 2519 minus
664 2488 881 2519 excusationis
912 2487 1069 2519 haberent
1092 2488 1249 2519 homines.

280 2530 376 2562 Nunc
398 2531 423 2561 si
448 2531 521 2571 quis
556 2540 716 2562 summam
749 2540 869 2571 eorum,
902 2540 984 2570 quae
1014 2529 1098 2561 dixit
1121 2530 1251 2569 Petrus,

280 2573 421 2613 colligat,
447 2573 569 2604 videbit
586 2583 649 2604 non
667 2573 774 2604 minus
794 2578 903 2604 nostro
923 2573 1049 2604 saeculo
1072 2583 1251 2613 congruere

280 2615 365 2646 hanc
398 2616 466 2647 eius
499 2616 761 2647 admonitionem.
814 2616 899 2647 Nam
932 2616 1052 2656 passim
1085 2621 1252 2656 grassatur

282 2658 361 2691 haec
385 2659 492 2698 pestis,
515 2659 600 2699 quod
622 2658 772 2691 homines
795 2658 920 2691 scurrili
944 2658 1109 2690 dicacitate
1132 2660 1166 2689 in
1190 2658 1252 2690 Dei

1296 312 1327 338 et
1362 307 1484 339 Christi
1524 305 1699 337 ludibrium
1740 306 1934 336 abutuntur:
1980 306 2043 336 imo
2078 306 2263 340 facetiarum

1295 350 1399 382 coloro
1423 359 1551 380 omnem
1575 348 1763 389 religionem
1787 348 2002 380 subsannant:
2034 352 2067 379 et,
2089 358 2188 388 quum
2212 360 2264 390 pe-

1295 393 1415 425 cudum
1453 392 1485 422 in
1522 401 1642 422 morem
1677 391 1766 423 carni
1791 401 1868 422 suae
1902 391 1968 422 sint
2000 390 2130 428 addicti,
2165 391 2266 424 fideli-

1296 436 1355 467 bus
1372 441 1480 465 tamen
1499 444 1533 465 se
1557 435 1765 474 permiscent:
1790 434 1938 474 garriunt
1959 433 2079 473 aliquid
2103 433 2142 465 de
2165 444 2265 466 evan·

1296 478 1386 518 gelio.
1410 477 1466 509 sed
1486 477 1608 508 interca
1627 477 1773 518 linguam
1796 477 1996 517 prostituunt
2019 478 2051 507 in
2075 475 2265 516 obsequium

1296 520 1422 559 diaboli,
1446 524 1483 551 ut
1499 522 1602 551 totum
1619 520 1787 558 mundum,
1811 519 1914 559 quoad
1939 519 1971 550 in
1995 529 2029 550 se
2052 523 2109 556 est,
2134 524 2266 552 aeterno

1296 563 1396 594 exitio
1415 562 1612 595 devoveant:
1637 562 1697 593 hac
1715 562 1747 593 in
1773 568 1863 602 parte
1887 563 2011 602 peiores
2035 561 2103 601 ipso
2119 561 2265 602 Balaam,

1296 606 1379 646 quod
1415 606 1557 646 gratuito
1590 605 1831 636 maledictiones
1865 615 1941 636 suas
1975 604 2130 643 fundunt,
2164 614 2263 645 quum

1296 648 1350 679 ille
1373 649 1502 679 nonnisi
1525 647 1673 680 mercede
1697 647 1834 688 illectus,
1859 647 1899 679 ad
1922 647 2179 679 maledicendum
2196 658 2265 689 pro-

1296 692 1428 731 ruperit.

1383 776 1431 807 17.
1465 775 1498 806 Ii
1532 777 1604 806 sunt
1632 775 1733 814 fontes
1761 776 1827 807 sine
1856 786 1952 815 aqua,
1985 774 2110 807 nebulae
2140 786 2218 815 quae
2246 787 2267 808 a.

1295 818 1415 850 turbiue
1434 820 1578 858 assantur,
1601 817 1712 857 quibus
1734 818 1832 858 caliqo
1850 818 2043 850 tenebrarum
2062 819 2095 849 in
2111 821 2268 851 aeternum

1290 864 1409 902 parata
1432 864 1485 892 est.
1526 860 1573 891 18.
1600 860 1686 891 Nam
1708 860 1762 891 ubi
1774 861 1945 900 plusquam
1960 862 2102 899 fastuosa
2117 862 2267 894 vanitatis

1296 904 1386 935 verba
1419 903 1587 943 sonuerint,
1621 903 1758 934 inescant
1785 913 1846 942 per
1874 904 2133 942 concupiscentias
2161 905 2268 936 carnis

1297 948 1436 979 lasciviis
1455 956 1513 983 eos,
1537 946 1592 984 qui
1610 956 1677 977 vere
1698 946 1885 986 aufugyeraizt
1907 946 1945 977 ab
1967 947 2010 978 iis
2032 947 2086 986 qui
2108 948 2142 978 in
2164 957 2267 980 errore

1296 993 1476 1022 versantur:
1508 988 1557 1020 19.
1581 989 1657 1020 dum
1679 989 1848 1020 libertatem
1870 988 1938 1020 illis
1956 989 2146 1028 promittunt,
2173 1001 2267 1030 quum

1296 1033 1360 1072 ipsi
1383 1033 1446 1063 sint
1468 1032 1551 1063 servi
1573 1032 1791 1071 corruptionis.
1829 1031 1861 1062 A
1884 1042 1941 1071 quo
1956 1032 2036 1063 enim
2052 1033 2123 1071 quis
2137 1043 2266 1073 supera-

1296 1078 1346 1108 tus
1368 1078 1421 1116 est,
1445 1074 1516 1106 huic
1538 1075 1572 1106 in
1594 1075 1767 1106 servitutem
1789 1077 1833 1106 est
1854 1074 2006 1106 addictus.

1384 1161 1433 1191 17.
1459 1159 1571 1192 Fontes
1592 1160 1660 1191 sine
1681 1170 1774 1200 aqua.
1819 1160 1956 1192 Duabus
1979 1160 2049 1192 istis
2072 1160 2270 1200 metaphoris

1298 1203 1399 1240 docet,
1425 1214 1479 1235 eos
1496 1203 1577 1234 nihil
1594 1203 1683 1234 intus
1699 1203 1826 1240 habere,
1843 1213 1943 1243 quum
1960 1213 2114 1243 magnam
2130 1204 2269 1244 speciem

1298 1251 1472 1278 ostentent.
1517 1246 1606 1277 Fons
1636 1245 1792 1286 adspectu
1822 1256 1879 1277 suo
1911 1246 2058 1277 homines
2086 1245 2126 1277 ad
2158 1256 2192 1277 se
2220 1247 2270 1278 in-

1298 1290 1390 1329 vitat,
1424 1289 1500 1329 quia
1524 1299 1617 1320 usum
1652 1299 1752 1328 aquae
1785 1289 1946 1329 promittit
1979 1293 2045 1320 tam
2075 1288 2115 1320 ad
2146 1293 2269 1330 potum,

1298 1342 1393 1372 quam
1426 1332 1506 1363 alias
1529 1333 1614 1364 vitae
1643 1331 1902 1363 commoditates:
1932 1331 2028 1362 simul
2052 1341 2088 1362 ac
2111 1337 2268 1372 apparent

1298 1374 1442 1412 nebulae,
1466 1385 1558 1415 spem
1581 1375 1782 1406 imminentis
1806 1374 1934 1415 pluviae
1953 1374 2076 1406 faciunt
2091 1374 2131 1405 ad
2148 1379 2268 1406 terram

1297 1418 1508 1458 irrigandam.
1555 1417 1642 1449 Dicit
1672 1427 1749 1458 ergo
1773 1417 1851 1448 istos
1875 1417 2015 1449 fontibus
2039 1427 2109 1449 esse
2132 1416 2264 1458 similes,

1298 1461 1372 1501 quia
1395 1461 1519 1501 pollent
1541 1461 1707 1500 iactantia,
1731 1470 1866 1492 acumen
1890 1459 2020 1500 aliquod
2036 1461 2070 1491 in
2086 1461 2266 1498 sententiis,

1298 1504 1332 1534 in
1356 1504 1463 1536 verbis
1486 1504 1629 1544 leporem
1655 1513 1730 1543 prae
1753 1513 1787 1534 se
1811 1504 1936 1534 ferunt:
1965 1503 2053 1534 intus
2076 1506 2185 1534 tamen
2209 1503 2271 1534 ari-

1299 1547 1355 1578 dos
1383 1557 1452 1578 esse
1475 1557 1512 1578 ac
1535 1546 1680 1577 steriles:
1710 1546 1781 1578 ideo
1805 1546 1952 1577 fallacem
1975 1555 2044 1577 esse
2068 1545 2165 1576 fontis
2188 1545 2270 1587 figu-

1298 1600 1379 1621 ram.
1436 1589 1527 1621 Dicit
1560 1589 1757 1620 nebulas
1799 1599 1899 1621 esse
1936 1598 2047 1629 quae
2081 1598 2100 1619 a
2132 1593 2271 1620 vento

1299 1632 1633 1664 discutiuntur
1662 1633 1762 1663 sine
1792 1631 1971 1672 pluvia,
2001 1634 2057 1662 aut
2087 1631 2121 1662 in
2144 1630 2272 1663 calami-

1299 1680 1402 1706 tosam
1440 1675 1614 1715 procellam
1649 1679 1833 1715 erumpunt.
1895 1674 1968 1714 Quo
2007 1674 2151 1711 denotat,
2189 1674 2272 1705 nihil

1300 1718 1452 1750 utilitatis
1482 1728 1628 1758 unquam
1658 1718 1784 1758 afferre,
1814 1727 1909 1758 saepe
1940 1721 2047 1749 autem
2077 1727 2147 1748 esse
2177 1717 2272 1748 valde

1300 1762 1425 1793 noxios.
1463 1761 1583 1792 Postea
1606 1761 1670 1793 illis
1693 1761 1812 1792 iterum
1836 1760 2006 1792 denuntiat
2022 1758 2177 1791 horribile
2191 1759 2272 1791 iudi-

1300 1805 1384 1836 cium
1413 1804 1490 1841 Dei,
1526 1809 1560 1835 nt
1589 1803 1641 1835 hic
1671 1809 1777 1835 metus
1808 1804 1947 1834 retineat
1977 1803 2097 1834 fideles.
2150 1801 2271 1841 Quam-

1301 1857 1399 1887 quam
1430 1847 1507 1878 dum
1543 1847 1848 1878 tenebrarum
1884 1845 2141 1887 caliginem
2171 1846 2272 1877 nomi-

1301 1895 1367 1929 nat,
1397 1890 1513 1921 alludit
1543 1890 1582 1920 ad
1613 1889 1747 1921 nebulas
1770 1899 1852 1930 quae
1875 1899 1943 1920 rem
1967 1889 2153 1921 obscurant:
2185 1898 2222 1919 ac
2244 1888 2272 1921 si

1301 1934 1432 1972 diceret,
1456 1943 1514 1973 pro
1538 1933 1769 1964 momentaneis
1793 1932 1934 1964 tenebris
1957 1942 2036 1972 quas
2059 1942 2145 1963 nunc
2167 1931 2271 1963 offun-

1301 1976 1391 2014 dunt,
1415 1975 1479 2007 illis
1503 1976 1606 2006 multo
1630 1976 1794 2007 densiores
1818 1986 1854 2007 ae
1877 1979 2025 2006 aeternas
2045 1978 2175 2016 paratas
2192 1984 2270 2007 esse.

1388 2019 1437 2049 18.
1468 2018 1528 2050 Ubi
1538 2019 1710 2057 plusquam
1723 2019 1875 2059 fastuosa.
1914 2018 2084 2059 Significat
2100 2017 2271 2049 verborum

1301 2062 1451 2101 ampullis
1475 2062 1689 2101 perstringere
1712 2062 1907 2102 simplicium
1930 2061 2051 2101 oculos,
2074 2065 2110 2092 ut
2126 2059 2273 2091 fraudem

1302 2104 1559 2135 animadvertere
1590 2109 1760 2143 nequeant.
1812 2104 1924 2144 Neque
1954 2104 2042 2135 enim
2071 2102 2187 2134 talibus
2217 2101 2272 2133 de-

1302 2146 1385 2177 liriis
1409 2151 1534 2177 mentes
1557 2147 1627 2186 capi
1652 2146 1743 2177 facile
1766 2151 1859 2182 esset,
1891 2147 1953 2177 nisi
1976 2147 2066 2186 prius
2089 2149 2195 2176 essent
2217 2144 2274 2176 ali-

1302 2199 1364 2227 quo
1395 2189 1531 2220 artificio
1561 2188 1809 2229 obstupefactae.
1860 2189 2023 2221 Sonorum
2054 2197 2131 2228 ergo
2162 2192 2194 2218 et
2223 2187 2273 2218 in-

1275 2246 1276 2252 *
1302 2232 1415 2262 flatum
1447 2231 1602 2262 orationis
1631 2241 1734 2271 genus
1764 2231 1830 2263 illis
1860 2242 1928 2263 esse
1959 2231 2042 2269 dicit,
2071 2229 2192 2270 quoin
2214 2230 2272 2261 ad-

277 2274 387 2314 pravis
416 2274 697 2313 superstitionibus
728 2275 824 2305 luisse
854 2275 1007 2306 deditum.
1057 2274 1249 2314 Respondeo
1275 2291 1277 2300 ι

1303 2275 1508 2306 mirationem
1525 2275 1671 2305 incautos
1687 2274 1826 2314 rapiant.
1853 2274 1978 2305 Deinde
1994 2272 2274 2314 grandiloquentia

1303 2317 1359 2347 illa
1382 2326 1480 2356 quam
1504 2317 1612 2356 pulmo
1635 2317 1762 2348 animae
1784 2317 1972 2357 praelargus
1996 2316 2130 2347 anhelat
2151 2314 2202 2356 (ut
2224 2315 2274 2346 in-

1305 2361 1375 2400 quit
1398 2359 1530 2391 Persius
1543 2359 1566 2401 ¹)
1598 2359 1745 2400 tegendis
1775 2360 1963 2399 ambagibus
1987 2359 2080 2391 valde
2104 2360 2155 2390 est
2177 2368 2273 2398 appo-

1306 2403 1374 2434 sita.
1417 2402 1613 2433 Huiusmodi
1637 2403 1788 2433 astutiam
1811 2403 1843 2433 in
1862 2402 2036 2434 Valentino
2059 2407 2091 2433 et
2114 2401 2274 2433 similibus

1305 2446 1379 2476 olim
1404 2446 1513 2484 fuisse,
1537 2456 1578 2476 ex
1600 2445 1691 2476 libris
1713 2445 1843 2477 Irenaei
1866 2445 2015 2485 colligere
2039 2445 2122 2476 licet.
2169 2443 2274 2475 Voces

1305 2490 1391 2519 enim
1415 2489 1505 2528 prius
1528 2487 1688 2519 inauditas
1712 2488 1921 2527 excuderant,
1945 2498 2082 2527 quarum
2102 2486 2192 2518 inani
2208 2497 2274 2518 cre-

1306 2532 1375 2570 pitu
1405 2531 1540 2570 perculsi
1569 2531 1722 2571 imperiti,
1750 2541 1862 2562 eorum
1887 2531 2009 2562 deliriis
2031 2530 2273 2562 irretiebantur.

1306 2574 1373 2604 Nec
1403 2584 1493 2605 secus
1523 2573 1616 2604 hodie
1646 2573 1828 2614 phrenetici
1858 2573 1995 2614 quidam,
2027 2573 2081 2614 qui
2111 2571 2273 2613 plausibili

1392 2668 1413 2701 ¹)
1431 2667 1516 2694 satir.
1535 2666 1556 2693 1.
1575 2667 1614 2693 14.

2480 1199 2492 1228 0·-
