2513 3126
156 198 200 230 69
1055 198 1203 230 CAPUT
1227 198 1286 231 VI.
2120 201 2162 233 70

158 296 385 335 nitentiae,
419 296 519 328 fidei
548 297 587 328 in
613 296 756 336 Deum,
793 299 1046 327 mortuorum
1071 305 1130 326 re-

158 339 454 372 surrectionis:
489 350 570 379 quae
593 339 741 371 doctrina
765 345 813 370 est
846 339 996 378 baptismi
1020 342 1052 368 et
1075 338 1131 368 im-

159 383 327 422 positionis
358 393 524 414 manuum.
569 382 684 422 Itaque
713 383 740 413 si
771 381 956 421 parenthesi
986 379 1132 411 includas

159 425 239 457 haec
255 425 318 456 duo
333 425 487 461 membra,
505 426 734 465 baptismatum
749 424 913 455 doctrinae
929 428 961 454 et
976 432 1132 454 manuum

158 468 383 507 impositionis,
409 473 579 500 contextus
603 467 717 499 melius
740 468 827 498 fluct.
873 466 943 498 Nisi
967 466 1053 496 enim
1077 474 1132 504 ap-

160 511 296 552 positive
320 511 419 551 legas,
443 511 504 542 hoc
526 511 587 541 erit
610 509 740 542 absurdi
764 509 846 548 quod
867 509 915 540 bis
939 508 1020 539 idem
1044 517 1131 547 repe-

160 559 214 584 tet.
253 553 345 592 Quae
363 554 449 584 enim
475 553 675 593 baptismalis
697 557 746 584 est
769 551 925 591 doctrina,
949 550 1011 581 nisi
1034 560 1131 590 quam

160 596 213 627 hic
236 601 379 627 recenset
402 596 441 626 de
464 595 528 626 fide
552 597 583 626 in
604 596 720 632 Deum,
744 594 783 625 de
806 593 1012 633 poenitentia,
1038 597 1070 623 et
1093 592 1132 639 de

158 639 285 676 iudicio,
316 649 352 670 ac
383 638 562 669 similibus?
609 637 783 669 Caeterum
813 636 990 675 baptismos
1013 634 1131 674 plurali

160 692 295 713 numero
315 681 567 722 Ohrysostomus
588 680 648 710 dici
674 684 774 718 putat,
797 678 870 718 quia
894 678 1033 717 priorem
1059 677 1132 716 bap-

160 726 301 761 tismum,
337 723 501 754 redeundo
529 722 569 752 ad
597 721 765 761 principia,
799 719 1037 760 quodammodo
1060 719 1133 750 abo-

159 767 275 798 lerent.
320 765 380 797 Cui
404 776 463 805 ego
486 775 550 795 non
574 764 749 795 assentior:
783 773 888 802 neque
921 762 1006 793 enim
1031 762 1131 802 pluri·

160 810 220 842 bus
259 808 427 848 baptismis
469 807 630 838 destinata
668 811 717 836 est
758 805 837 837 haec
878 804 1034 836 doctrina:
1077 804 1131 835 sed

160 852 334 891 baptismos
364 850 510 881 nominat
541 849 691 880 solennes
722 849 804 879 ritus
829 847 880 879 vel
904 854 1004 879 statos
1028 847 1132 887 bapti-

159 893 252 926 zandi
286 893 363 923 dies.
410 892 598 923 Mannum
629 891 932 931 impositionem
961 901 1034 922 cum
1060 891 1134 930 bap-

159 938 255 968 tismo
270 935 453 974 coniungit:
476 935 552 974 quia
567 939 605 965 ut
623 933 688 965 duo
712 940 803 965 erant
827 933 1132 966 catechumenorum

158 978 297 1017 ordines,
321 977 366 1008 ita
383 977 504 1017 duplex
521 979 591 1008 erat
607 976 818 1008 caeremonia.
856 977 940 1008 Nam
964 977 1017 1016 qui
1042 981 1135 1007 erant

159 1022 325 1060 extranei,
366 1031 429 1051 non
471 1025 544 1051 ante
585 1020 821 1060 perveniebant
859 1019 898 1050 ad
939 1019 1134 1059 baptismum

158 1074 254 1104 quam
273 1063 358 1094 edita
373 1063 448 1094 fidei
472 1063 677 1103 professione.
710 1062 748 1093 In
772 1062 836 1094 illis
859 1073 935 1103 ergo
959 1062 1135 1093 catechesis

158 1106 356 1147 baptismum
386 1106 579 1146 praecedere
609 1105 742 1137 solebat.
788 1105 833 1136 At
862 1105 954 1137 liberi
978 1105 1133 1143 fidelium,

157 1150 309 1190 qnoniam
334 1149 373 1180 ab
407 1155 497 1180 utero
530 1148 675 1188 adoptati
709 1154 813 1188 erant,
849 1154 881 1179 et
910 1148 979 1179 iure
1003 1148 1134 1187 promis—

157 1192 260 1224 sionis
276 1192 485 1232 pertinebant
505 1191 545 1222 ad
569 1201 686 1231 corpus
709 1191 872 1230 ecclesiae,
896 1191 1036 1222 infantes
1060 1190 1135 1230 bap-

159 1234 360 1266 tizabantur:
384 1239 549 1266 transacta
573 1245 650 1265 vero
673 1235 822 1269 infantia,
847 1240 1016 1274 postquam
1040 1234 1132 1264 insti·

159 1278 221 1308 tuti
236 1282 330 1309 erant
346 1278 378 1308 in
395 1277 467 1314 fide,
491 1287 524 1308 se
541 1287 666 1317 quoque
682 1276 722 1308 ad
738 1277 921 1309 catechesin
946 1277 1133 1316 offerebant,

157 1331 240 1361 quae
273 1321 307 1351 in
341 1320 406 1351 illis
441 1320 599 1360 baptismo
630 1324 701 1351 erat
729 1320 896 1360 posterior.

158 1362 341 1404 symbolum
366 1367 444 1394 tunc
467 1362 690 1401 adhibebatur,
714 1373 830 1403 nempe
853 1373 1010 1394 manuum
1034 1364 1133 1402 impo-

157 1406 240 1437 sitio.
281 1406 346 1438 Hic
370 1416 456 1437 unus
479 1405 568 1438 locus
591 1405 719 1437 abunde
743 1410 882 1437 testatur
906 1406 1002 1437 huius
1025 1415 1132 1437 caere-

158 1449 286 1480 moniae
309 1449 469 1489 originem
493 1449 626 1481 fluxisse
650 1448 690 1480 ab
714 1448 882 1489 apostolis:
919 1459 1000 1489 quae
1024 1453 1133 1479 tamen

159 1496 270 1532 postea
303 1492 337 1522 in
372 1492 635 1531 superstitionem
670 1502 765 1523 versa
799 1492 874 1523 fuit:
918 1497 954 1523 ut
992 1491 1134 1522 mundus

159 1545 288 1574 semper
311 1535 377 1565 fere
399 1534 440 1565 ab
461 1535 594 1574 optimis
616 1534 778 1566 institutis
801 1535 841 1566 ad
865 1535 1064 1575 corruptelas
1080 1535 1134 1566 de-

158 1582 304 1619 generat.
355 1577 543 1608 Finxerunt
576 1578 663 1609 enim
697 1588 767 1609 esse
801 1581 1039 1609 sacramentum
1071 1588 1135 1618 quo

158 1620 294 1660 spiritus
333 1621 587 1661 regenerationis
621 1620 815 1652 conferatur.
872 1620 945 1660 Quo
978 1621 1134 1662 figmento

159 1663 359 1703 baptismum
393 1663 592 1694 lacerarunt:
628 1674 704 1694 nam
739 1664 822 1704 quod
857 1669 926 1695 erat
960 1664 1028 1696 eius
1063 1674 1136 1704 pro-

161 1707 284 1746 prium,
325 1705 365 1736 ad
406 1706 646 1747 impositionem
688 1717 844 1738 manuum
887 1707 1134 1738 transtulerunt.

159 1749 310 1781 Sciamus
340 1759 425 1789 ergo,
457 1759 476 1780 a
499 1749 611 1789 primis
634 1749 802 1781 autoribus
826 1750 1013 1781 institutum
1038 1750 1136 1781 fuisse

160 1798 198 1823 ut
231 1797 316 1823 esset
349 1792 493 1823 solennis
527 1792 681 1832 precandi
721 1792 822 1832 ritus,
863 1793 1135 1833 quemadmodum

159 1835 258 1865 etiam
292 1834 498 1875 Augustinus
533 1840 709 1874 nuncupat.
770 1835 865 1866 Fidei
899 1835 1028 1876 quidem
1064 1846 1135 1876 pro-

160 1877 342 1915 fessionem,
367 1887 463 1917 quam
487 1877 711 1909 adulescentes
735 1878 906 1917 pueritiam
926 1879 1047 1919 egressi
1066 1878 1136 1910 ede-

160 1919 248 1956 bant,
281 1920 454 1952 voluerunt
483 1921 661 1960 approbare
691 1921 751 1952 hoc
779 1921 940 1962 symbolo:
975 1922 1031 1953 sed
1055 1921 1136 1952 nihil

159 1963 268 1994 minus
305 1964 491 2003 cogitarunt
522 1974 619 2004 quam
651 1964 718 1995 vim
754 1963 905 2004 baptismi
943 1964 1136 2005 discerpere.

158 2005 380 2044 Quamobrem
419 2005 514 2037 hodie
551 2007 722 2037 retinenda
760 2017 841 2046 pura
874 2007 1035 2039 institutio
1070 2012 1136 2039 est:

158 2049 350 2088 superstitio
380 2055 488 2079 autem
519 2049 722 2090 corrigenda.
767 2050 874 2090 Atque
905 2050 957 2082 hic
985 2050 1073 2082 locus
1096 2050 1134 2082 ad

159 2090 415 2130 paedobaptismi
440 2093 705 2132 approbationem
730 2093 815 2124 facit.
861 2092 1025 2132 Quorsum
1049 2093 1134 2125 enim

160 2133 273 2164 eadem
294 2134 442 2166 doctrina
461 2136 493 2165 in
517 2135 588 2166 aliis
612 2138 785 2167 vocaretur
805 2135 955 2176 baptismi
979 2136 1135 2174 doctrina,

160 2176 195 2207 in
225 2177 296 2208 aliis
324 2187 401 2208 vero
432 2178 646 2217 impositionis
673 2189 842 2215 manuum,
873 2179 936 2210 nisi
965 2180 1039 2218 quia
1063 2189 1135 2219 pos-

161 2219 296 2251 teriores
317 2225 446 2260 accepto
473 2221 537 2251 iam
561 2220 720 2260 baptismo
743 2222 776 2252 in
801 2222 865 2253 fide
889 2222 1135 2254 erudiebantur:

163 2266 200 2292 ut
229 2273 294 2294 non
324 2263 412 2294 aliud
441 2269 579 2295 restaret
601 2275 697 2304 quam
722 2264 785 2296 illis
809 2275 924 2296 manus
948 2264 1135 2305 imponere?

248 2347 278 2378 3.
301 2348 344 2379 Et
366 2348 421 2381 hoc
441 2349 601 2389 faciemus,
631 2351 663 2381 si
691 2350 815 2389 quidem
833 2351 1015 2389 permiserit
1036 2350 1135 2383 Deus.

163 2388 193 2419 4.
218 2387 303 2421 Nam
326 2391 518 2431 impossibile
539 2395 582 2424 est
604 2403 662 2431 eos,
684 2393 739 2432 qm·
760 2393 852 2425 semel
871 2394 998 2433 fuerunt
1020 2393 1135 2425 illumi-

165 2433 242 2470 nati,
262 2436 520 2475 qustaveruntque
534 2436 649 2467 donum
670 2436 802 2475 coeleste,
824 2439 852 2468 et
869 2437 1041 2475 particulos-s·
1059 2437 1137 2476 facti

163 2474 292 2512 fuerunt
319 2477 450 2515 spiritus
479 2479 589 2516 sancti,
633 2478 663 2510 5.
687 2489 723 2510 ae
748 2481 915 2519 qustarunt
940 2479 1051 2510 bonum
1074 2479 1136 2511 Dei

165 2515 298 2563 verbum,
319 2519 504 2559 virtutesque
517 2521 619 2560 futuri
633 2521 758 2560 saeculi,
797 2523 827 2554 6.
843 2525 871 2553 et
883 2522 1030 2562 prolapsi
1051 2525 1137 2554 sunt.-

166 2560 278 2606 zterurn
295 2563 440 2607 renovari
463 2563 504 2593 ad
522 2565 753 2605 poenitentiam,
776 2575 905 2597 rursum
926 2565 1136 2605 crucifiqentes

164 2601 226 2632 seba
248 2611 329 2641 apsa-5
348 2602 450 2640 filium
471 2604 542 2642 Dei,
565 2609 590 2637 et
611 2608 742 2639 ostentui
762 2607 912 2640 habentes.

949 1319 1014 1352 Sed
1045 1319 1132 1350 aliud
1160 1339 1161 1344 ,

1270 296 1300 328 3.
1326 296 1393 328 JIoc
1406 297 1565 336 faciemus.
1598 296 1772 328 Horribilis
1789 301 1840 329 est
1854 297 1916 328 ista
1940 296 2156 329 denuntiatio:

1184 338 1239 369 sed
1273 340 1318 370 ita
1341 339 1491 370 fulminat
1515 339 1689 380 apostolus,
1716 350 1756 371 ne
1780 340 1900 378 Iudaei,
1924 339 1999 371 dum
2024 340 2084 372 sibi
2108 341 2157 372 ni-

1184 381 1287 412 mium
1311 381 1480 421 indulgent
1504 383 1537 413 in
1561 392 1620 414 sua
1642 382 1822 419 oscitantia,
1848 383 1910 414 Dei
1934 383 2059 423 gratiae
2082 383 2156 414 illu-

1184 422 1272 454 dant.
1310 425 1358 455 Ac
1381 425 1406 455 si
1431 424 1558 465 diceret,
1583 435 1647 456 non
1671 435 1741 456 esse
1767 426 1818 456 hic
1841 426 2157 466 procrastinandum,

1184 466 1260 505 quia
1283 477 1347 497 non
1371 477 1499 507 semper
1523 468 1632 499 sutura
1654 468 1697 499 sit
1719 468 1946 508 progrediendi
1970 470 2157 509 opportuni-

1184 512 1242 538 tas.
1278 508 1387 548 Neque
1411 510 1498 541 enim
1521 511 1582 542 hoc
1604 510 1637 541 in
1661 510 1802 541 hominis
1826 520 1924 542 manu
1948 512 2098 551 positum,
2123 516 2158 543 ut

1183 551 1306 589 quoties
1337 552 1475 589 libuerit,
1505 563 1524 583 a
1551 553 1733 584 carceribus
1756 553 1795 584 ad
1820 560 1938 584 metam
1963 554 2157 586 transsiliat:

1183 592 1240 623 sed
1271 593 1436 634 singulare
1466 606 1535 627 esse
1559 595 1622 627 Dei
1653 596 1775 627 donum
1805 605 1918 627 cursus
1948 597 2051 628 nostri
2080 607 2157 629 con—

1185 635 1364 667 fectionem.

1270 678 1298 708 4.
1326 679 1410 710 Nam
1425 680 1624 719 impossibile.
1662 681 1727 714 Hic
1743 681 1831 713 locus
1854 681 2054 713 occasionem
2075 683 2157 713 mul-

1186 719 1227 751 tis
1245 721 1392 759 praebuit
1409 723 1628 761 repudiandae
1652 724 1818 764 epistolae:
1843 724 2035 764 praesertim
2059 735 2157 764 quum

1185 762 1260 793 inde
1294 774 1327 794 se
1362 770 1528 796 armarent
1559 766 1732 798 Novatiani
1769 767 1808 798 ad
1843 766 2025 807 negandam
2059 767 2159 807 lapsis

1186 805 1326 836 veniam.
1373 806 1449 837 Ideo
1480 807 1707 841 Occidentales
1742 809 1848 850 potius
1877 809 1973 841 fidem
2005 809 2159 850 epistolae

1186 849 1393 888 abrogarunt,
1417 849 1500 889 quod
1526 850 1589 881 illis
1612 851 1729 883 infesta
1752 857 1822 883 erat
1839 852 1957 883 Novati
1974 858 2076 884 secta:
2101 863 2160 883 nec

1187 895 1314 922 tantum
1337 891 1493 923 valebant
1516 892 1670 934 doctrina,
1701 899 1736 925 ut
1765 895 1943 926 refellendo
1966 901 2160 936 argumento

1187 944 1280 973 pares
1311 934 1427 965 forent.
1474 933 1537 965 Sed
1570 937 1729 975 patefacta
1759 938 1894 978 apostoli
1925 943 2043 975 mente,
2084 948 2159 969 mox

1188 977 1310 1016 patebit
1326 977 1408 1008 nihil
1430 976 1481 1008 hic
1505 987 1574 1009 esse
1597 979 1681 1018 quod
1706 984 1771 1010 tam
1796 980 1896 1012 deliro
1920 981 2023 1012 errori
2047 981 2160 1012 suffra-

1187 1025 1291 1060 getur.
1343 1019 1408 1050 Alii
1439 1020 1554 1060 quibus
1586 1026 1699 1052 saneta
1721 1027 1791 1053 erat
1815 1023 1969 1062 epistolae
1992 1024 2159 1061 autoritas,

1187 1063 1265 1093 dum
1289 1062 1524 1094 absurditatem
1549 1070 1709 1095 conantur
1733 1064 1867 1103 diluere,
1893 1066 1972 1096 nihil
1996 1076 2091 1106 quam
2110 1077 2161 1097 ca—

1188 1105 1274 1136 villis
1297 1106 1466 1145 effugiunt.
1505 1106 1588 1137 Nam
1612 1107 1812 1146 impossibile
1836 1108 1984 1139 nonnulli
2008 1119 2064 1149 pro
2089 1118 2161 1140 raro

1187 1153 1220 1179 et
1237 1147 1337 1179 arduo
1353 1148 1531 1189 accipiunt:
1557 1149 1642 1189 quod
1659 1159 1676 1180 a
1696 1151 1786 1181 verbi
1810 1151 2043 1190 significatione
2066 1152 2161 1193 longe

1187 1195 1237 1222 est
1266 1191 1417 1222 alienum.
1470 1192 1585 1223 Plures
1618 1192 1657 1223 ad
1689 1193 1919 1232 poenitentiam
1949 1194 2161 1234 restringunt,

1187 1244 1250 1274 qua
1273 1234 1420 1266 solebant
1442 1234 1474 1265 in
1501 1235 1602 1266 veteri
1626 1235 1759 1267 ecclesia
1781 1236 2005 1267 catechumeni
2030 1236 2069 1267 ad
2089 1237 2162 1277 bap-

1188 1277 1320 1308 tismum
1354 1277 1549 1317 praeparari.
1595 1278 1697 1317 Quasi
1731 1289 1806 1309 vero
1837 1279 1973 1319 apostoli
2007 1279 2162 1310 ieiunium

1188 1324 1244 1350 aut
1274 1319 1338 1350 tale
1369 1320 1521 1359 quiddam
1554 1321 1758 1361 baptizandis
1789 1321 1981 1353 indicerent.
2037 1322 2162 1353 Deinde

1188 1362 1264 1403 quid
1295 1372 1445 1403 magnum
1477 1363 1598 1395 diceret
1628 1364 1804 1403 apostolus,
1835 1364 1862 1396 si
1890 1369 2024 1405 negaret
2053 1365 2163 1396 iterari

1188 1406 1419 1445 poenitentiam
1453 1416 1536 1446 quae
1568 1406 1719 1446 baptismi
1749 1412 1799 1439 est
1828 1406 2012 1447 appendix?
2064 1407 2163 1439 Seve-

1188 1448 1349 1480 rissimam
1379 1448 1441 1480 Dei
1471 1448 1647 1480 vindictam
1678 1450 1828 1482 omnibus
1859 1450 2001 1481 minatur
2032 1451 2085 1490 qui
2116 1461 2164 1481 re-

1188 1497 1313 1531 ceptam
1343 1492 1442 1523 semel
1471 1493 1608 1533 gratiam
1633 1492 1818 1524 abiecerint.
1864 1493 1916 1524 Ad
1940 1493 2162 1524 incutiendum

1188 1535 1310 1566 securis
1339 1540 1371 1565 et
1400 1535 1612 1566 oscitantibus
1642 1540 1799 1567 terrorem
1827 1535 1903 1576 quid
1927 1535 2061 1567 haberet
2085 1536 2164 1567 haec

1189 1578 1352 1609 sententia
1385 1578 1574 1618 gravitatis,
1612 1579 1638 1609 si
1673 1578 1863 1610 admoneret
1896 1578 2019 1619 primae
2053 1579 2162 1619 poeni-

1190 1621 1308 1652 tentiae
1326 1631 1389 1652 non
1407 1631 1475 1652 esse
1495 1621 1633 1661 amplius
1657 1620 1784 1652 locum?
1808 1621 1868 1653 hoc
1891 1622 1977 1653 enim
2001 1621 2041 1652 ad
2064 1621 2163 1662 quod-

1191 1664 1240 1694 vis
1265 1663 1371 1695 delicti
1396 1673 1498 1704 genus
1521 1668 1655 1703 pateret.
1693 1663 1781 1702 Quid
1798 1674 1874 1705 ergo
1898 1664 2069 1696 dicendum
2093 1664 2162 1696 est?

1190 1706 1273 1738 Nam
1298 1716 1399 1746 quum
1420 1705 1570 1738 omnibus
1592 1707 1662 1737 sine
1683 1708 1873 1747 exceptione
1892 1707 2054 1738 Dominus
2072 1717 2164 1747 spem

1190 1749 1429 1781 misericordiae
1451 1750 1562 1780 faciat:
1592 1749 1769 1781 absurdum
1793 1755 1850 1790 est,
1874 1760 2071 1790 quemquam
2095 1759 2163 1780 om-

1190 1793 1267 1823 nino
1291 1791 1357 1823 ulla
1378 1792 1416 1822 de
1439 1802 1537 1823 eausa.
1560 1792 1673 1824 arceri.
1712 1792 1821 1823 Nodus
1846 1793 1941 1824 huius
1965 1792 2163 1832 quaestionis

1191 1840 1240 1866 est
1262 1836 1295 1866 in
1320 1834 1434 1866 verbo:
1458 1835 1648 1875 prolapsi
1670 1840 1775 1866 sunt.
1815 1835 1904 1876 Ergo
1927 1836 2073 1875 quisquis
2097 1835 2163 1866 vim

1190 1879 1259 1909 eius
1282 1878 1490 1916 intellexerit,
1514 1878 1606 1909 facile
1629 1888 1663 1909 se
1685 1879 1774 1909 omni
1794 1878 1984 1909 difficultate
2002 1878 2162 1918 expediet.

1191 1921 1292 1952 Porro
1324 1921 1502 1952 notandum
1532 1925 1590 1958 est,
1625 1920 1786 1960 duplicem
1813 1931 1882 1953 esse
1906 1921 2046 1959 lapsum:
2082 1921 2164 1952 alter

1190 1970 1239 1995 est
1273 1964 1489 2003 particularis,
1524 1963 1606 1994 alter
1639 1963 1844 1995 universalis.
1898 1964 1964 2002 Qui
1995 1964 2030 1994 in
2058 1964 2164 2003 specie

1191 2008 1307 2046 aliqua,
1338 2011 1392 2037 aut
1421 2006 1516 2037 etiam
1549 2006 1694 2046 pluribus
1717 2006 1820 2037 modis
1844 2006 1990 2046 deliquit,
2020 2016 2039 2037 a
2061 2007 2163 2038 chris—

1191 2051 1270 2081 tiani
1301 2049 1441 2081 hominis
1469 2053 1558 2080 statu
1586 2049 1695 2090 lapsus
1719 2054 1777 2081 est.
1823 2049 1938 2090 Itaque
1961 2049 2070 2080 omnia
2094 2059 2164 2089 pec-

1190 2099 1261 2124 cata
1284 2092 1415 2124 totidem
1440 2095 1517 2123 sunt
1539 2092 1660 2132 lapsus.
1698 2091 1822 2123 Verum
1846 2092 2011 2132 apostolus
2034 2103 2100 2123 non
2124 2092 2164 2123 de

1190 2136 1287 2175 furto,
1321 2140 1376 2166 aut
1409 2135 1560 2175 periurio,
1596 2139 1652 2166 aut
1681 2135 1788 2173 caede,
1823 2140 1878 2166 aut·
1909 2135 2072 2173 ebrietate,
2107 2141 2163 2166 ant

1190 2179 1348 2210 adulterio
1382 2178 1435 2209 hic
1468 2178 1625 2218 disputat:
1660 2178 1717 2209 sed
1750 2183 1843 2209 notat
1873 2178 2090 2209 universalem
2121 2177 2162 2209 ab

1190 2221 1357 2262 evangelio
1381 2220 1601 2259 defectionem,
1628 2221 1683 2252 ubi
1706 2231 1770 2252 non
1795 2231 1858 2252 una
1880 2221 1991 2261 aliqua
2012 2221 2047 2251 in
2071 2226 2162 2260 parte

1190 2264 1296 2295 Deum
1326 2263 1461 2294 offendit
1488 2268 1646 2304 peccator,
1677 2263 1733 2295 sed
1756 2264 1825 2295 eius
1848 2264 1953 2304 gratia
1977 2273 2010 2295 se
2032 2264 2162 2304 penitus

1189 2307 1324 2338 abdicat.
1369 2308 1477 2346 Atque
1507 2311 1543 2337 ut
1573 2306 1633 2338 hoc
1660 2307 1776 2338 melius
1799 2307 2010 2348 intelligatur,
2043 2306 2160 2338 subau—

1190 2350 1306 2381 dienda
1336 2355 1384 2380 est.
1415 2349 1588 2381 antithesis
1611 2350 1696 2381 inter
1719 2350 1779 2381 Dei
1803 2350 1925 2390 gratias
1948 2360 2027 2389 quas
2050 2359 2161 2381 recen-

1189 2394 1263 2430 suit,
1291 2398 1323 2424 et
1351 2392 1438 2423 hunc
1467 2392 1603 2432 lapsum.
1648 2392 1790 2424 Labitur
1818 2393 1905 2423 enim
1933 2392 1989 2432 qui
2012 2391 2120 2423 deficit
2142 2402 2161 2422 a

1190 2435 1287 2467 verbo
1320 2434 1461 2471 Domini,
1495 2435 1549 2475 qui
1578 2435 1682 2466 lucem
1715 2435 1785 2467 eius
1815 2435 2008 2476 exstinguit,
2042 2435 2095 2475 qui
2125 2445 2160 2467 se

1189 2483 1287 2520 gustu
1311 2478 1385 2509 doni
1408 2476 1555 2509 coelestis
1578 2479 1694 2518 privat,
1719 2478 1773 2517 qui
1797 2478 2076 2518 participationem
2097 2478 2160 2518 spi-

1189 2522 1269 2553 ritus
1296 2521 1423 2552 deserit.
1468 2520 1540 2552 Hoc
1562 2524 1671 2551 autem
1694 2526 1744 2551 est
1766 2520 1799 2551 in
1821 2525 1924 2552 totum
1948 2521 2018 2552 Deo
2041 2531 2159 2552 renun-

1189 2565 1280 2595 tiare.
1325 2563 1419 2595 Nunc
1443 2562 1589 2594 videmus
1611 2573 1767 2603 quosnam
1792 2574 1811 2594 a
1833 2574 1889 2604 spe
1913 2564 2027 2594 veniae
2053 2563 2159 2594 exclu-

1189 2607 1262 2638 dat:
1296 2616 1412 2646 nempe
1441 2610 1616 2646 apostatas,
1647 2606 1701 2645 qui
1732 2615 1766 2636 se
1797 2615 1817 2636 a
1841 2607 1964 2638 Christi
1991 2605 2156 2646 evangelio

1189 2649 1272 2690 quod
1296 2650 1385 2689 prius
1408 2648 1548 2689 amplexi
1573 2653 1676 2686 erant,
1710 2653 1743 2679 et
1773 2657 1791 2678 a
1815 2648 1876 2680 Dei
1906 2649 2012 2689 gratia
2039 2648 2157 2679 aliena-

1921 2707 1954 2733 5.
