2513 3126
281 221 338 253 187

279 318 420 350 osticium
448 327 544 357 prope
567 315 624 346 coli
651 314 734 344 inter
759 313 904 344 homines
923 312 1070 353 desiit¹):
1094 313 1171 352 asnia
1194 312 1250 344 illa

282 364 366 393 vetus
378 359 582 400 hospitalitas,
599 367 677 396 quae
692 356 831 388 historiis
850 356 1025 394 celebratur,
1044 355 1131 387 nobis
1146 355 1251 395 iynota

280 407 339 436 est:
369 406 394 433 a!
424 410 581 440 cauponae
610 399 698 431 hodie
719 401 791 430 emt
808 409 869 439 pro
891 398 1042 438 hospitiis.

281 458 342 478 nun
367 448 483 476 tantum
509 442 649 482 loquitur
673 442 712 472 de
736 442 803 472 iuro
824 442 954 482 hospitii
971 441 1054 482 quod
1072 446 1148 472 tunc
1165 441 1250 472 inter

281 490 396 519 divites
419 491 489 516 erat
508 486 673 523 usitatum,
697 484 751 515 scd
769 485 875 524 potius
892 484 979 515 iubet
996 483 1101 523 excipi
1119 483 1250 515 miseros

280 539 375 570 atquo
405 534 546 569 egentes,
578 533 614 559 ut
644 530 720 559 tunc
752 527 846 558 multi
879 526 972 558 domo
1003 526 1130 567 profugi
1157 531 1249 558 erant

280 578 409 613 propter
433 571 555 603 Christi
581 581 708 601 nomon.
755 571 864 610 Atque
887 572 923 601 ut
947 569 1007 601 hoc
1030 569 1124 600 officii
1148 579 1250 610 genus

280 615 383 655 magis
406 613 618 647 commendet,
651 613 748 649 addit,
781 618 925 653 receptos
955 611 1127 652 aliquando
1151 613 1250 643 fuisse

279 657 410 699 angelos
446 656 584 696 hospitio
619 656 658 687 ab
693 656 730 686 iis
764 656 819 695 qui
855 655 1011 695 putabant
1039 665 1073 686 se
1102 654 1250 686 homines
1277 658 1278 669 ¹

279 702 429 741 recipere.
482 699 555 731 Non
585 698 696 729 dubito
730 699 806 738 quin
835 697 874 729 do
907 698 1070 729 Abraham
1100 704 1132 728 et
1163 698 1249 729 Loth

280 744 340 775 hoc
371 743 412 775 sit
443 741 699 782 intelligendum.
753 741 836 772 Nam
867 751 965 781 quum
996 751 1035 772 ex
1065 741 1251 780 quotidiano

279 797 368 818 more
402 784 655 825 hospitalitatem
690 784 849 822 colerent,
883 784 973 814 inscii
1006 787 1037 814 et
1072 783 1152 814 nihil
1188 783 1251 814 tale

279 829 458 870 cogitantes
483 827 515 858 in
540 827 671 868 angelos
695 827 893 859 inciderunt:
918 826 962 858 ita
986 835 1051 857 non
1072 826 1251 867 vulgariter
1278 858 1279 861 Ἴ

279 877 393 903 ornata
417 871 478 901 fuit
502 869 632 901 illorum
656 869 780 901 domus.
815 869 858 901 Et-
875 876 962 902 certe
977 869 1068 901 Deus
1091 869 1249 908 probavit,
1277 866 1278 878 ³

280 914 529 955 hospitalitatem
559 912 619 944 sibi
648 913 682 944 in
706 912 819 953 primis
842 912 930 944 cordi
953 923 1031 949 esse,
1062 922 1161 952 quum
1186 911 1250 941 talc

280 958 458 998 praemium
484 955 634 987 Abrahae
663 960 695 986 et
719 955 806 987 Loth
836 955 992 995 rependit.
1038 955 1074 987 Si
1105 954 1175 994 quis
1198 954 1250 985 ob·

281 1001 376 1038 iiciat,
400 1008 509 1029 rarum
534 997 612 1029 illud
637 998 748 1030 fuisse:
774 998 939 1038 responsio
963 999 994 1029 in
1020 1003 1171 1037 promptu
1191 999 1250 1033 est,

277 1054 342 1074 non
376 1041 508 1083 angelos
539 1046 666 1072 tantum
698 1041 810 1082 recipi,
848 1041 902 1072 sed
935 1040 1101 1072 Christum
1133 1040 1250 1079 ipsum,

278 1096 378 1125 quum
403 1094 560 1125 pauperes
584 1084 618 1115 in
642 1084 712 1115 eius
735 1084 865 1115 nomine
890 1084 1066 1123 recipimus.
1104 1082 1139 1113 In
1166 1082 1248 1112 voci-

278 1128 337 1159 bus
361 1128 483 1169 graecis
507 1127 638 1167 elegans
661 1132 709 1158 est
730 1126 856 1166 allusio,
887 1137 967 1166 quae
990 1126 1088 1156 latine
1111 1124 1249 1165 exprimi
1277 1135 1279 1169 3

279 1181 344 1202 non
390 1176 483 1202 otest.

363 1181 394 1244 ἕ.
418 1212 576 1244 Mentores
592 1212 769 1243 vinctorum.
804 1211 893 1242 Nihil
918 1217 966 1242 est
989 1210 1072 1250 quod
1092 1219 1151 1241 nos
1170 1209 1251 1241 serio

278 1256 517 1289 misericordiae
548 1265 644 1286 sensu
677 1255 780 1295 magis
810 1254 939 1293 afficiat,
969 1264 1065 1293 quam
1089 1253 1115 1284 si
1139 1263 1250 1284 eorum

279 1300 335 1340 qui
357 1299 550 1338 affliguntur
572 1307 742 1338 personam
767 1297 799 1328 in
819 1307 878 1328 nos
895 1297 1138 1328 transferamus.
1174 1295 1251 1327 Ideo
1277 1300 1279 1310 ¹

279 1343 356 1374 dicit
386 1340 518 1382 perinde
548 1340 755 1382 cogitandum
787 1339 825 1370 de
848 1339 968 1371 vinctis
999 1349 1035 1371 ac
1058 1339 1085 1370 si
1106 1349 1251 1371 essemus

279 1395 389 1417 eorum
421 1384 498 1416 loco.
553 1383 649 1422 Quod
684 1388 791 1423 postea
825 1382 858 1413 in
894 1382 996 1414 altero
1030 1383 1175 1414 membro
1205 1391 1252 1413 se-

279 1428 404 1469 qnitur,
436 1432 632 1468 tanquam
661 1426 744 1466 ipsi
775 1436 933 1465 quoque
964 1425 1067 1457 sitis
1095 1426 1130 1456 in
1159 1434 1250 1457 cor-

279 1480 396 1512 pore,
431 1470 519 1502 varie
550 1475 724 1510 exponunt.
778 1467 917 1507 Quidam
949 1468 1158 1509 generaliter,
1191 1467 1252 1499 hoc

280 1513 391 1545 modo:
425 1523 481 1544 vos
513 1522 638 1553 quoque
668 1511 781 1543 iisdem
813 1512 889 1542 estis
920 1511 1014 1543 malis
1037 1510 1186 1550 obnoxii,
1216 1516 1252 1542 ut

281 1556 343 1588 fert
381 1556 562 1587 communis
599 1554 761 1585 humanae
800 1559 937 1585 naturae
975 1554 1126 1585 conditio.
1186 1553 1251 1585 Alii

281 1604 389 1630 autem
428 1599 473 1630 sic
511 1598 729 1638 restringunt:
768 1607 805 1629 ac
842 1598 867 1628 si
907 1598 940 1628 in
975 1607 1108 1637 corpore
1141 1606 1251 1628 eorum

282 1642 406 1673 essetis.
451 1641 535 1673 Mihi
567 1647 717 1671 neutrum
748 1640 869 1681 placet:
902 1640 1005 1671 refero
1029 1640 1115 1671 enim
1139 1640 1178 1671 ad
1202 1649 1251 1671 eo-

281 1684 398 1716 clesiae
429 1694 556 1724 corpus,
591 1688 625 1714 ut
656 1683 697 1714 sit
728 1693 855 1722 sensus,
888 1682 1148 1723 quandoquidem
1176 1682 1253 1714 estis

282 1727 423 1759 eiusdem
457 1726 599 1766 corporis
634 1726 789 1763 membra,
827 1726 1044 1757 communiter
1079 1736 1136 1757 vos
1169 1724 1253 1756 affici

281 1818 476 1853 separatum.

366 1856 396 1886 4.
413 1855 604 1887 Honorabile
619 1854 793 1895 coniugum.
821 1854 977 1886 Nonnulli
995 1854 1253 1886 exhortationem

282 1908 350 1930 esse
381 1901 500 1939 putant
531 1897 571 1929 ad
601 1898 765 1937 coniuges,
796 1902 832 1928 ut
862 1897 977 1938 pudice
1008 1902 1040 1929 et
1069 1907 1132 1938 qua
1164 1896 1254 1929 decet

283 1940 452 1972 honestate
475 1940 717 1972 matrimonium
740 1941 827 1972 inter
850 1950 884 1971 se
907 1940 1030 1971 colant:
1054 1945 1091 1971 ut
1109 1940 1159 1971 vir
1181 1949 1253 1971 cum

283 1993 384 2015 uxore
418 1988 637 2024 temperanter
675 1990 705 2014 et
740 1988 825 2015 caste
859 1983 996 2020 habitet,
1032 1992 1091 2014 nec
1124 1982 1255 2013 thorum

284 2027 465 2057 maritalem
501 2026 643 2067 indignis
680 2026 824 2057 lasciviis
857 2027 1038 2066 profanent.
1095 2026 1146 2057 Ita
1180 2025 1253 2056 sub-

285 2068 478 2099 audiendum
515 2074 598 2100 esset
628 2068 777 2100 hortandi
810 2068 958 2107 verbum,
993 2069 1034 2099 sit
1068 2068 1254 2109 coniugium

285 2110 482 2143 honorabile.

285 2164 351 2185 non
383 2154 467 2185 male
499 2159 706 2195 congrueret:
738 2154 813 2185 dum
837 2154 920 2185 enim
947 2154 1096 2185 audimus
1119 2153 1255 2185 honora-

286 2196 348 2227 bile
371 2207 440 2228 esse
463 2196 661 2237 coniugium,
684 2197 781 2228 simul
804 2197 835 2228 in
859 2203 1003 2228 mentem
1025 2197 1134 2227 venire
1153 2196 1257 2234 debet,

286 2239 463 2271 honorifice
487 2245 518 2270 et
540 2244 726 2270 reverenter
749 2241 781 2271 in
805 2250 842 2271 eo
859 2239 1054 2271 versandum
1073 2249 1152 2271 esse.
1192 2239 1257 2270 Alii

287 2291 344 2321 per
385 2283 624 2314 concessionem
665 2282 784 2314 dictum
825 2283 1004 2323 accipiunt,
1048 2282 1110 2313 hoc
1146 2281 1256 2313 modo:

287 2325 435 2364 quamvis
460 2324 646 2356 honorabile
669 2325 710 2355 sit
735 2326 928 2366 coniugium,
953 2335 1019 2357 non
1044 2329 1152 2356 tamen
1175 2334 1257 2356 scor-

287 2368 346 2398 tari
380 2368 426 2398 fas
457 2373 515 2399 est.
565 2367 661 2406 Quem
692 2377 815 2399 sensum
842 2368 947 2400 vident
975 2378 1079 2400 omnes
1103 2367 1259 2408 friyidum

289 2419 361 2441 esse.
408 2410 476 2451 Eyo
499 2410 602 2452 ver-0²)
632 2408 740 2450 potius
764 2411 876 2447 sentio,
908 2411 1087 2452 apostolum
1112 2411 1165 2442 hic
1187 2421 1258 2441 con-

288 2453 410 2493 iugium
441 2453 639 2491 scortationi,
669 2455 824 2492 tanquam
849 2454 1027 2485 remedium
1055 2453 1176 2491 morbo,
1206 2463 1258 2493 op-

287 2505 424 2535 ponere:
447 2503 479 2527 et
503 2499 672 2528 contextus
697 2495 781 2527 clare
805 2496 944 2527 ostendit
967 2496 1050 2528 hanc
1069 2495 1168 2528 fuisse
1192 2496 1258 2527 eius

288 2543 439 2569 mentem.
473 2538 554 2570 Nam
580 2538 767 2579 priusquam
786 2538 964 2570 Dominum
981 2540 1122 2571 minetur
1138 2548 1259 2580 poenas

1022 217 1162 247 Ei‘ls'r.
1189 216 1248 246 ΑΙ)
1273 215 1429 247 ΗΕΒΗΑ
1440 214 1533 244 Eos.

1090 398 1250 430 Caeterum
1276 421 1277 428 ,

1276 911 1280 961 ᾖ
1306 910 1398 942 nobis
1422 910 1528 949 ipsum
1553 910 1764 950 commendat,
1792 921 1911 942 vocans
1935 910 2130 941 honorabile.

1277 1173 1278 1182 ¹
1304 1166 1450 1197 ordinem
1485 1167 1540 1207 qui
1573 1177 1591 1197 a
1624 1167 1769 1208 coniugio
1803 1167 2020 1208 prohibeatur.

1278 1724 1392 1762 {tollit
1429 1723 1609 1764 apostolus:
1648 1733 1749 1763 neque
1787 1727 1913 1754 tantum
1952 1723 2044 1754 docet

281 1769 371 1801 decet
406 1769 485 1801 alios
515 1769 651 1800 aliorum
682 1768 792 1809 malis,
826 1779 866 1800 ne
897 1769 974 1809 quid
1010 1769 1094 1800 inter
1123 1778 1182 1800 vos
1213 1768 1254 1799 sit
1279 1763 1283 1778 ³

539 2111 742 2151 Quamquam
778 2112 974 2143 indicativus
1009 2111 1106 2142 etiam
1142 2106 1283 2142 modus'*

2210 217 2269 248 188

1304 312 1342 343 do
1365 310 1596 343 scortatoribus
1619 317 1834 351 sumpturum,
1861 312 2023 352 praefatur
2040 322 2119 352 quae
2135 312 2178 343 sit
2194 323 2271 344 vera

1275 368 1278 399 ¹
1303 354 1505 395 effugiendae
1529 353 1624 386 huius
1647 355 1810 387 vindictae
1835 355 1932 386 ratio:
1958 365 2072 395 nempe
2091 355 2117 386 si
2137 354 2271 387 honesto

1304 398 1338 428 in
1372 396 1521 436 coniugio
1551 397 1707 429 vivamus.
1760 397 1811 430 Sit
1842 408 1918 438 ergo
1954 408 2052 429 unum
2084 397 2143 428 hoc
2173 408 2272 429 mem-

1276 441 1279 480 }
1304 440 1408 480 brum,
1439 439 1648 472 scortationes
1671 451 1733 471 non
1759 441 1825 471 fore
1848 441 2036 481 impunitas,
2066 441 2142 480 quia
2166 439 2271 472 Deum

1305 483 1442 514 habeant
1476 481 1644 514 vindicem.
1690 483 1734 514 Et
1762 488 1848 515 certo
1877 493 1975 523 quum
2000 483 2186 514 societatem
2211 483 2271 514 viri

1277 547 1278 550 =
1304 531 1336 557 et
1359 525 1468 556 uxoris
1492 535 1510 555 a
1526 533 1560 555 se
1577 525 1757 556 institutam
1777 526 1865 557 Deus
1886 525 2101 557 benedixerit:
2125 526 2272 566 sequitur

1275 603 1277 607 ¹
1304 567 1481 608 quamlibet
1511 567 1550 598 ab
1581 577 1618 598 ea
1647 567 1807 600 diversam
1832 569 1872 600 ab
1894 579 1931 600 eo
1951 568 2097 599 damnari
2121 572 2154 599 et
2177 568 2273 599 male-

1277 638 1278 655 ,
1305 611 1377 642 dici.
1416 610 1526 649 Quare
1550 620 1613 641 non
1638 610 1791 643 adulteris
1807 617 1944 648 tantum,
1968 611 2021 642 sed
2042 611 2273 643 scortatoribus

1304 653 1500 694 quibuslibet
1523 663 1658 693 poenam
1683 653 1864 685 denuntiat:
1890 655 1964 694 quia
1982 653 2111 693 utrique
2127 664 2145 684 a
2161 659 2272 684 sancto

1276 697 1365 752 'Dei
1400 696 1549 727 instituto
1583 695 1766 734 discedunt,
1805 699 1868 728 imo
1907 697 1984 728 illud
2022 696 2143 728 violant
2177 701 2274 736 atque

1304 743 1469 774 evertunt,
1504 739 1685 778 promiscue
1718 749 1751 770 se
1785 740 1965 779 miscendo,
1999 749 2097 779 quum
2131 748 2198 770 una
2232 739 2275 770 sit

1304 782 1487 814 coniunctio
1519 781 1672 821 legitima,
1703 792 1783 822 quae
1807 782 1868 814 Dei
1898 783 2028 814 nomine
2061 787 2093 812 et
2123 781 2274 822 auspiciis

1305 825 1459 856 sancitur.
1505 824 1570 854 Sed
1600 824 1750 864 quoniam
1781 826 1850 856 sine
1873 826 2012 866 coniugii
2040 824 2180 855 remedio
2204 834 2274 864 pro-

1305 868 1444 899 miscuae
1475 876 1511 898 ac
1535 877 1638 907 vagae
1661 866 1808 899 libidines
1831 869 1969 900 coerceri
1999 872 2173 907 nequeunt,
2204 867 2276 898 ideo

2178 909 2274 949 Quod

1305 952 1391 983 addit
1429 953 1467 983 de
1501 953 1594 983 thoro
1628 953 1809 994 impolluto,
1844 953 1981 984 libenter
2014 953 2077 985 huc
2105 953 2208 984 refero
2239 957 2275 983 ut

1305 995 1409 1027 sciant
1437 995 1600 1036 coniugati
1631 1006 1694 1026 non
1724 996 1852 1036 quidvis
1875 997 1934 1027 sibi
1959 996 2063 1032 licere,
2098 996 2152 1026 sed
2179 1005 2274 1026 usum

1276 1037 1390 1079 gthori
1428 1038 1563 1079 legitimi
1603 1038 1720 1069 debere
1756 1049 1826 1071 esse
1865 1039 2083 1075 moderatum,
2122 1049 2162 1069 ne
2198 1037 2275 1078 quid

1305 1081 1449 1112 alienum
1473 1092 1491 1112 a
1514 1081 1653 1122 coniugii
1680 1081 1800 1121 pudore
1823 1088 1855 1114 et
1878 1081 2065 1114 castimonia
2089 1080 2273 1112 admittant.

1305 1123 1415 1163 Quum
1446 1123 1538 1162 dicit,
1570 1124 1608 1154 in
1640 1124 1839 1156 omnibus:
1874 1124 2020 1165 intelligo
2051 1123 2178 1154 nullum
2205 1133 2276 1155 esse

2075 1166 2158 1197 Nam
2191 1165 2275 1206 quod

1305 1209 1396 1241 Deus
1419 1210 1529 1250 generi
1554 1209 1694 1241 humano
1717 1211 1749 1240 in
1767 1211 1956 1242 universum
1973 1209 2138 1248 concessit,
2161 1219 2275 1240 omnes

1305 1252 1375 1283 sine
1405 1253 1593 1293 exceptione
1623 1253 1722 1284 decet.
1774 1252 1898 1284 Omnes
1927 1252 2080 1293 intelligo.
2113 1251 2168 1292 qui
2199 1261 2275 1283 con-

1305 1295 1393 1336 iugio
1427 1297 1492 1336 apti
1524 1302 1617 1335 sunt,
1651 1305 1752 1335 eoque
1781 1306 1861 1336 opus
1889 1295 2019 1327 habent.
2066 1295 2138 1326 Hoc
2168 1299 2276 1326 autem

1305 1338 1436 1370 disertis
1470 1339 1578 1369 verbis
1617 1339 1756 1379 exprimi
1790 1339 1949 1379 oportuit,
1987 1344 2022 1369 ut
2055 1337 2277 1378 superstitioni

1304 1386 1504 1420 occurreret,
1542 1381 1633 1412 cuius
1666 1384 1746 1413 tunc
1780 1382 1845 1412 iam
1879 1381 1960 1412 forte
1994 1381 2118 1412 semina
2154 1379 2277 1411 occulte

1305 1424 1441 1456 iaciebat
1463 1423 1575 1461 Satan,
1608 1425 1796 1464 coniugium
1827 1435 1895 1455 rem
1918 1424 2085 1464 profanam
2110 1433 2189 1462 esse,
2221 1426 2278 1454 aut

1304 1472 1391 1498 certe
1414 1477 1433 1498 a
1455 1467 1633 1498 christiana
1649 1467 1843 1506 perfectione
1859 1467 1971 1507 procul
1989 1471 2157 1497 remotam.
2190 1465 2275 1496 Nam

1305 1509 1438 1550 spiritus
1469 1509 1516 1540 illi
1546 1510 1744 1550 impostores,
1775 1509 1813 1541 de
1837 1510 1953 1550 quibus
1984 1509 2179 1540 vaticinatus
2209 1512 2279 1539 erat

1305 1552 1444 1589 Paulus,
1484 1562 1560 1584 mox
1594 1553 1805 1592 exstiterunt,
1840 1552 2049 1592 prohibentes
2083 1550 2277 1591 coniugium.

1307 1596 1395 1636 Ergo
1419 1605 1458 1626 ne
1482 1596 1553 1636 quis
1576 1595 1675 1626 stulte
1698 1595 1942 1636 imaginaretur,
1972 1594 2157 1634 coniugium
2181 1593 2279 1634 vulgo

1307 1638 1466 1669 duntaxat
1499 1638 1667 1669 hominum
1690 1638 1844 1678 permitti,
1875 1637 1929 1678 qui
1953 1642 2062 1668 autem
2086 1637 2121 1667 in
2144 1635 2279 1667 ecclesia.

1306 1680 1483 1720 excellunt,
1507 1681 1621 1712 debere
1646 1691 1682 1712 eo
1705 1679 1882 1712 abstinere:
1907 1690 2036 1711 omnem
2056 1679 2278 1719 exceptionem

2080 1732 2137 1762 per
2174 1720 2279 1752 indul-

1307 1767 1450 1807 gentiam
1481 1766 1610 1797 concedi
1634 1766 1740 1807 (sicuti
1759 1765 1932 1798 cavillatur
1953 1763 2200 1806 Hieronymus),
2222 1763 2279 1795 sed

1307 1809 1431 1841 honore
1453 1809 1589 1850 dignum
1614 1819 1684 1841 esse
1707 1809 1833 1840 asserit.
1876 1809 1948 1841 Hac
1971 1812 2037 1839 tam
2060 1807 2204 1848 praecisa
2226 1806 2278 1838 de-

1308 1853 1511 1884 nuntiatione
1535 1862 1601 1883 non
1624 1851 1722 1883 fuisse
1746 1852 1877 1884 territos
1900 1852 1953 1893 qui
1984 1851 2182 1882 matrimonii
2203 1860 2278 1891 pro-

1307 1895 1498 1927 hibitionem
1523 1896 1718 1926 invexerunt
1741 1895 1869 1933 mundo,
1894 1895 2064 1935 plusquam
2081 1893 2198 1924 mirum
2215 1894 2277 1924 est:

1308 1939 1371 1970 nisi
1402 1938 1484 1978 quod
1513 1938 1658 1969 fraenum
1688 1938 1733 1969 ita
1759 1936 1901 1969 Satanae
1931 1937 2035 1969 laxari
2064 1936 2207 1976 oportuit
2236 1935 2277 1967 ad

1308 1981 1504 2022 puniendam
1529 1991 1640 2012 eorum
1664 1981 1932 2021 ingratitudinem
1958 1980 2012 2020 qui
2036 1979 2143 2010 Deum
2167 1978 2279 2010 audire

1309 2025 1498 2055 abnuerant.

1395 2067 1424 2097 5.
1460 2066 1567 2098 Mores
1595 2067 1663 2098 sine
1690 2067 1838 2098 avaritia.
1892 2067 1979 2097 Dum
2007 2066 2178 2097 avaritiam
2209 2064 2280 2095 vult

1309 2111 1479 2150 corrigere,
1512 2114 1597 2141 recte
1619 2116 1651 2141 et
1674 2109 1852 2149 prudenter
1875 2109 1971 2140 simul
1996 2109 2083 2140 iubet
2107 2118 2165 2139 nos
2187 2117 2278 2148 prae·

1282 2186 1284 2198 k
1310 2153 1455 2183 sentibus
1485 2163 1555 2184 esse
1586 2156 1766 2183 contentos.
1811 2152 1874 2183 Hic
1905 2152 1990 2182 enim
2021 2161 2117 2182 verus
2147 2157 2195 2181 est
2224 2160 2291 2190 pe»

1282 2196 1423 2244 {cuniae
1461 2199 1679 2235 contemptus,
1719 2195 1768 2225 vel
1806 2194 1918 2226 saltem
1957 2193 2208 2235 magnanimitas
2245 2193 2280 2224 in

1311 2243 1397 2270 recto
1436 2244 1468 2269 et
1505 2238 1672 2269 moderato
1710 2237 1797 2269 illius
1835 2248 1911 2274 usu,
1950 2237 2026 2268 dum
2064 2246 2101 2267 eo
2138 2235 2281 2268 contenti

1311 2291 1421 2312 sumus
1453 2282 1535 2321 quod
1560 2281 1720 2312 Dominus
1743 2280 1840 2317 dedit,
1871 2281 1940 2311 sive
1963 2279 2043 2310 illud
2066 2278 2204 2310 multum
2227 2278 2280 2320 sit,

1312 2326 1380 2356 sive
1411 2325 1575 2365 exiguum.
1627 2323 1709 2354 Nam
1741 2322 1802 2354 hoc
1831 2328 1917 2354 certe
1947 2332 2020 2353 raro
2049 2321 2215 2362 contingit,
2245 2326 2281 2352 ut

1313 2377 1410 2398 avaro
1441 2366 1614 2407 quidquam
1640 2366 1790 2397 sufficiat.
1836 2365 1922 2404 Quin
1947 2365 2052 2404 potius
2076 2365 2192 2403 quibus
2214 2373 2280 2395 non

1313 2411 1391 2441 satis
1415 2415 1464 2441 est
1487 2410 1701 2449 mediocritas,
1724 2409 1850 2440 etiamsi
1874 2407 2022 2438 maximis
2046 2407 2159 2447 opibus
2182 2407 2282 2438 abun·-

1314 2452 1402 2491 dent,
1438 2463 1562 2492 semper
1593 2453 1664 2493 plus
1698 2456 1863 2491 appetunt.
1922 2450 2013 2482 Haec
2046 2455 2094 2481 est
2123 2449 2280 2488 doctrina,

1313 2505 1408 2535 qnam
1438 2505 1472 2526 se
1502 2495 1624 2526 Paulus
1655 2494 1804 2525 didicisse
1837 2492 2012 2533 praedicat:
2049 2502 2166 2533 nempe
2196 2491 2280 2533 quod

1313 2544 1447 2569 noverat
1471 2537 1636 2569 abundare
1658 2542 1690 2568 et
1712 2535 1879 2576 penuriam
1903 2535 1980 2576 pati.
2017 2536 2103 2576 Ergo
2127 2535 2181 2576 qui
2203 2544 2280 2566 suae

1313 2581 1482 2620 cupiditati
1516 2580 1645 2611 modum
1680 2579 1848 2619 imposuit,
1886 2583 1921 2609 ut
1956 2588 2058 2619 aequo
2089 2579 2197 2609 animo
2228 2587 2279 2609 ao-

1315 2624 1461 2663 quiescat
1491 2624 1525 2655 in
1554 2633 1613 2654 sua
1635 2626 1730 2660 sorte,
1760 2622 1787 2653 is
1811 2622 1964 2662 pecuniae
1992 2631 2135 2653 amorem
2161 2631 2200 2652 ex
2223 2630 2280 2652 suo

1285 2659 1289 2701 l
1314 2667 1422 2697 animo
1445 2666 1580 2707 expulit.
