2513 3126
119 177 182 209 265

119 272 171 304 22.
198 272 258 313 Qui
280 275 324 305 est
345 273 380 305 in
400 273 527 305 dextera
542 272 614 310 Dei.
632 273 790 313 profectus
812 274 847 305 in
868 273 992 311 coelum,
1015 271 1087 303 sub-

119 316 207 348 iectis
228 316 290 348 sibi
312 316 445 357 angelis,
467 318 495 348 et
510 315 726 357 potestatibus,
749 318 776 347 et
798 315 973 348 virtutibus.

206 401 257 434 19.
282 401 324 433 In
346 412 406 442 quo
427 404 454 434 et
475 402 527 434 iis.
564 401 638 434 Hoc
661 400 783 433 addidit
805 400 929 439 Petrus,
952 403 988 431 ut
1009 398 1090 431 scia-

119 454 192 475 mus
222 445 383 476 vivificam
413 445 513 485 illam,
544 444 583 475 de
607 454 671 485 qua
701 444 852 484 loquutus
875 447 932 481 est,
956 441 1091 483 spiritus

120 487 274 518 virtutem
308 497 373 518 non
403 495 565 519 exsertam
598 487 695 518 fuisse
725 487 758 517 in
783 485 851 516 sola
873 484 996 516 Christi
1019 494 1092 524 per-

118 540 206 566 60113,
235 529 291 562 sed
314 530 347 561 in
371 540 429 562 1106
452 530 550 561 etiam
582 528 735 560 diffundi:
764 526 1033 567 quemadmodum
1057 530 1090 557 et

118 572 245 604 Paulus
276 572 368 604 docet
401 572 441 604 ad
474 572 588 604 Roma.
618 571 722 610 capite
745 569 775 607 5,
805 568 834 600 5.
886 568 974 600 Dicit
1004 579 1091 609 ergo,

120 625 185 645 non
216 614 279 646 sibi
309 615 403 646 modo
426 614 594 646 Christum
623 612 849 650 resurrexisse,
879 611 935 643 sed
963 616 999 642 ut
1022 612 1089 643 vim

117 657 253 689 eandem
277 658 411 698 spiritus
435 657 483 689 sui
500 656 571 687 aliis
588 655 799 695 patefaceret:
824 653 968 694 adeoque
986 654 1088 694 ipsam

116 709 219 740 usque
242 700 281 731 ad
305 706 451 731 mortuos
482 702 677 738 penetrasse.
723 696 818 729 Unde
841 697 998 737 sequitur,
1030 707 1089 728 nos

116 752 186 773 eam
222 753 286 774 uon
320 743 427 772 minus
460 750 627 778 sensuros,
664 744 699 770 ut
737 739 893 780 quidquid
925 739 959 771 in
995 740 1087 770 nobis

116 784 253 816 mortale
285 789 347 822 est,
382 783 533 815 vivificet.
587 782 758 814 Caeterum
794 783 869 823 quia
900 782 961 814 loci
991 782 1089 814 huius

114 827 293 859 obscuritas
321 826 428 857 varias
458 825 676 866 expositiones
705 824 755 866 (ut
785 825 855 856 fieri
878 824 972 867 solet)
996 825 1089 857 nobis

113 869 250 910 peperit,
272 869 377 909 priore
393 867 461 899 loco
476 878 559 908 quae
575 867 615 899 ab
631 868 701 899 aliis
717 868 907 907 afferuntur,
926 868 1086 899 refellam:

115 911 229 943 deinde
244 912 422 951 genuinum
439 916 472 942 et
488 921 598 942 verum
617 921 747 942 sensum
765 921 967 951 quaeremus.
996 910 1089 942 Trita

113 959 145 986 et
168 954 311 994 vulgaris
341 954 450 994 opinio
479 954 550 993 fuit,
582 953 634 984 hic
658 954 784 985 narrari
808 953 932 985 Christi
956 953 1087 985 descen—

114 1007 186 1028 sum
220 996 260 1027 ad
290 997 428 1028 inferos:
462 996 517 1028 sed
550 997 647 1028 verba
678 996 764 1027 aliud
795 1002 921 1028 sonant.
973 996 1088 1036 Neque

115 1039 201 1071 6111111
230 1039 357 1071 animae
381 1039 504 1071 Christi
534 1040 570 1071 fit
600 1039 731 1076 mentio,
764 1039 820 1070 sed
851 1045 979 1070 tantum
1003 1039 1087 1079 quod

114 1081 232 1123 spiritu
262 1082 399 1114 venerit.
450 1081 537 1114 Sunt
566 1089 674 1114 autem
711 1081 790 1114 haec
824 1082 920 1123 longe
950 1082 1087 1120 diversa,

113 1124 257 1156 animam
289 1125 412 1157 Christi
443 1125 588 1164 venisse,
620 1131 653 1156 et
681 1124 848 1157 Christum
883 1125 1088 1165 praedicasse

114 1168 249 1208 spiritus
277 1168 327 1199 sui
351 1168 503 1208 potentia.
548 1167 752 1199 Nominatim
776 1178 855 1209 ergo
885 1168 1086 1208 spiritum

113 1210 268 1250 exprimit
291 1211 412 1242 Petrus
442 1216 478 1242 ut
506 1211 772 1251 imaginationem
803 1210 896 1242 tollat
918 1210 1015 1242 realis
1037 1210 1087 1252 (ut

114 1253 244 1295 vocant)
276 1253 493 1293 praesentiae.
549 1255 613 1285 Alii
650 1254 688 1284 de
721 1254 876 1294 apostolis
909 1258 1085 1295 exponunt,

114 1296 200 1337 quod
224 1295 346 1328 scilicet
370 1306 479 1327 eorum
505 1297 686 1327 ministerio
711 1298 846 1328 mortuis
869 1296 1031 1337 apparuit,
1054 1295 1087 1327 id

112 1343 163 1370 est
185 1338 378 1370 infidelibus.
424 1338 544 1370 Fateor
571 1340 699 1379 quidem
724 1339 892 1370 Christum
915 1349 974 1379 per
996 1348 1086 1380 apos-

113 1381 195 1413 tolos
227 1382 345 1422 spiritu
377 1391 435 1413 suo
459 1382 586 1413 venisse
616 1382 655 1413 ad
686 1392 740 1413 eos
769 1382 823 1422 qui
850 1382 883 1413 111
914 1392 1010 1414 earne
1034 1382 1086 1413 de-

112 1424 308 1456 tinebantur.
362 1423 425 1457 Sed
462 1424 542 1456 haec
574 1426 733 1465 expositio
765 1424 875 1456 multis
906 1425 1086 1457 rationibus

112 1466 195 1498 falsa
216 1468 412 1508 coarguitur.
458 1467 604 1499 Primum
630 1468 706 1499 dicit
731 1467 858 1506 Petrus,
887 1467 927 1499 ad
951 1468 1086 1508 spiritus

113 1509 283 1541 Christum
306 1511 452 1542 venisse:
483 1521 545 1551 quo
576 1512 707 1542 nomine
733 1511 895 1551 significat
918 1511 1044 1542 animas
1068 1521 1087 1542 a

112 1553 301 1592 corporibus
324 1558 498 1592 separatas.
544 1553 646 1585 Vivos
669 1553 756 1585 enim
783 1553 930 1585 homines
952 1554 1086 1593 spiritus

112 1595 220 1627 vocari
246 1606 403 1636 nusquam
427 1601 593 1636 receptum
618 1602 675 1627 est.
714 1596 842 1628 Deinde
864 1595 948 1637 quod
970 1596 1000 1628 4.
1017 1607 1085 1637 cap.

112 1637 147 1669 in
178 1637 319 1669 eundem
343 1648 474 1670 6611611111
498 1645 622 1679 repetet
645 1639 773 1677 Petrus,
804 1639 992 1680 allegoriam
1019 1649 1086 1670 non

111 1680 266 1712 admittit.
312 1681 400 1722 Ergo
429 1681 468 1712 de
498 1683 636 1714 mortuis
666 1683 796 1722 proprie
824 1682 924 1714 verba
946 1682 1085 1723 intelligi

110 1730 250 1764 oportet.
294 1724 404 1756 Tertio
435 1723 495 1756 hoc
526 1725 620 1756 valde
651 1724 828 1757 absurdum
859 1731 917 1763 est,
948 1725 1084 1757 Petrum

113 1766 153 1797 de
175 1766 327 1807 apostolis
350 1773 510 1808 agentem,
534 1777 608 1799 mox
633 1768 725 1808 quasi
747 1769 798 1799 sui
820 1767 955 1799 oblitum
979 1774 1084 1800 trans-

110 1808 198 1841 silire
232 1809 272 1839 ad
308 1815 437 1850 tempus
469 1810 545 1842 Noe.
601 1810 700 1843 Certe
728 1811 826 1842 nimis
855 1811 1085 1851 intempestive

110 1852 170 1883 hoc
201 1851 297 1883 modo
328 1851 466 1893 abrupta
496 1858 581 1884 esset
611 1854 723 1885 oratio.
768 1853 904 1885 Falsum
936 1864 1013 1895 ergo
1036 1859 1084 1886 est

108 1894 190 1925 illud
220 1901 449 1928 commentum.
495 1896 597 1927 Porro
628 1907 739 1928 eorum
770 1896 921 1928 delirium
945 1898 1002 1937 qui
1025 1907 1083 1938 pu·

110 1941 182 1968 tant
204 1937 398 1975 incredulos,
422 1938 546 1970 Christi
563 1940 715 1977 adventu,
738 1946 810 1980 post
829 1947 964 1971 mortem
981 1950 1083 1979 suam,

109 1990 128 2011 a
151 1986 243 2011 reatu
267 1979 418 2012 liberatos
434 1992 513 2019 6666,
536 1982 633 2023 longa
652 1983 847 2014 refutatione
866 1993 932 2014 non
948 1983 1083 2023 indiget.

111 2022 211 2055 Certa
244 2023 329 2054 enim
365 2025 545 2064 scripturae
580 2026 727 2056 doctrina
760 2032 822 2062 est,
857 2037 914 2057 nos
943 2026 1081 2058 salutem

109 2076 175 2097 nou
208 2067 359 2106 consequi
390 2067 424 2098 in
448 2067 595 2107 Christo,
630 2068 691 2099 nisi
721 2069 792 2100 fide.
838 2068 928 2109 Ergo
957 2070 1010 2109 qui
1041 2069 1082 2100 ad

110 2114 246 2140 mortem
277 2119 377 2149 usque
400 2110 551 2142 obstinati
576 2112 715 2148 fuerunt,
747 2111 798 2143 his
824 2112 915 2143 1111113
937 2122 1011 2152 spes
1035 2123 1083 2143 re-

109 2150 280 2191 linquitur.
326 2151 530 2184 Probabilius
553 2154 719 2194 aliquanto
743 2154 929 2194 loquuntur,
953 2155 1008 2195 qui
1032 2165 1080 2186 re-

109 2193 328 2235 demptionem
353 2205 371 2225 a
388 2194 520 2227 Christo
543 2202 668 2236 partam
690 2198 848 2237 profuisse
868 2197 978 2229 dieunt
999 2208 1081 2229 mor-

109 2238 183 2275 tuis,
203 2238 259 2277 qui
284 2244 429 2278 tempore
446 2238 514 2269 Noe
538 2239 592 2270 diu
616 2240 744 2271 fuerant
769 2241 946 2272 increduli:
971 2247 1081 2272 tamen

109 2280 315 2321 resipuerant
343 2281 483 2319 demum,
514 2282 610 2322 paulo
632 2290 707 2314 ante
730 2294 826 2323 (1113111
851 2283 975 2315 diluvio
998 2294 1081 2315 mer-

110 2330 274 2363 gerentur.
309 2322 388 2355 Illos
411 2334 488 2364 ergo
511 2324 698 2365 intelligunt
724 2336 843 2367 poenas
863 2327 1082 2358 contumaciae

109 2375 187 2396 suae
210 2366 336 2397 dedisse
360 2367 391 2397 in
415 2377 522 2404 carne,
546 2377 688 2399 servatos
713 2375 819 2400 tamen
840 2369 962 2401 Christi
988 2370 1082 2402 bene-

109 2408 188 2445 ficio,
214 2420 252 2439 116
276 2414 444 2440 aeternum
471 2410 622 2449 perirent.
656 2410 720 2442 Sed
746 2412 824 2443 haec
849 2422 962 2452 parum
988 2414 1081 2445 firma

109 2456 157 2481 est
177 2451 353 2482 divinatio:
378 2452 494 2482 deinde
516 2459 639 2492 pugnat
655 2463 725 2484 cum
743 2455 897 2486 orationis
913 2462 1078 2487 contextu.

112 2493 228 2525 Petrus
261 2505 346 2525 6111111
382 2497 439 2526 11111
476 2496 633 2525 duntaxat
670 2498 804 2528 familiae
838 2498 907 2530 Noe
941 2498 1079 2530 salutem

110 2537 274 2567 attribuit:
313 2538 412 2568 exitio
451 2546 557 2568 autem
599 2539 718 2569 addicit
754 2551 866 2572 omnes
900 2543 952 2580 qui
987 2549 1080 2573 extra

109 2588 214 2610 arcam
240 2580 376 2611 fuerunt.
424 2580 495 2620 Ego
527 2582 634 2620 itaque
659 2592 721 2612 non
746 2582 857 2614 dubito
881 2585 957 2624 quin
982 2595 1077 2625 gene-

109 2621 222 2653 raliter
246 2623 331 2654 dicat
348 2623 475 2660 Petrus,
500 2632 623 2664 gratiae
642 2624 765 2656 Christi
785 2627 1079 2658 manifestationem

1003 177 1152 210 CAPUT
1176 177 1236 210 111.

2051 186 2113 217 266

1145 272 1184 303 ad
1209 273 1276 313 pios
1299 273 1431 313 spiritus
1455 275 1649 314 pervenisse,
1682 280 1776 315 atque
1798 275 1844 307 ita
1868 276 1957 308 vitali
1981 278 2113 318 spiritus

1145 315 1287 347 efficacia
1316 325 1385 347 esse
1415 316 1569 355 perfusos.
1621 317 1731 356 Quare
1762 318 1941 351 timendum
1971 330 2036 351 11011
2066 329 2114 353 est

1145 367 1185 389 ne
1201 358 1241 389 ad
1262 368 1320 390 nos
1337 368 1437 398 usque
1455 363 1593 392 emanet.
1628 359 1694 392 Sed
1714 362 1826 400 quaeri
1843 366 1950 401 potest
1966 373 2024 395 cur
2040 373 2113 395 nam

1145 401 1270 440 piorum
1302 401 1436 439 animas,
1465 408 1635 443 postquam
1666 413 1683 434 e
1705 404 1891 443 corporibus
1922 406 2114 446 migrarunt,

1145 443 1178 473 in
1213 453 1340 475 carcere
1374 444 1516 476 collocet.
1567 445 1652 477 Mihi
1682 445 1812 486 quidem
1844 447 1974 489 φυλακή
2008 449 2114 489 potius

1144 486 1307 524 speculam
1344 486 1506 526 significat
1539 488 1573 519 in
1606 497 1668 529 qua
1702 494 1845 529 aguntur
1879 491 2025 532 vigiliae,
2064 491 2114 524 vel

1145 526 1249 567 ipsum
1284 529 1466 560 excubandi
1499 535 1618 563 actum.
1668 530 1752 563 Nam
1785 541 1880 572 saepe
1913 536 1958 564 ita
1987 534 2114 575 capitur

1144 570 1230 609 apud
1255 570 1408 612 Graecos,
1438 577 1470 603 et
1493 583 1607 606 sensus
1635 574 1755 615 optime
1777 574 1867 612 fluet,
1900 577 1968 615 pias
1991 578 2114 608 animas

1143 612 1177 642 in
1211 623 1302 652 spem
1336 614 1452 646 salutis
1487 617 1663 655 promissae
1694 617 1794 648 fuisse
1827 618 1987 658 intentas,
2022 619 2115 659 quasi

1143 655 1271 686 eminus
1305 666 1375 687 eam
1407 658 1658 691 considerarent.
1711 659 1823 700 Neque
1856 661 1944 692 enim
1979 661 2114 693 dubium

1142 702 1192 729 est
1215 699 1292 738 quin
1316 698 1356 729 ad
1379 699 1466 731 hunc
1488 711 1621 741 scopum
1645 702 1747 734 sancti
1771 707 1878 743 patres
1898 707 1966 735 tam
1985 704 2020 735 in
2036 705 2114 743 vita,

1143 750 1239 779 quam
1274 745 1348 781 post
1381 747 1534 780 mortem,
1571 755 1647 777 suas
1679 745 1891 786 cogitationes
1926 745 2114 779 direxerint.

1143 781 1267 814 Verum
1299 784 1378 815 sicui
1409 784 1532 824 placeat
1562 788 1703 819 retinere
1727 789 1865 820 carceris
1888 799 2017 826 nomen,
2048 799 2113 820 non

1143 825 1227 856 male
1261 827 1441 858 conveniet.
1497 827 1602 859 Sicuti
1633 831 1719 861 enim
1754 831 1830 862 dum
1860 831 2028 871 vivebant,
2061 831 2114 863 lex

1143 867 1207 899 illis
1229 867 1326 910 (teste
1349 869 1453 900 Paulo
1477 869 1564 908 [Gal.
1583 871 1614 911 3,
1636 872 1704 915 23])
1727 873 1886 914 quaedam
1909 875 2028 907 arctior
2050 874 2114 906 fuit

1143 911 1299 950 custodia,
1321 912 1356 943 in
1378 922 1443 952 qua
1460 912 1700 947 detinebantur:
1725 916 1770 947 ita
1785 921 1858 956 post
1874 922 2010 949 mortem
2027 916 2113 950 solli—

1143 954 1206 985 cito
1230 953 1353 986 Christi
1376 955 1534 987 desiderio
1557 958 1734 999 constringi
1757 960 1914 999 oportuit:
1937 960 2014 1001 quia
2033 971 2113 992 non-

1143 996 1220 1028 dum
1251 998 1387 1037 spiritus
1414 997 1574 1030 libertatis
1596 999 1691 1039 plene
1714 1001 1878 1033 exhibitus
1901 1007 1980 1035 erat.
2024 1003 2114 1044 Ergo

1143 1040 1396 1079 exspectationis
1419 1041 1569 1073 anxietas
1591 1041 1655 1074 illis
1677 1043 1736 1074 fuit
1753 1044 1851 1076 veluti
1875 1056 1993 1078 carcer.
2027 1045 2113 1077 Hac—

1142 1087 1238 1114 tenus
1262 1083 1399 1123 apostoli
1423 1084 1522 1115 verba
1544 1095 1617 1116 cum
1641 1096 1676 1116 re
1699 1086 1770 1126 ipsa
1797 1092 1828 1118 et
1851 1088 1905 1120 filo
1927 1088 2114 1129 argumenti

1143 1124 1224 1156 belle
1254 1131 1457 1167 congruunt:
1488 1127 1544 1159 sed
1570 1127 1654 1167 quod
1678 1129 1822 1168 sequitur
1845 1131 1993 1162 nonnihil
2016 1131 2114 1163 habet

1143 1167 1352 1201 difficultatis.
1387 1168 1502 1210 Neque
1525 1170 1612 1202 enim
1634 1170 1687 1202 hic
1710 1171 1830 1210 fideles,
1853 1173 1908 1204 sed
1932 1173 2113 1206 incredulos

1141 1210 1225 1242 solos
1255 1217 1496 1244 commemorat.
1542 1212 1616 1252 Quo
1639 1213 1769 1246 videtur
1801 1220 1868 1246 tota
1890 1215 1945 1247 illa
1968 1217 2114 1257 superior

1141 1254 1301 1294 expositio
1324 1255 1437 1286 everti.
1470 1255 1542 1287 Hac
1565 1256 1689 1288 ratione
1712 1257 1842 1289 adducti
1858 1258 1997 1298 quidam,
2021 1262 2114 1300 puta-

1140 1302 1217 1327 runt
1246 1297 1326 1328 nihil
1356 1296 1407 1329 hic
1431 1298 1493 1330 dici
1518 1298 1614 1338 aliud,
1650 1300 1713 1331 nisi
1736 1300 1928 1339 incredulos,
1959 1302 2013 1341 qui
2035 1301 2113 1333 olim

1141 1340 1202 1379 piis
1225 1339 1352 1371 molesti
1375 1341 1546 1381 infestique
1576 1341 1716 1380 fuerant,
1747 1343 1897 1383 spiritum
1921 1343 2045 1376 Christi
2067 1344 2114 1375 iu-

1141 1382 1243 1413 dicem
1279 1386 1429 1423 expertos
1460 1394 1538 1416 esse.
1589 1384 1691 1424 Quasi
1722 1385 1783 1418 hoc
1813 1391 2007 1427 argumento
2039 1397 2113 1419 con·

1141 1425 1263 1457 soletur
1286 1426 1407 1458 Petrus
1429 1426 1549 1464 fideles,
1573 1428 1651 1468 quia
1667 1427 1820 1461 Christus
1843 1429 1942 1461 etiam
1968 1434 2114 1461 mortuus

1140 1478 1260 1508 poenas
1294 1468 1333 1500 de
1367 1469 1446 1509 ipsis
1481 1471 1666 1510 sumpserit.
1723 1470 1789 1503 Sed
1826 1482 1938 1504 eorum
1972 1482 2113 1504 errorem

1140 1511 1312 1543 convincet
1340 1512 1423 1552 quod
1452 1513 1601 1553 proximo
1629 1514 1734 1554 capite
1757 1515 1951 1555 videbimus,
1980 1515 2114 1547 mortuis

1141 1554 1349 1595 evangelium
1374 1555 1604 1595 praedicatum,
1627 1559 1663 1588 ut
1679 1557 1794 1589 vivant
1809 1559 1988 1590 secundum
2004 1557 2113 1590 Deum

1139 1598 1273 1637 spiritu:
1297 1597 1382 1638 quod
1404 1598 1612 1638 peculiariter
1630 1600 1664 1630 in
1680 1599 1795 1632 fideles
1810 1602 1972 1642 competit.
2011 1601 2113 1633 Porro

1140 1645 1263 1671 certum
1294 1645 1353 1677 est,
1388 1641 1475 1672 idem
1509 1641 1595 1682 quod
1625 1653 1711 1675 nunc
1741 1643 1827 1682 dicit,
1862 1644 1927 1677 illic
1956 1648 2112 1685 repetere.

1140 1682 1269 1715 Deinde
1292 1693 1356 1715 non
1379 1684 1645 1717 animadvertunt
1671 1686 1731 1718 hoc
1754 1687 1926 1727 praecipue
1950 1687 2033 1719 velle
2056 1687 2113 1718 Pe-

1139 1731 1239 1767 trum,
1269 1727 1540 1767 quemadmodum
1563 1729 1707 1768 potentia
1729 1730 1862 1769 spiritus
1885 1729 2009 1762 Christi
2032 1730 2112 1762 vivi-

1139 1769 1232 1801 ficam
1266 1780 1300 1802 66
1327 1770 1360 1801 111
1391 1772 1460 1811 ipso
1491 1770 1643 1809 ostendit,
1673 1776 1706 1803 et
1736 1772 1809 1804 talis
1839 1784 1857 1804 a
1887 1773 2024 1804 mortuis
2053 1773 2114 1803 fuit

1138 1813 1282 1854 cognita,
1321 1813 1420 1844 talem
1456 1814 1553 1845 etiam
1589 1824 1667 1855 erga
1701 1825 1760 1846 nos
1792 1815 1868 1847 fore.
1923 1815 2113 1847 Videndum

1138 1860 1246 1887 tamen
1270 1865 1424 1896 quorsum
1447 1855 1508 1887 hoe
1531 1863 1662 1897 spectet,
1686 1857 1770 1898 quod
1786 1857 1967 1890 incredulos
1983 1862 2110 1890 tantum

1139 1901 1295 1930 nominat.
1334 1897 1479 1930 Videtur
1501 1901 1588 1931 enim
1613 1900 1729 1939 dicere,
1753 1900 1920 1932 Christum
1944 1901 1977 1932 in
1993 1901 2110 1942 spiritu

1138 1942 1325 1982 apparuisse
1359 1942 1400 1973 iis
1433 1942 1489 1982 qui
1522 1943 1600 1974 olim
1631 1943 1758 1975 fuerant
1788 1942 1956 1975 increduli.
2009 1943 2111 1984 Atqui

1137 1995 1197 2025 ego
1229 1984 1324 2015 aliter
1357 1984 1541 2025 distinguo:
1574 1988 1645 2018 tunc
1673 1996 1790 2026 quoque
1816 1986 1982 2026 permistos
2009 1987 2111 2028 fuisse

1136 2027 1306 2059 incredulis
1323 2037 1424 2066 puros
1445 2027 1508 2060 Dei
1536 2029 1674 2070 cultores,
1704 2029 1766 2060 imo
1787 2038 1891 2060 eorum
1912 2028 2112 2062 multitudine

1134 2071 1199 2110 fere
1225 2072 1353 2109 opertos.
1396 2070 1567 2111 Discrepat
1587 2071 1714 2113 (fateor)
1744 2071 1782 2102 ab
1810 2071 1864 2103 hoe
1885 2081 1978 2104 sensu
1997 2082 2110 2114 yraeca

1135 2113 1295 2154 syntaxis:
1321 2113 1470 2145 debuerat
1490 2115 1573 2146 em'm
1597 2115 1720 2152 Petrus,
1749 2114 1780 2145 si
1804 2114 1858 2146 hoc
1880 2115 1974 2156 vellet,
2002 2115 2111 2156 geniti-

1135 2166 1208 2187 vum
1229 2155 1403 2187 absolutum
1420 2167 1546 2197 ponere.
1582 2157 1643 2190 Sed
1664 2157 1740 2197 quia
1758 2157 1905 2196 apostolis
1918 2168 2032 2190 novum
2048 2167 2109 2190 uon

1136 2201 1179 2230 est
1201 2199 1332 2231 liberius
1352 2209 1460 2231 casum
1485 2210 1583 2232 unum
1599 2210 1714 2241 ponere
1735 2200 1868 2232 alterius
1889 2200 1960 2239 loco,
1983 2203 2012 2232 et
2025 2201 2106 2232 vide-

1135 2252 1206 2273 mus
1231 2241 1354 2273 Petrum
1375 2241 1425 2273 hic
1443 2243 1566 2282 confuse
1587 2243 1699 2274 multas
1725 2252 1776 2274 res
1797 2243 1894 2275 simul
1916 2253 2109 2276 coacervare:

1135 2294 1188 2316 nec
1209 2295 1278 2316 vero
1300 2285 1392 2316 aliter
1415 2289 1508 2325 aptus
1530 2296 1639 2318 sensus
1654 2285 1722 2318 elici
1731 2288 1872 2325 poterut.-
1892 2296 1954 2318 nou
1969 2285 2108 2318 dubitavi

1135 2328 1181 2359 ita
1210 2327 1363 2359 resolvere
1389 2329 1557 2360 orationem
1584 2329 1786 2368 2'mpzicitam:
1819 2338 1878 2368 quo
1908 2329 2108 2370 intelliyereut

1135 2370 1267 2408 lectores,
1301 2370 1384 2402 alios
1412 2373 1517 2404 vocari
1546 2372 1730 2410 incredulos,
1763 2381 1857 2411 quam
1886 2372 1997 2411 quibus
2012 2382 2108 2411 prae-

1134 2414 1272 2445 dicatum
1298 2414 1399 2452 fuisse
1429 2414 1622 2454 evangelium
1650 2414 1739 2446 dia-it.
1792 2414 1972 2454 Postquam
2006 2413 2106 2456 er901)

1135 2456 1217 2487 dixit
1254 2456 1471 2488 Christum
1511 2469 1545 2488 se
1583 2458 1717 2488 mortuis
1750 2457 1991 2496 manifestasse,
2029 2468 2106 2488 mox

1134 2500 1241 2537 addit:
1272 2509 1392 2539 quum
1422 2499 1638 2532 increduli
1669 2499 1852 2532 fuissent
1879 2500 1985 2531 olim.
2031 2500 2105 2539 Quo

1135 2543 1295 2582 significat
1324 2542 1407 2573 1111111
1438 2544 1586 2575 nocuisse
1609 2542 1730 2575 sanctis
1753 2543 1909 2584 patribus,
1939 2542 2022 2584 quod
2047 2544 2103 2573 im-

1220 2636 1240 2669 ¹)
1258 2634 1328 2661 euim
