2513 3126
130 193 191 225 393

220 289 270 320 19.
294 288 415 328 Itaque,
443 288 561 328 fratres
588 286 647 317 mei
675 283 785 322 dilecti,
815 283 856 314 sit
882 283 982 314 omnis
1010 281 1098 313 homo

132 331 207 364 celer
229 332 271 363 ad
293 331 491 371 audiendum,
514 328 624 361 tardus
645 328 748 357 autem
766 325 1015 365 adloquendum,
1038 328 1099 356 tur-

132 374 191 406 dus
220 374 263 406 ad
292 374 385 405 iram.
430 373 480 404 20.
514 371 573 403 Ira
595 369 676 400 euim
697 367 831 399 hominis
860 368 1013 399 iustitiam
1036 367 1100 398 Dei

132 427 194 449 nori
215 418 370 456 operatur.
411 416 461 447 21.
488 413 678 454 Quapropter
700 411 838 451 deposita
861 411 945 441 omui
967 411 1101 441 immuu-

133 459 218 498 ditie,
240 461 267 491 et
289 458 497 490 redundantia
518 454 667 490 malitiae,
690 462 759 484 cum
780 453 1015 485 mansuetudine
1031 463 1099 484 sus-

133 502 224 542 cipite
256 502 386 533 insitum
417 506 585 531 sermonem
617 496 673 536 qui
695 498 795 536 potest
825 506 949 527 servare
976 496 1102 527 animas

134 547 259 577 vestras.

222 628 270 660 19.
294 627 343 660 Sit
363 626 462 658 omnis
484 624 581 656 homo.
621 624 657 656 Si
681 623 759 655 haec
781 624 822 655 sit
845 623 1006 664 generalis
1030 633 1100 654 sen-

135 672 247 712 tentia,
270 670 363 709 longe
386 668 486 708 petita
504 668 566 698 erit
583 666 703 697 illatio:
727 666 782 697 sed
802 667 875 706 quia
896 666 934 698 de
954 676 1102 698 sermone

138 715 195 746 illo
219 711 364 746 veritatis
380 710 575 742 sententiam
592 709 760 749 proximae
776 714 1006 749 congruentem
1023 719 1101 739 mox

136 755 287 792 annectit,
304 763 368 785 non
385 752 494 784 dubito
507 753 584 792 quin
598 752 681 783 hanc
694 751 951 783 exhortationem
964 752 1100 792 peculia-

135 800 213 831 riter
234 797 381 828 instituto
403 806 461 827 suo
484 794 711 827 accommodet.
750 794 839 834 Ergo
860 795 1022 835 proposita
1037 793 1101 825 Dei

135 841 287 880 bonitate,
317 838 458 870 ostendit
487 838 626 878 qualiter
654 837 694 868 ad
728 837 948 877 recipiendum
979 838 1100 868 incom-

136 881 277 925 parabile
298 881 385 913 istud
405 880 598 912 beneficium
615 890 676 920 quo
694 890 750 911 nos
766 880 875 920 afficit,
899 883 1102 920 comparatos

134 935 202 959 esse
239 924 359 956 deceat.
415 923 507 963 Quae
545 923 691 955 doctrina
729 932 884 963 perquam
922 923 1009 954 utilis
1042 926 1102 954 est.

133 968 245 1008 Neque
282 967 368 998 enim
405 966 502 997 unius
538 965 694 997 momenti
726 976 807 1005 opus
841 970 889 997 est
923 965 1102 1006 spiritualis

133 1009 316 1052 generatio:
347 1008 473 1049 quando
500 1019 628 1049 semper
649 1013 782 1039 manent
805 1007 961 1048 quaedam
986 1009 1102 1039 veteris

133 1052 273 1085 hominis
304 1052 466 1092 reliquiae,
495 1052 623 1083 assidue
654 1062 712 1082 nos
742 1051 857 1092 refingi
887 1061 1016 1083 necesse
1042 1055 1102 1091 est,

133 1096 234 1127 donec
267 1095 432 1126 aboleatur
465 1104 550 1126 caro.
602 1094 722 1125 Nostra
756 1100 862 1125 autem
893 1094 944 1126 vel
976 1094 1101 1131 ferocia,

132 1138 186 1170 vel
211 1138 406 1178 arrogantia,
438 1137 488 1168 vel
518 1137 674 1175 socordia,
706 1147 860 1177 magnum
891 1141 940 1168 est
970 1136 1103 1176 impedi-

134 1184 280 1212 mentum
315 1179 386 1211 Deo
423 1190 464 1211 ne
502 1190 594 1211 suum
632 1179 666 1210 in
704 1179 798 1210 nobis
834 1190 913 1219 opus
946 1180 1102 1219 perficiat.

133 1223 244 1263 Quare
267 1223 341 1254 dum
366 1222 502 1254 Iacobus
524 1233 583 1254 nos
605 1222 724 1254 celeres
748 1221 787 1253 ad
811 1222 1009 1253 audiendum
1033 1232 1103 1254 esse

133 1266 214 1305 vult,
251 1265 538 1306 promptitudinem
573 1264 795 1297 commendat:
835 1275 871 1296 ac
904 1265 930 1296 si
966 1265 1102 1297 diceret:

133 1308 272 1349 Quando
306 1318 340 1339 se
373 1308 419 1339 ita
447 1307 624 1340 liberaliter
654 1307 743 1339 vobis
775 1307 870 1338 offert
900 1307 1008 1346 Deus,
1042 1318 1102 1339 vos

132 1362 259 1392 quoque
288 1351 336 1382 illi
367 1350 485 1382 dociles
508 1351 659 1391 praebete
669 1361 684 1381 t·
706 1360 747 1381 ne
770 1350 818 1381 illi
842 1361 964 1382 moram
988 1350 1104 1382 afferat

133 1399 242 1426 vestra
273 1393 418 1426 tarditas.
464 1393 628 1433 Quoniam
659 1398 767 1425 autem
791 1393 867 1424 dum
892 1393 1031 1424 nimium
1054 1404 1101 1425 sa-

132 1447 208 1477 pere
231 1437 323 1468 nobis
347 1436 505 1476 videmur,
528 1447 592 1468 non
610 1437 810 1468 sustinemus
828 1435 953 1476 placide
970 1435 1102 1476 loquen-

133 1485 198 1511 tem
221 1480 333 1511 audire
357 1479 473 1517 Deum,
504 1479 559 1511 sed
590 1485 700 1510 nostra
732 1479 922 1510 festinantia
949 1479 1102 1519 quodam-

133 1521 228 1554 modo
240 1522 462 1562 abrumpimus
474 1522 543 1554 eius
554 1531 751 1554 sermonem:
764 1521 927 1553 silentium
941 1522 1103 1562 apostolus

134 1564 226 1596 nobis
256 1565 402 1604 imperat.
448 1565 493 1596 Et
520 1570 607 1596 certo
631 1575 725 1595 nemo
748 1575 892 1604 unquam
916 1565 1019 1596 bonus
1043 1566 1104 1596 erit

136 1607 198 1638 Dei
229 1606 415 1647 discipulus,
447 1608 509 1638 nisi
540 1608 593 1647 qui
616 1607 741 1638 silendo
764 1617 837 1638 eum
863 1606 982 1639 audiet.
1028 1607 1103 1639 Non

133 1650 274 1690 imperat
304 1656 412 1681 tamen
442 1650 675 1692 pythagoricae
704 1649 832 1681 scholae
855 1649 1032 1689 silentium,
1063 1661 1104 1682 ne

134 1693 178 1724 sit
208 1693 255 1724 fas
284 1693 447 1733 inquirere
478 1693 604 1733 quoties
628 1692 750 1723 discere
773 1693 922 1733 cupimus
947 1693 1031 1733 quod
1055 1698 1104 1725 est

133 1735 212 1766 utile
236 1736 382 1776 cognitu:
412 1735 468 1767 sed
491 1740 619 1766 tantum
642 1735 714 1766 vult
737 1736 934 1776 proterviam
959 1742 1103 1768 nostram

134 1778 305 1818 corripere,
330 1789 379 1819 ne,
397 1779 480 1811 sicut
501 1779 571 1809 fieri
587 1777 679 1815 solet,
698 1778 922 1819 intempestive
938 1779 1104 1820 obstrepa-

134 1831 207 1851 mus
237 1820 321 1852 Deo:
353 1827 384 1852 et
414 1821 565 1861 quamdiu
596 1831 723 1852 sacrum
754 1831 789 1853 os
819 1821 915 1853 habet
945 1829 1103 1862 apertum,

134 1863 181 1894 illi
204 1863 328 1895 animos
352 1874 511 1904 auresque
533 1868 660 1895 nostras
684 1865 876 1903 aperiamus,
908 1875 971 1896 non
995 1869 1103 1896 autem

134 1915 328 1946 occupemus
351 1907 411 1947 ipsi
435 1907 532 1947 loqui.

222 1948 348 1981 Tardus
376 1950 418 1981 ad
446 1950 538 1981 iram.
584 1948 671 1980 Iram
696 1959 822 1989 quoque
845 1949 992 1981 damnari
1015 1954 1103 1990 puto,

135 1996 295 2032 quatenus
318 1992 525 2030 audientiam,
550 2002 648 2032 quam
672 1992 732 2023 sibi
750 1992 842 2024 Deus
862 1993 931 2024 fieri
951 1993 1104 2033 postulat,

135 2034 227 2075 quasi
256 2034 485 2066 tumultuando
517 2035 683 2075 perturbat
714 2035 763 2066 vel
796 2035 940 2075 impedit.
992 2035 1104 2076 Neque

135 2078 222 2109 enim
248 2077 348 2118 Deus,
371 2078 433 2109 nisi
461 2078 572 2109 sedato
596 2078 714 2118 animo,
745 2078 849 2109 audiri
873 2083 986 2119 potest.
1027 2078 1104 2110 Ideo

136 2119 237 2159 addit,
267 2119 418 2160 quamdiu
449 2121 497 2152 ira
520 2131 656 2161 regnum
681 2120 787 2161 habet,
818 2131 883 2152 non
907 2131 977 2152 esee
1000 2121 1102 2153 locum

137 2162 203 2194 Dei
235 2162 386 2194 iustitiae.
437 2162 601 2203 Denique,
633 2164 694 2194 nisi
723 2163 858 2195 facessat
886 2164 1104 2196 contentionis

136 2205 258 2243 fervor,
294 2216 458 2246 nunquam
488 2205 558 2237 Deo
593 2206 829 2246 praestabimus
862 2206 951 2238 illam
982 2207 1103 2239 silentii

137 2248 398 2287 moderationem,
421 2249 460 2279 de
483 2259 544 2289 qua
567 2260 670 2288 nuper
694 2249 844 2289 loquutus
867 2255 924 2281 est.

220 2290 271 2322 21.
299 2291 493 2331 Quapropter
510 2291 658 2331 deposita.
698 2292 869 2323 Concludit
884 2293 948 2324 iam
965 2293 1103 2333 qualiter

137 2333 338 2373 recipiendus
369 2335 413 2365 sit
444 2345 547 2366 sermo
577 2335 671 2366 vitae.
724 2337 772 2366 Ac
802 2336 943 2375 primum
973 2336 1101 2375 quidem

137 2375 198 2407 rite
221 2377 338 2417 suscipi
363 2382 458 2418 negat
481 2377 542 2408 nisi
566 2378 737 2417 inseratur,
762 2378 813 2408 vel
832 2379 956 2409 radices
975 2385 1050 2418 agat
1069 2380 1102 2410 in

139 2418 239 2450 nobis.
286 2419 369 2450 Nam
402 2420 480 2452 haec
507 2420 652 2460 loquutio
682 2421 897 2460 suscipere
927 2421 1101 2452 insitum

138 2470 386 2503 sermonem,
418 2463 452 2493 in
486 2462 570 2495 hanc
600 2468 656 2494 aut
686 2464 822 2495 similem
853 2463 970 2494 resolvi
1000 2464 1102 2504 debet,

138 2502 190 2533 Ita
220 2505 371 2544 suscipite
401 2511 438 2536 ut
468 2516 544 2537 vere
573 2506 746 2537 inseratur.
791 2506 918 2537 Alludit
947 2507 1032 2537 enim
1063 2507 1102 2538 ad

139 2556 248 2576 semen
278 2548 362 2585 quod
385 2558 481 2587 saepe
503 2549 534 2579 in
560 2549 649 2580 arida
672 2549 742 2580 loca
764 2549 858 2587 cadit,
890 2560 948 2581 nec
972 2549 1102 2581 humido

139 2593 246 2619 terrae
268 2590 339 2620 sinu
363 2591 540 2630 excipitur:
565 2591 615 2622 vel
640 2593 678 2623 ad
698 2593 845 2623 surculos
862 2593 917 2632 qui
934 2593 964 2622 in
983 2597 1101 2624 terram

139 2632 283 2671 proiecti,
318 2636 374 2662 aut
407 2632 494 2673 ligno
526 2638 653 2665 mortuo
688 2636 860 2675 superiecti
890 2639 1102 2666 marcescunt.

1035 187 1182 224 CAPUT
1207 187 1231 218 Ι.

2058 193 2120 224 394

1152 282 1316 324 Praecipit
1338 284 1448 325 igitur,
1472 289 1507 316 ut
1527 285 1601 317 viva
1624 286 1680 316 fiat
1703 286 1819 324 insitio,
1843 297 1905 326 qua
1925 286 2027 318 veluti
2047 297 2120 319 cum

1151 325 1246 357 corde
1281 332 1392 358 nostro
1425 328 1589 360 coalescat.
1642 327 1747 360 Simul
1784 329 1914 360 modum
1945 329 2042 361 huius
2072 340 2121 361 re-

1152 368 1309 408 ceptionis
1332 370 1489 401 ostendit:
1518 381 1644 411 nempe,
1675 371 1685 401 i
1699 381 1719 401 n
1751 382 1781 402 m
1795 382 1813 402 a
1826 383 1846 402 n
1860 383 1875 404 s
1887 382 1908 403 u
1921 382 1938 404 e
1950 377 1962 403 t
1975 382 1994 402 u
2008 371 2026 402 d
2041 373 2049 403 i
2062 383 2083 403 n
2096 383 2122 404 e.

1153 410 1225 450 Quo
1241 412 1338 443 verbo
1362 412 1523 453 significat
1542 412 1732 444 modestiam
1753 419 1784 444 et
1801 414 1986 446 facilitatem
2004 416 2121 447 mentis

1153 453 1191 484 ad
1223 454 1410 486 discendum
1432 457 1643 496 compositae:
1675 456 1801 496 qualem
1826 457 1946 489 Iesaias
1969 458 2120 489 describit

1153 495 1218 537 (57,
1244 496 1305 538 15),
1333 507 1434 537 quum
1457 498 1548 531 dicit:
1578 498 1684 538 Super
1708 508 1803 538 quem
1827 500 2005 540 requiescet
2027 500 2120 540 spiri-

1154 543 1207 570 tus
1238 549 1338 580 mene,
1370 540 1431 572 nisi
1462 551 1560 581 super
1587 540 1742 572 humilem
1766 546 1797 572 et
1820 543 1987 581 quietum?
2035 543 2123 575 Hinc

1153 581 1190 612 fit
1213 587 1248 612 ut
1271 590 1333 612 tam
1359 584 1450 623 pauci
1473 584 1507 614 in
1530 584 1593 615 Dei
1616 583 1726 616 schola
1748 584 1936 624 proficiant:
1967 586 2043 625 quia
2067 587 2123 618 vix

1153 625 1346 656 centesimus
1368 626 1503 666 quisque
1526 626 1660 666 spiritus
1678 627 1728 658 sui
1748 627 1899 658 ferociam
1921 627 2061 667 deponit,
2085 631 2122 660 ut

1153 676 1188 697 se
1212 667 1281 698 Deo
1309 668 1445 699 comiter
1476 669 1640 700 subiiciat:
1673 669 1729 701 sed
1761 679 1872 701 omnes
1903 669 1968 700 fere
1991 670 2067 701 elati
2090 675 2123 702 et

1156 710 1334 740 refractarii
1357 710 1523 742 accedunt.
1561 711 1628 743 Nos
1645 722 1731 750 vero,
1755 713 1782 744 si
1800 713 1948 752 cupimus
1964 722 2033 744 esse
2049 714 2125 745 viva

1154 751 1216 783 Dei
1239 751 1407 792 plantatio,
1430 754 1616 794 subigendis
1639 755 1671 786 in
1697 754 1912 786 humilitatem
1935 755 2055 787 nostris
2077 756 2124 786 in-

1154 795 1257 835 geniis
1273 794 1386 826 demus
1401 805 1543 835 operam,
1572 801 1608 827 ut
1624 802 1778 837 tanquam
1794 798 1870 838 agni
1889 808 1946 829 nos
1962 808 1981 829 a
1996 802 2125 838 pastore

1155 843 1265 869 nostro
1284 838 1351 877 regi
1370 838 1524 870 sinamus.
1559 838 1626 871 Sed
1647 842 1721 880 quia
1737 850 1902 880 nunquam
1919 841 1964 872 ita
1979 842 2124 873 cicuran-

1155 884 1207 911 tur
1240 880 1400 919 homines,
1434 886 1469 912 ut
1500 885 1612 921 pacato
1643 883 1780 922 mitique
1808 884 1873 914 sint
1904 883 2026 922 animo,
2060 884 2125 915 nisi

1155 927 1230 954 ante
1259 923 1367 963 pravis
1398 923 1463 955 suis
1495 924 1660 956 affectibus
1691 926 1853 966 repurgati
1886 926 2023 957 fuerint:
2053 926 2125 958 ideo

1154 966 1243 997 iubet
1269 965 1508 997 immunditiem
1531 972 1564 998 et
1586 967 1730 999 malitiae
1753 967 2002 1000 redundantiam
2027 969 2124 1010 depo-

1155 1018 1243 1039 nere.
1298 1008 1342 1039 Et
1379 1009 1531 1048 quoniam
1569 1009 1610 1041 ab
1644 1010 1844 1050 agricultura
1878 1011 2124 1044 similitudinem

1155 1053 1323 1082 mutuatur
1352 1051 1504 1083 Iacobus:
1535 1051 1588 1084 hic
1621 1053 1700 1084 ordo
1731 1053 1890 1084 tenendus
1921 1054 1991 1094 fuit,
2021 1058 2058 1086 ut
2085 1055 2124 1087 ab

1156 1093 1264 1125 herbis
1284 1094 1411 1126 vitiosis
1436 1094 1656 1135 exstirpandis
1679 1096 1844 1136 inciperet.
1884 1096 1994 1135 Quum
2018 1099 2127 1129 autem

1155 1147 1267 1168 omnes
1301 1136 1498 1176 alloquatur,
1534 1137 1609 1169 hinc
1639 1138 1854 1179 colligendum
1883 1145 1945 1178 est,
1980 1140 2126 1180 ingenita

1155 1184 1290 1210 naturae
1313 1184 1444 1211 nostrae
1466 1190 1536 1212 esse
1560 1180 1638 1212 haec
1660 1181 1756 1220 mala,
1779 1186 1811 1213 et
1829 1182 1962 1214 haerere
1981 1182 2016 1213 in
2032 1182 2125 1215 nobis

1156 1222 1312 1253 omnibus.
1352 1222 1420 1253 Imo
1443 1233 1541 1263 quum
1566 1224 1650 1263 apud
1670 1223 1779 1256 fideles
1796 1225 1894 1256 verba
1912 1225 2017 1266 faciat,
2042 1236 2123 1257 nun-

1157 1275 1252 1306 quam
1276 1265 1310 1296 in
1334 1265 1394 1296 hac
1414 1265 1480 1297 vita
1503 1276 1561 1297 nos
1581 1267 1708 1306 penitus
1729 1267 1781 1299 his
1799 1267 1951 1299 mundari
1970 1268 2122 1306 ostendit,

1157 1318 1270 1339 verum
1293 1307 1427 1339 subinde
1451 1308 1666 1348 repullulare:
1689 1309 1823 1350 ideoque
1844 1310 2005 1342 assiduam
2025 1311 2125 1342 eradi-

1157 1351 1250 1382 candi
1273 1360 1384 1382 curam
1407 1352 1552 1391 requirit.
1590 1352 1700 1383 Primo
1723 1353 1875 1393 quoniam
1898 1363 1991 1385 sacra
2009 1363 2060 1385 res
2078 1359 2126 1385 est

1156 1393 1219 1425 Dei
1239 1403 1359 1425 sermo:
1384 1399 1419 1424 ut
1438 1394 1478 1425 ad
1498 1404 1573 1425 eum
1589 1394 1808 1435 recipiendum
1825 1401 1981 1435 aptemur,
2006 1406 2126 1428 exuere

1156 1436 1275 1475 sordes,
1306 1436 1422 1476 quibus
1450 1437 1610 1477 inquinati
1632 1447 1753 1477 sumus,
1776 1439 1935 1471 convenit.
1981 1438 2050 1471 Sub
2073 1449 2127 1470 no-

1156 1480 1244 1510 mine
1266 1478 1392 1518 κακίας,
1416 1484 1482 1510 tam
1503 1480 1689 1521 hypocrisin
1708 1486 1740 1512 et
1758 1481 2004 1519 contumaciam,
2028 1492 2126 1522 quam

1155 1532 1325 1563 perversas
1363 1532 1476 1554 omnes
1512 1523 1704 1563 cupiditates
1742 1524 1996 1564 comprehendit.
2058 1524 2125 1557 Nec

1156 1569 1327 1597 contentus
1343 1565 1451 1596 sedem
1470 1566 1609 1597 malitiae
1625 1566 1793 1607 assignare
1805 1568 1838 1597 in
1851 1566 1991 1599 hominis
2004 1568 2126 1599 anima:

1156 1608 1236 1639 adeo
1265 1608 1425 1648 copiosam
1448 1608 1514 1640 illic
1536 1609 1693 1640 malitiam
1714 1609 1856 1640 residere
1879 1609 1979 1649 docet,
2010 1615 2045 1642 ut
2068 1621 2125 1642 ex-

1156 1651 1267 1689 undet,
1298 1651 1350 1682 vel
1380 1652 1468 1691 quasi
1498 1651 1532 1682 in
1562 1652 1726 1683 cumulum
1754 1657 1913 1693 assurgat.
1968 1653 2012 1684 Et
2040 1657 2127 1685 certe

1157 1694 1302 1734 quisquis
1321 1704 1356 1725 se
1375 1694 1454 1725 bene
1473 1695 1658 1733 excusserit,
1677 1695 1871 1726 immensum
1888 1696 1921 1726 in
1937 1706 1971 1727 se
1987 1696 2128 1736 reperiet

1157 1736 1318 1768 malorum
1341 1736 1447 1768 chaos

1246 1779 1307 1818 Qui
1324 1782 1422 1819 potest
1443 1789 1575 1811 servare.
1613 1779 1824 1820 Magnificum
1844 1780 1991 1812 coelestis
2010 1780 2126 1813 doctri-

1157 1832 1218 1853 nae
1253 1823 1446 1862 encomium,
1482 1822 1566 1862 quod
1597 1828 1718 1854 certam
1749 1833 1790 1854 ex
1820 1833 1858 1854 ea
1886 1823 2024 1855 salutem
2052 1833 2126 1856 con-

1157 1866 1330 1905 sequimur.
1375 1865 1435 1896 Est
1458 1870 1566 1896 autem
1589 1865 1746 1903 additum,
1771 1870 1806 1896 ut
1828 1876 2009 1898 sermonem
2033 1867 2126 1898 illum

1156 1907 1260 1939 instar
1276 1907 1419 1939 thesauri
1435 1907 1703 1948 incomparabilis,
1726 1914 1758 1939 et
1773 1913 1934 1949 expetere,
1958 1915 1991 1941 et
2007 1920 2126 1951 amare,

1157 1955 1189 1981 et
1217 1951 1422 1991 magnificare
1451 1951 1619 1982 discamus.
1666 1951 1729 1982 Est
1759 1961 1837 1992 ergo
1861 1952 1945 1984 acris
1968 1952 2008 1984 ad
2031 1953 2126 1985 casti-

1156 1993 1295 2034 gandam
1320 1999 1461 2024 nostram
1486 1994 1650 2034 ignaviam
1674 1994 1834 2034 stimulus,
1857 2005 2050 2033 sermonem,
2074 1995 2126 2027 cui

1157 2036 1298 2067 solemus
1338 2043 1400 2066 tam
1434 2037 1638 2077 negligenter
1672 2046 1767 2068 aures
1802 2038 1972 2079 praebere,
2011 2038 2126 2070 salutis

1158 2085 1290 2110 nostrae
1318 2089 1387 2110 esse
1409 2089 1548 2110 causam.
1595 2079 1737 2111 Tametsi
1762 2089 1826 2111 non
1850 2081 1883 2111 in
1908 2081 1996 2112 hunc
2018 2082 2126 2119 finem,

1157 2122 1307 2153 servandi
1327 2123 1374 2153 vis
1397 2123 1538 2153 sermoni
1561 2121 1764 2162 adscribitur,
1787 2124 1879 2162 quasi
1903 2128 1958 2154 aut
1981 2124 2068 2155 salus
2091 2124 2124 2154 in

1157 2170 1290 2196 externo
1323 2165 1409 2196 vocis
1446 2165 1554 2196 sonitu
1592 2166 1717 2197 inclusa
1749 2165 1844 2203 foret,
1883 2172 1940 2198 aut
1973 2166 2125 2198 servandi

1156 2218 1275 2239 munus
1305 2207 1376 2238 Deo
1405 2207 1556 2245 ablatum,
1587 2208 1650 2240 alio
1681 2210 1920 2240 transferretur.
1969 2209 2053 2240 Nam
2084 2208 2123 2240 de

1156 2261 1302 2282 sermone
1327 2255 1443 2281 tractat
1462 2250 1597 2282 Iacobus
1620 2252 1672 2291 qui
1697 2251 1759 2282 fide
1782 2252 1816 2282 in
1840 2252 1936 2283 corda
1956 2251 2123 2282 hominum

1157 2294 1354 2333 penetravit:
1376 2298 1407 2323 et
1424 2298 1550 2324 tantum
1568 2293 1699 2334 indicat,
1718 2295 1823 2326 Deum
1840 2295 1952 2325 salutis
1969 2298 2122 2332 autorem,

1156 2335 1325 2377 evangelio
1349 2347 1406 2367 suo
1430 2346 1500 2367 eam
1525 2347 1687 2377 peragere.

1240 2421 1291 2452 22.
1326 2420 1428 2452 Estote
1455 2422 1591 2461 factores
1619 2422 1784 2458 sermonis,
1820 2424 1846 2452 et
1876 2432 1935 2453 uon
1965 2422 2122 2454 auditores

1155 2465 1264 2504 solum,
1286 2464 1426 2503 fallentes
1448 2474 1500 2495 vos
1521 2465 1617 2504 ipsos.
1662 2464 1712 2495 23.
1746 2464 1831 2495 Nam
1853 2465 1883 2495 si
1905 2465 1976 2504 quis
1998 2465 2122 2496 auditor

1155 2510 1197 2539 est
1225 2508 1389 2545 sermonis,
1422 2509 1448 2537 et
1474 2517 1534 2538 uon
1562 2508 1679 2546 factor:
1709 2507 1757 2538 luc
1787 2507 1904 2538 similis
1931 2510 1974 2539 est
2003 2507 2122 2539 homini

1154 2550 1361 2581 consideranti
1374 2550 1487 2589 faciem
1501 2550 1674 2581 nativitatis
1689 2560 1765 2581 suae
1780 2551 1814 2581 iu
1826 2549 1956 2590 speculo.
1980 2550 2031 2581 24.
2046 2550 2122 2582 Con-

1154 2593 1303 2624 sideravit
1332 2593 1414 2624 euim
1436 2603 1468 2624 se
1491 2594 1604 2633 ipsum,
1634 2595 1661 2624 et
1684 2593 1769 2630 abiit,
1799 2595 1825 2623 et
1841 2593 1989 2632 protinus
2011 2593 2122 2625 oblitus

1154 2639 1197 2668 est
1226 2636 1328 2675 qualis
1357 2637 1406 2668 sit.
1452 2635 1501 2667 25.
1529 2635 1590 2675 Qui
1610 2646 1679 2667 vero
1702 2636 1835 2667 intuitus
1855 2636 1952 2676 fuerit
1973 2636 2008 2668 iu
2029 2636 2121 2676 Zeqem
