2513 3126
249 204 288 235 27
997 200 1138 233 EPIS'P.
1164 201 1226 233 AD
1254 202 1502 236 HEBRAEOS
1827 175 1830 178 Α
2205 205 2246 238 28

251 301 310 332 Dei
345 312 443 338 amor,
477 311 538 347 quo
574 300 689 330 fuctum
725 303 774 328 est
803 302 838 328 ut
870 308 908 328 ne
941 297 1068 337 proprio
1091 297 1218 337 quidem

248 343 313 374 filio
362 343 545 383 pepercerit.
603 340 696 379 Quod
739 340 830 380 Chry
833 345 996 371 sostomus
1046 344 1220 380 gustare

250 389 414 417 inortcm
439 385 580 424 exponit,
609 384 699 423 quasi
723 383 858 415 summis
882 382 979 414 labris
1003 382 1154 421 delibare,
1184 393 1220 414 eo

248 429 330 468 quod
351 428 445 459 Chri
442 434 501 457 tus
521 427 622 458 victor
646 436 662 457 e
686 434 788 457 morte
810 425 988 464 emerserit,
1013 436 1076 456 non
1102 425 1220 465 refello,

249 482 352 511 neque
381 469 534 509 improbo.
581 468 785 509 Quamquam
821 468 926 500 nescio
957 479 997 498 an
1021 467 1099 499 adeo
1122 468 1222 499 subti-

249 515 322 545 liter
346 513 428 553 loqui
455 511 592 544 volucrit
615 511 785 552 apostolus.

335 598 383 630 10.
406 596 538 629 Docebat
568 597 649 628 enim
679 606 747 627 cum
771 599 902 635 propter
930 605 1018 635 quem
1048 596 1162 636 onmia,
1196 598 1222 628 et

241 651 299 681 per
315 650 404 680 quem
420 641 533 680 omnia,
554 650 649 679 quum
664 640 775 671 maltos
791 638 876 678 filios
888 639 1023 679 yloriam
1047 639 1222 676 adduceret,

246 685 351 715 ducem
363 683 475 714 salutis
490 693 593 714 eorum
604 693 663 721 per
674 682 840 721 passiones
855 691 1040 714 consecrare.
1073 682 1121 713 11.
1137 681 1223 712 Nam

246 727 300 766 qni
328 726 506 765 sanctificat,
540 728 565 756 et
594 726 649 765 ιμιί
678 724 921 764 sanctificantur,
955 734 992 755 ea:
1022 734 1082 756 uno
1105 734 1222 756 omnes.-

241 771 368 809 propter
397 778 492 808 quant
521 778 647 799 causam
680 777 739 799 non
761 767 909 798 erubescit
928 767 1046 807 fratres
1068 767 1152 807 ipsos
1174 777 1220 798 vo·
1246 792 1248 798 ,

246 822 325 852 care,
372 811 420 842 12.
449 810 581 842 Dicens:
617 809 775 842 Nnntiabo
808 819 916 841 nomen
949 812 1036 841 tuum
1069 809 1222 849 fratribus

246 855 338 887 meis:
372 855 407 886 ‘in
436 854 533 885 medio
562 852 703 885 ecclesiae
725 862 835 884 canam
857 855 892 884 te.
940 852 989 884 13.
1013 852 1056 884 Et
1077 862 1221 884 rursum:

247 897 315 938 Eyo
347 907 397 929 ero
427 896 525 935 sidens
558 896 592 926 in
626 896 705 934 ipso.
751 895 792 926 Et
824 905 967 927 rursum:
1002 895 1081 927 Ecce
1110 905 1163 936 esso
1194 898 1222 927 et

240 940 335 980 pueri
358 949 435 979 quos
456 938 534 970 mihi
555 938 637 970 dedit
659 938 755 971 Deus.

333 1024 381 1056 10.
405 1023 535 1055 Docebat
565 1025 655 1055 enim.
708 1024 772 1056 Hic
804 1030 907 1055 status
938 1029 996 1061 est,
1031 1028 1064 1054 ut
1097 1022 1220 1054 Christi

247 1067 501 1099 humilitaionem
538 1067 622 1108 apud
659 1068 728 1107 pios
763 1066 937 1107 gloriosam
971 1066 1093 1097 reddat.
1140 1065 1219 1097 Nam

246 1120 344 1150 quum
385 1109 529 1141 induisse
569 1120 700 1141 earnem
743 1116 886 1140 nostram
922 1109 1051 1146 dicitur,
1092 1108 1220 1140 videtur

247 1152 344 1193 vulgo
360 1152 527 1184 hominum
545 1152 726 1193 aggregari.
763 1151 853 1184 Crux
871 1159 977 1183 autem
1002 1152 1085 1183 infra
1108 1162 1220 1182 omnes
1245 1153 1247 1161 '¹

246 1195 393 1227 homines
426 1205 499 1226 eum
534 1194 651 1227 deiicit.
705 1195 792 1235 Ergo
826 1194 1008 1226 cavendum
1044 1205 1084 1225 ne
1114 1194 1220 1225 minor

243 1241 413 1270 censeatur
437 1237 598 1275 Christus,
622 1238 696 1278 quia
719 1243 833 1278 sponte
856 1248 890 1269 se
913 1244 1044 1278 propter
1074 1247 1133 1268 nos
1163 1247 1217 1268 ex·
1245 1239 1246 1248 ³

244 1280 399 1312 inanivit:
424 1280 510 1320 quod
527 1291 613 1312 nunc
630 1281 746 1321 agitur.
786 1280 868 1311 Nam
889 1280 1031 1311 ostendit
1054 1279 1219 1320 apostolus

244 1324 304 1355 hoc
334 1324 439 1363 ipsum
472 1323 587 1355 debere
619 1324 684 1355 filio
708 1323 768 1354 Dei
793 1333 862 1354 esse
887 1323 1110 1360 honorificum,
1143 1323 1219 1362 qnia

244 1368 289 1397 ita
317 1371 523 1398 consecratus
555 1366 596 1397 sit
628 1367 694 1397 dux
724 1366 840 1398 salutis
870 1372 1008 1397 nostrae.
1055 1365 1219 1405 Principio

244 1410 331 1441 istud
349 1419 405 1449 pro
428 1410 573 1440 confesso
597 1410 704 1447 sumit,
728 1409 878 1440 standum
902 1419 972 1440 esse
988 1409 1051 1440 Dei
1075 1408 1219 1440 decreto:

244 1495 366 1535 gloriae
384 1495 507 1525 servire
524 1495 670 1526 debeant.
709 1495 797 1535 Ergo
817 1505 880 1525 non
900 1494 964 1526 alia
987 1494 1100 1525 melior
1124 1504 1220 1526 causa

245 1537 473 1578 investiganda
507 1544 554 1568 est
594 1548 691 1578 quam
726 1538 773 1569 ita
805 1537 964 1578 placuisse
999 1537 1080 1568 Deo.
1145 1536 1220 1567 Huc

245 1581 387 1620 pertinet
421 1580 617 1620 periphrasis
652 1591 714 1620 qua
746 1581 861 1620 utitur,
897 1586 1070 1620 propter
1101 1590 1219 1619 quem

246 1628 284 1654 et
311 1633 382 1663 per
412 1633 527 1662 quem
553 1624 696 1654 omnia.
742 1623 877 1654 Poterat
901 1633 964 1654 uno
988 1623 1087 1654 verbo
1111 1622 1218 1653 Deum

246 1665 423 1706 appellare:
459 1665 515 1696 sed
546 1666 719 1697 admonere
750 1666 852 1697 voluit
883 1677 939 1706 pro
965 1668 1085 1706 optimo
1108 1665 1139 1696 id
1165 1666 1220 1696 ha·-

246 1708 387 1740 bendum
412 1708 495 1748 quod
519 1710 629 1739 statuit
653 1710 729 1748 ipse,
755 1709 846 1740 cuius
869 1716 901 1740 et
925 1708 1075 1740 voluntas
1098 1714 1130 1740 et
1153 1708 1219 1749 glo-

246 1752 293 1782 ria
310 1758 417 1783 rectus
433 1758 481 1782 est
497 1752 639 1782 omnium
659 1753 742 1783 finis.
780 1751 933 1783 Nondum
958 1758 1067 1783 tamen
1091 1751 1219 1783 videtur

245 1800 392 1825 constare
409 1793 494 1834 quod
515 1794 665 1834 intendit,
690 1795 833 1826 decuisse
850 1795 1018 1826 Christum
1042 1794 1101 1825 hoc
1124 1794 1218 1825 modo

245 1838 442 1868 consecrari:
480 1837 535 1868 sed
577 1837 638 1869 hoc
672 1837 791 1877 pendet
825 1848 864 1868 ex
899 1837 1061 1868 ordinaria
1096 1837 1218 1868 ratione

245 1889 342 1919 quam
373 1879 462 1910 Deus
496 1881 529 1910 in
564 1879 741 1912 tractandis
775 1880 841 1911 suis
874 1886 970 1912 tenet.
1018 1880 1099 1910 Vult-
1131 1880 1218 1911 enim

245 1932 300 1953 eos
330 1922 431 1954 variis
462 1923 625 1954 aerumnis
656 1924 809 1961 exerceri,
844 1930 1007 1963 totamque
1036 1923 1134 1954 vitam
1160 1922 1219 1953 sub

245 1975 339 1996 cruce
362 1964 486 2005 degere.

245 2008 409 2048 opportuit
450 2017 544 2039 cruce
587 2009 777 2049 inaugurari
818 2009 850 2039 in
891 2019 985 2040 suum
1027 2009 1219 2048 primatum:

246 2049 373 2090 quando
403 2050 465 2082 ista
493 2056 541 2082 est
564 2052 744 2082 communis
768 2052 914 2082 omnium
938 2051 990 2082 lex
1013 2058 1045 2082 et
1067 2051 1218 2083 conditio.

247 2092 338 2124 Haec
362 2099 409 2124 est
432 2093 644 2125 conformatio
668 2095 781 2134 capitis
805 2105 877 2125 cum
903 2094 1064 2132 membris,
1095 2094 1133 2125 de
1158 2104 1221 2133 qna

249 2135 376 2167 disserit
405 2134 526 2167 Paulus
560 2136 598 2167 ad
631 2137 793 2168 Romanos
823 2137 926 2176 eapite
958 2137 990 2175 8,
1024 2137 1075 2168 29.

248 2182 356 2209 autem
388 2184 438 2209 est
460 2179 579 2210 eximia
601 2179 779 2210 consolatio
802 2180 840 2211 ad
867 2180 1078 2220 mitigandam
1103 2179 1221 2211 acerbi-

249 2227 346 2252 tatem
376 2221 488 2258 crucis,
520 2232 617 2261 quum
649 2222 783 2253 audiunt
811 2221 922 2253 fideles
946 2223 1084 2254 miseriis
1108 2229 1140 2253 et
1163 2222 1220 2253 tri-

248 2263 467 2295 bulationibus
489 2274 522 2295 se
547 2275 610 2296 una
633 2275 706 2296 cum
726 2264 856 2296 Christo
878 2265 1071 2297 sanctificari
1100 2265 1133 2296 in
1156 2264 1222 2305 glo-

248 2307 344 2337 riam:
383 2306 525 2346 adeoque
563 2307 675 2338 vident
713 2318 842 2339 causam
880 2318 949 2338 esse
984 2318 1040 2339 eur
1074 2313 1221 2338 amanter

247 2349 433 2380 osculentur
456 2350 563 2390 potius
586 2360 714 2381 crucem
738 2360 833 2390 quam
857 2350 1021 2381 horreant.
1064 2350 1102 2381 Id
1126 2360 1221 2390 porro

249 2392 319 2422 fieri
350 2392 462 2432 nequit
495 2393 572 2432 quin
602 2393 812 2433 opprobrium
845 2393 949 2424 crucis
973 2393 1097 2425 Christi
1121 2393 1221 2434 proti-

250 2444 311 2465 nus
341 2435 567 2475 absorbeatur,
601 2443 632 2466 et
666 2435 769 2476 gloria
803 2435 970 2476 ret'ulgeat.
1023 2435 1103 2474 Quis
1134 2436 1221 2467 enim

250 2476 429 2516 vilipendat
451 2478 536 2517 quod
559 2487 686 2509 sacrum
710 2485 770 2517 est,
794 2479 857 2509 imo
882 2479 967 2518 quod
992 2478 1080 2510 Deus
1103 2479 1221 2509 sancti-

249 2519 348 2550 ficati>

250 2561 289 2592 ad
312 2561 473 2634 ggeriam‘?
518 2562 618 2603 Atqui
642 2570 813 2604 utrumque
836 2563 887 2595 hic
910 2564 949 2595 de
971 2564 1095 2595 Christi
1119 2569 1222 2594 morte

250 2614 325 2644 prae
349 2610 460 2635 icatur.

334 2645 397 2678 Per
426 2657 513 2687 quenz
542 2648 654 2680 omnia.
700 2648 809 2688 Quum
842 2648 880 2680 de
911 2648 1073 2681 creatione
1102 2649 1220 2690 agitur,

1245 1438 1247 1441 ,
1273 1409 1375 1441 liceat.

245 1452 321 1492 quia
345 1453 438 1483 sicuti
462 1452 531 1482 eius
555 1453 675 1483 virtute
699 1452 911 1489 sustinentur,
935 1452 1042 1483 omnia
1065 1452 1109 1482 ita
1134 1450 1219 1482 illius
1245 1446 1247 1457 “

1245 1780 1247 1786 .
1273 1752 1408 1783 ‹ffertur
1441 1754 1472 1783 in
1506 1763 1601 1784 carue
1632 1758 1752 1784 nostra.

1246 1796 1415 1835 ³accipe1e
1450 1796 1522 1835 quis
1556 1794 1656 1832 malit,
1692 1805 1772 1835 quae
1806 1795 1869 1825 alia
1902 1800 1952 1826 est
1985 1796 2047 1836 piis
2078 1805 2150 1826 cum
2180 1793 2247 1825 filio

533 1964 700 1997 Christum
728 1976 804 2006 ergo
833 1973 865 1996 ut
897 1972 945 1996 est
977 1965 1220 2006 primogenitus,
1246 1976 1247 1980 ¹

1247 2256 1249 2264 .
1276 2223 1363 2254 Deus
1398 2233 1506 2263 meus,

1275 2479 1354 2510 fines
1386 2486 1507 2511 terrae:

392 2518 474 2558 Quis
505 2520 754 2560 ignominiosum
785 2520 880 2552 ducat
907 2532 969 2561 quo
992 2530 1222 2561 praeparamur
1248 2510 1249 2533 l

1274 298 1333 329 hoc
1356 299 1422 330 filio
1453 300 1605 332 tribuitur
1628 302 1717 341 quasi
1744 300 1920 341 proprium,
1952 299 2038 340 quod
2063 310 2118 340 per
2141 300 2244 340 ipsum

1273 346 1380 372 creata
1411 342 1477 373 sint
1509 344 1634 375 omnia:
1670 344 1725 375 sed
1763 344 1814 375 hic
1848 342 1928 374 nihil
1964 342 2051 374 aliud
2084 343 2245 382 significat

1272 383 1435 423 apostolus
1465 395 1560 424 quam
1590 392 1676 418 stare
1705 397 1816 417 omues
1838 388 2011 424 creaturas,
2041 385 2092 416 vel
2115 396 2243 417 conser-

1274 427 1341 457 vari
1378 427 1410 456 in
1445 437 1502 457 suo
1532 433 1618 459 statu
1651 430 1709 461 Dei
1738 430 1865 460 virtute.
1918 428 1980 460 Ubi
2014 438 2072 459 nos
2102 439 2247 460 conse-

1275 479 1394 500 crare
1419 469 1586 510 vertimus,
1610 471 1663 502 alii
1687 471 1826 503 reddunt
1850 472 2013 511 perficere.
2059 469 2124 503 Sed
2148 481 2246 510 quum

1275 511 1410 543 verbum
1431 511 1610 550 τελειῶσας,
1632 519 1694 553 quo
1717 525 1795 546 usus
1819 520 1876 551 est,
1901 513 2070 554 ambiguae
2082 513 2124 544 sit
2147 514 2247 554 signi-

1274 554 1443 594 ficationis,
1468 555 1670 595 perspicuum
1693 566 1762 588 esse
1785 557 1923 588 arbitror
1946 566 2041 596 quam
2067 557 2157 596 posui
2182 566 2246 587 me-

1275 597 1337 628 lius
1368 600 1522 628 contextu
1550 597 1718 637 quadrare.
1763 599 1845 631 Nam
1875 599 2009 631 solennis
2037 598 2191 639 quaedam
2219 601 2246 630 et

1273 640 1411 680 leyitima
1433 640 1591 672 ordinatio
1614 643 1747 679 notatur,
1775 651 1837 682 qua
1857 643 2024 674 initiantur
2044 641 2106 680 filii
2128 641 2191 673 Dei
2212 644 2245 673 ut

1273 683 1409 723 yradunz
1436 693 1528 714 suum
1551 683 1713 722 obtineant,
1735 683 1867 724 adeoque
1887 687 2068 725 separentur
2089 695 2109 716 a
2129 684 2247 724 reliquo

1274 726 1403 757 mundo:
1426 729 1458 756 et
1481 736 1556 757 mox
1574 726 1742 757 subiicitur
1765 728 1885 758 mentio
1907 727 2180 759 sanctificationis.

1362 769 1410 799 11.
1437 768 1522 799 Nam
1551 769 1607 808 qui
1635 769 1815 808 sanctificat.
1859 769 1979 801 Probat
2003 770 2085 810 quod
2109 770 2247 807 dixerat,

1275 811 1418 843 decuisse
1435 811 1561 850 impleri
1579 812 1611 842 in
1629 811 1752 843 Christi
1775 821 1922 851 persona,
1945 820 2074 853 propter
2096 812 2248 844 coniunc-

1275 855 1395 885 tionem
1425 854 1526 894 ipsius
1549 864 1622 886 cum
1647 854 1810 885 membris.
1856 854 1898 885 Et
1920 855 2043 887 interea
2066 854 2157 886 docet
2180 856 2246 886 sin-

1246 920 1248 929 .
1274 897 1386 938 gulare
1417 897 1477 928 hoc
1509 906 1579 928 esse
1609 897 1772 936 specimen
1801 897 1931 928 divinae
1963 897 2125 938 bonitatis,
2162 897 2247 937 quod

1273 950 1402 971 carnem
1434 944 1578 971 nostram
1609 939 1724 971 induit.
1772 939 1858 972 Dicit
1889 949 1965 980 ergo
1988 950 2031 971 ex
2055 950 2126 972 uno
2150 950 2248 977 esse,

1274 982 1333 1013 hoc
1357 986 1415 1019 est,
1441 993 1479 1012 ex
1506 993 1572 1013 una
1595 986 1714 1013 natura
1736 982 1785 1023 (ut
1808 992 1867 1023 ego
1887 981 2016 1022 quidem
2041 983 2249 1024 interpretor)

1274 1033 1416 1056 autorem
1448 1025 1638 1062 sanctitatis,
1674 1029 1707 1056 et
1736 1036 1794 1056 nos
1824 1025 1878 1065 qui
1909 1035 2019 1056 sumus
2051 1026 2119 1057 eius
2147 1026 2248 1066 parti-

1273 1069 1367 1108 cipes.
1414 1067 1637 1099 Communiter
1659 1068 1846 1108 intelligunt
1869 1078 1908 1099 ex
1933 1078 1996 1098 uno
2021 1067 2140 1099 Adam:
2168 1079 2248 1099 non-

1273 1110 1353 1141 nulli
1386 1110 1425 1141 ad
1451 1110 1553 1141 Deum
1587 1110 1740 1148 referunt,
1776 1121 1880 1151 neque
1906 1110 2054 1142 absurde.
2100 1109 2166 1142 Sed
2188 1121 2248 1152 ego

1273 1154 1379 1194 potius
1404 1153 1539 1184 eandem
1560 1159 1707 1184 naturam
1731 1153 1895 1194 designari
1910 1153 2069 1190 existimo,
2093 1158 2126 1184 et
2147 1163 2250 1185 unum

1272 1196 1418 1236 intelligo
1453 1197 1486 1226 in
1521 1203 1635 1227 neutro
1669 1206 1799 1236 genere:
1836 1207 1872 1228 ac
1904 1197 1930 1227 si
1965 1196 2084 1228 diceret
2113 1206 2154 1227 ex
2185 1206 2250 1227 una

1273 1249 1379 1270 massa
1398 1248 1456 1270 nos
1479 1249 1548 1270 esse
1571 1239 1773 1278 compositos.
1810 1239 1881 1270 Hoc
1905 1249 1981 1270 vero
2004 1239 2043 1270 ad
2067 1238 2247 1279 augendam

1274 1288 1416 1312 nostram
1448 1281 1600 1312 fiduciam
1631 1292 1696 1312 non
1727 1291 1839 1321 parum
1871 1282 1966 1319 valet,
2002 1292 2060 1313 nos
2086 1291 2158 1313 cum
2183 1281 2248 1313 filio

1273 1324 1335 1355 Dei
1366 1330 1433 1355 tam
1463 1329 1551 1356 arcto
1576 1324 1825 1355 necessitudinis
1849 1324 1977 1356 vinculo
2000 1324 2181 1364 cohaerere,
2211 1329 2250 1355 ut

1273 1367 1490 1404 sanctitatem,
1510 1377 1573 1407 qua
1586 1367 1778 1407 indigemus,
1796 1367 1939 1407 reperire
1954 1368 1987 1398 in
2005 1372 2121 1398 natura
2137 1371 2248 1399 nostra

1422 1409 1534 1450 Neque
1558 1410 1642 1441 enim
1668 1415 1796 1441 tantum
1820 1415 1978 1450 quatenus
1996 1410 2083 1441 Deus
2107 1416 2164 1447 est,
2190 1419 2248 1441 nos

1273 1453 1462 1493 sanctificat,
1486 1451 1542 1483 sed
1564 1452 1726 1484 humanae
1750 1463 1874 1493 quoque
1899 1455 2033 1484 naturae
2057 1453 2106 1484 vis
2127 1453 2247 1484 sancti·

1273 1495 1390 1526 ficandi
1413 1496 1512 1527 inest:
1547 1505 1608 1526 non
1638 1495 1722 1535 quod
1747 1506 1817 1526 eam
1842 1495 1959 1526 habeat
1981 1506 1999 1526 a
2023 1506 2056 1526 se
2080 1496 2157 1535 ipsa,
2192 1494 2247 1526 sed

1273 1538 1355 1578 quod
1374 1538 1508 1570 solidam
1527 1538 1760 1578 plenitudinem
1783 1539 1964 1570 sanctitatis
1988 1539 2019 1569 in
2043 1548 2112 1569 eam
2136 1537 2249 1569 effudit

1275 1581 1371 1619 Deus,
1406 1586 1443 1612 ut
1477 1580 1553 1611 inde
1584 1581 1772 1612 hauriamus
1806 1591 1926 1612 omnes.
1980 1581 2073 1620 Quod
2109 1581 2249 1620 pertinet

1245 1659 1246 1663 Ἰ
1273 1624 1327 1654 illa
1351 1625 1526 1655 sententia:
1552 1623 1620 1665 Ego
1644 1630 1775 1664 propter
1803 1634 1856 1655 eos
1879 1624 2043 1655 sanctifico
2068 1634 2118 1654 me
2140 1624 2246 1663 ipsum

1273 1666 1401 1706 (Iohan.
1425 1667 1474 1702 17.
1507 1666 1568 1708 19).
1615 1667 1703 1707 Ergo
1734 1667 1760 1697 si
1790 1677 1848 1697 nos
1878 1667 2001 1706 profani
2025 1672 2057 1697 et
2079 1665 2248 1704 immundi,

1273 1720 1337 1740 non
1369 1710 1477 1749 procul
1508 1709 1727 1749 quaerendum
1758 1716 1805 1741 est
1837 1709 2013 1740 remedium
2044 1709 2130 1749 quod
2157 1708 2248 1740 nobis

1799 1751 1836 1783 Si
1867 1753 1906 1783 de
1938 1754 2063 1783 unitate
2089 1750 2248 1792 spirituali

1273 1837 1346 1878 Dei,
1381 1848 1478 1878 quam
1511 1837 1554 1869 sit
1585 1837 1770 1869 hominibus
1800 1838 1899 1879 vulgo
1922 1838 2006 1869 inter
2029 1847 2077 1868 se:
2110 1847 2175 1868 non
2198 1847 2248 1868 re-

1272 1891 1391 1921 pugno.
1437 1879 1596 1912 Libenter
1626 1888 1735 1911 tamen
1763 1890 1881 1920 sequor
1903 1880 1987 1920 quod
2011 1881 2114 1921 magis
2137 1889 2247 1920 recep-

1273 1929 1342 1954 tum
1367 1930 1423 1960 est,
1448 1924 1502 1955 ubi
1526 1934 1590 1954 non
1615 1929 1663 1955 est
1685 1933 1704 1954 a.
1726 1923 1850 1954 ratione
1874 1923 2129 1954 dissentaneum.

1361 1966 1434 1998 Non
1455 1966 1602 1998 erubescit
1634 1966 1749 2006 fratres
1782 1966 1869 2005 ipsos
1897 1976 2014 1998 vocare.
2058 1966 2167 1998 Locus
2197 1965 2250 1996 hic

1245 2024 1247 2030 v
1272 2016 1420 2049 sumptus
1450 2016 1498 2040 est
1527 2019 1569 2040 ex
1599 2009 1730 2040 Psalmo
1759 2009 1810 2046 22,
1845 2009 1896 2040 23.
1942 2008 2109 2041 Christum
2139 2014 2247 2039 autem

1272 2052 1351 2089 illic,
1387 2052 1438 2083 vel
1471 2052 1631 2084 Davidem
1666 2054 1698 2083 in
1732 2051 1855 2083 Christi
1891 2062 2027 2092 persona
2059 2051 2246 2092 loquentem

1130 2136 1164 2167 Η
1245 2121 1248 2132 ,
1272 2095 1389 2133 induci,
1414 2100 1511 2126 testes
1534 2095 1675 2134 primum
1698 2101 1776 2125 sunt
1799 2094 2031 2135 evangelistae,
2061 2095 2115 2135 qui
2137 2094 2247 2134 plures

1166 2146 1220 2167 aec
1246 2155 1249 2160 .

1275 2147 1385 2169 versus
1415 2138 1489 2169 inde
1518 2139 1635 2169 citant:
1670 2148 1796 2185 nempe,
1831 2137 1942 2177 partiti
1965 2141 2043 2168 sunt
2065 2136 2125 2168 sibi
2148 2136 2246 2167 vesti-

1274 2187 1391 2211 menta.
1438 2181 1532 2221 Item,
1558 2180 1725 2212 Dedernnt
1747 2181 1780 2211 in
1804 2190 1910 2211 escam
1933 2190 2038 2211 meam
2061 2179 2113 2210 fel.
2152 2178 2246 2215 Item,

1543 2223 1631 2254 Deus
1666 2233 1757 2254 meus
1792 2223 1904 2262 utquid
1939 2233 1990 2253 me
2024 2220 2246 2270 dereliquisti?

1275 2265 1389 2297 deinde
1423 2276 1475 2296 res
1508 2266 1577 2306 ipsa
1610 2266 1694 2297 idem
1729 2265 1879 2297 ostendit.
1932 2265 2015 2297 Nam
2046 2265 2078 2295 in
2111 2264 2248 2295 historia

1276 2308 1433 2347 passionis
1462 2319 1593 2340 cernere
1623 2309 1698 2340 licet
1719 2309 1828 2340 vivam
1858 2318 1965 2339 rerum
1989 2307 2144 2346 omnium,
2167 2316 2248 2347 quae

1275 2350 1340 2381 illic
1370 2357 1554 2399 narrantur,
1584 2351 1734 2400 effigiem.
1780 2351 1824 2382 Et
1854 2351 1969 2399 psalmi
1999 2349 2143 2381 clausula
2165 2359 2247 2390 quae

1275 2399 1323 2424 est
1353 2393 1391 2425 de
1422 2394 1588 2426 vocatione
1617 2394 1773 2435 gentium,
1806 2393 1933 2425 nonnisi
1956 2393 2012 2424 uni
2035 2392 2168 2424 Christo
2191 2402 2247 2433 ap-

1275 2437 1336 2467 tari
1378 2441 1497 2477 potest:
1538 2437 1782 2468 Convertentur
1815 2435 1855 2467 ad
1890 2434 2067 2466 Dominum
2102 2435 2247 2467 universi

1542 2480 1720 2511 adorabunt
1748 2488 1855 2510 coram
1885 2488 1922 2509 eo
1949 2483 2084 2509 cunctae
2107 2477 2248 2509 familiae

1275 2522 1430 2562 gentium.
1476 2522 1611 2553 Domini
1634 2528 1683 2554 est
1706 2531 1851 2562 regnum,
1882 2527 1914 2551 et
1939 2521 2008 2560 ipse
2031 2520 2249 2552 dominabitur

1274 2564 1434 2604 gentibus.
1480 2565 1607 2596 Horum
1638 2565 1780 2596 omnium
1810 2563 1930 2594 veritas
1958 2564 1992 2594 in
2022 2563 2089 2594 solo
2116 2563 2248 2595 Christo

1275 2612 1392 2647 exstat,
1415 2607 1469 2648 qui
1492 2618 1555 2639 non
1579 2608 1705 2648 exiguis
1727 2605 1839 2647 spatiis
1862 2606 1913 2646 (ut
1935 2605 2057 2647 David)
2079 2605 2249 2646 ampliavit

1276 2659 1412 2690 regnum
1450 2650 1520 2688 Dei,
1564 2650 1620 2682 sed
1657 2648 1803 2681 extendit
1840 2659 1897 2689 per
1933 2653 2035 2680 totum
2073 2648 2247 2680 mundum:
