2513 3126
290 209 350 238 153
1027 203 1166 234 EPIST.
1194 203 1255 234 Al)

287 314 437 336 sevorum
461 303 597 334 iudicem
622 312 655 332 sc
678 299 835 331 ostendat.
883 299 918 330 si
941 299 1109 330 innoxium
1135 298 1257 330 animal

289 341 422 387 propius
462 346 544 376 forto
584 343 785 382 accessisset,
827 342 959 373 iubebat
998 341 1077 372 illud
1118 340 1255 372 confodi.

288 390 419 428 Quanto
454 387 562 418 durior
596 395 697 425 poena
730 385 921 416 imminebat
951 384 1171 424 peccatoribus
1201 384 1255 424 qui

287 432 346 463 sibi
377 430 459 462 male
489 429 607 461 conscii
638 433 739 465 erant,
774 428 839 458 imo
867 428 922 467 qui
945 438 979 458 se
1004 429 1162 458 noverant
1184 436 1255 458 reos

288 475 398 506 mortis
415 478 565 503 aeternae
585 471 637 512 agi
661 482 717 512 per
740 469 864 511 legem?
902 469 1120 510 Evangelium
1145 474 1254 500 autem

288 516 365 548 nihil
383 515 443 546 nisi
464 514 601 546 amabile
624 515 778 551 continet,
802 514 828 544 si
853 512 981 553 quidem
1007 512 1069 543 fide
1091 512 1253 553 recipitur.

286 559 424 598 Reliqua
454 563 527 598 pete
557 568 598 588 ex
628 557 657 588 2.
681 556 720 587 nd
752 555 939 587 Corinthios
969 555 1071 595 capite
1102 554 1131 587 3.
1177 554 1254 587 Cne-

287 610 390 632 terum
413 600 497 640 quod
520 600 597 632 dicit
619 599 770 640 populum
794 608 978 631 excusasse:
1003 607 1068 629 non
1092 597 1140 630 ita
1162 597 1256 629 debet

285 643 400 684 accipi,
435 643 525 684 quasi
560 642 696 683 populus
730 642 871 673 renuerit
905 641 1016 673 audire
1049 639 1111 672 Dei
1146 640 1255 678 verba,

284 687 340 718 sed
357 686 547 727 deprecatus
564 692 611 717 est
628 696 668 716 ne
685 684 792 716 Deum
810 685 915 724 ipsum
939 683 1122 725 loquentem
1143 683 1255 715 audire

285 735 466 771 cogeretur.
498 729 642 760 Persona
658 728 746 759 enim
762 727 866 759 Mosis
881 726 1071 767 interposita
1089 725 1253 758 horrorem

285 771 436 804 nonnihil
452 771 632 812 mitigabat.
663 771 805 811 Torquet
823 775 933 802 tamen
956 770 1151 810 interpretes
1170 769 1254 809 quod

284 815 372 847 Mosi
389 815 468 846 haec
484 814 582 847 verba
597 814 763 854 apostolus
787 813 915 852 tribuit3
939 812 1254 853 Expavefactus

285 868 370 890 sum
405 863 443 889 et
478 858 769 888 tremefactus:
808 865 889 897 quae
922 865 1082 895 nusquam
1116 854 1254 895 legimus

284 901 398 933 Mosen
422 899 605 941 protulisse.
649 899 773 931 Verum
790 898 906 930 solutio
929 908 991 929 non
1015 898 1078 929 erit
1101 897 1253 937 difficilis,

284 944 312 976 si
328 943 567 976 consideremus
584 942 710 974 Mosem
726 942 856 974 nomine
874 941 985 982 populi
1007 942 1053 972 sic
1075 940 1254 980 loquutum,

284 988 376 1018 cuius
399 985 562 1023 mandata,
585 985 675 1025 quasi
699 984 927 1021 internuntius,
951 983 990 1015 ad
1008 983 1115 1014 Deum
1139 982 1254 1014 refere-

283 1030 347 1061 bat.
383 1028 463 1060 Fuit
478 1029 578 1069 igitur
593 1028 674 1060 haec
689 1027 869 1060 communis
885 1027 983 1058 totius
998 1025 1107 1067 populi
1131 1025 1253 1065 quaeri-

283 1071 408 1104 monia:
443 1071 499 1104 sed
523 1071 633 1103 Moses
664 1069 838 1107 inducitur,
875 1071 930 1110 qui
962 1069 1023 1100 suit
1047 1068 1147 1100 veluti
1170 1078 1255 1099 com-

283 1124 382 1146 mune
404 1125 440 1146 os
462 1114 619 1145 omnium.

367 1157 418 1189 22.
441 1157 496 1189 Ad
516 1159 648 1189 montem
670 1155 756 1188 Sion.

283 1201 345 1233 tias
375 1200 493 1241 quibus
522 1199 598 1231 olim
623 1200 713 1231 Deus
735 1198 928 1239 promiserat
951 1195 1157 1236 evangelium
1180 1195 1256 1227 inde

282 1243 500 1284 proditurum,
530 1247 566 1274 ut
589 1242 711 1274 Iesaiae
742 1241 891 1280 secundo,
922 1244 954 1271 et
983 1238 1143 1270 similibus
1167 1238 1254 1270 locis.

283 1287 372 1328 Ergo
405 1290 549 1318 montem
584 1284 661 1317 Sion
696 1284 868 1316 committit
900 1292 970 1314 cum
1005 1285 1114 1313 monte
1145 1280 1254 1312 Sinai:

283 1329 400 1361 deinde
429 1328 665 1360 Ierusalem
699 1327 928 1359 coelestem.
981 1325 1025 1356 Et
1059 1324 1253 1356 nominatim

283 1372 456 1405 coelestem
481 1376 581 1409 vocat,
605 1381 646 1402 ne
669 1369 779 1402 Iudaei
803 1370 836 1400 in
859 1367 915 1399 illa
938 1373 1067 1399 terrena
1089 1366 1253 1406 haereant,

283 1425 365 1456 quae
381 1414 527 1455 sublege
545 1414 714 1445 floruerat:
739 1422 814 1443 nam
839 1421 938 1451 quum
962 1410 1171 1450 pertinaciter
1193 1411 1254 1442 sub

283 1457 396 1490 servili
426 1457 507 1498 legis
536 1457 611 1497 iugo
640 1465 772 1487 manere
797 1458 974 1495 appeteret,
1008 1464 1163 1485 conversa
1185 1457 1254 1485 erat

283 1501 317 1532 in
347 1505 492 1532 montem
522 1499 624 1536 Sinai,
659 1499 741 1530 sicut
770 1497 895 1529 Paulus
925 1496 1017 1529 docet
1045 1495 1086 1528 ad
1117 1496 1255 1528 Galatas

284 1544 388 1583 eapite
410 1543 441 1574 4.
486 1542 666 1574 Coelestem
690 1551 766 1582 ergo
789 1539 967 1572 Ierusalem
990 1539 1149 1580 intelligit,
1172 1549 1256 1580 quae

283 1596 340 1626 per
357 1591 461 1617 totum
478 1584 635 1616 mundum
659 1583 856 1616 exstruenda
879 1588 958 1620 erat,
986 1582 1256 1623 quemadmodum

284 1629 420 1669 angelus
448 1628 532 1669 apud
555 1627 746 1659 Zachariam
775 1625 954 1658 funiculum
978 1627 1047 1657 eius
1070 1626 1109 1657 ab
1132 1625 1257 1657 oriente

284 1682 386 1712 usque
408 1672 442 1702 in
465 1671 663 1702 occidentem
686 1670 842 1702 extendit.

369 1715 420 1746 23.
453 1714 639 1746 Conventum
668 1713 856 1754 anyelorum.

802 1155 948 1195 Respicit
978 1153 1018 1186 ad
1041 1163 1095 1184 eas
1118 1152 1255 1192 prophe-

911 1712 1083 1753 Significat
1111 1722 1170 1743 nos
1201 1721 1255 1743 au-

284 1758 364 1799 gelis
394 1757 554 1796 associari,
584 1758 728 1797 cooptari
758 1757 792 1787 in
815 1755 1074 1797 patriarcharum
1097 1754 1255 1796 ordinem,
1280 1779 1282 1789 ,

284 1804 317 1832 et
344 1801 493 1833 collocari
522 1800 557 1831 in
585 1800 674 1832 coelo
709 1800 796 1831 inter
823 1808 937 1830 omnes
968 1798 1079 1830 beatos
1108 1797 1255 1838 spiritus,
1280 1826 1281 1832 ,

284 1854 384 1884 quum
418 1853 475 1884 per
509 1843 715 1884 evangelium
744 1852 803 1874 nos
834 1841 874 1873 ad
903 1852 938 1873 se
966 1841 1120 1873 Christus
1149 1845 1254 1873 vocat.

284 1887 348 1919 Hic
377 1896 454 1918 vero
474 1885 702 1918 inestimabilis
732 1888 781 1917 est
804 1885 908 1917 honor
931 1895 994 1925 quo
1017 1895 1075 1916 nos
1099 1883 1254 1924 dignatur

284 1929 431 1961 coelestis
463 1933 564 1970 pater,
598 1934 634 1961 ut
664 1928 787 1969 angelis
818 1934 850 1959 et
878 1927 999 1959 sanctis
1028 1927 1174 1967 patribus
1197 1937 1255 1958 nos

284 1976 459 2004 accenseat.
505 1971 600 2011 Quod
630 1977 739 2003 autem
767 1970 931 2012 myriadas
954 1970 1144 2011 angelorum
1170 1969 1255 2008 dicit,

284 2025 325 2046 ex
342 2015 478 2046 Daniele
494 2019 659 2055 sumptum
676 2019 734 2045 est.

285 2063 452 2098 sequutus,
482 2057 815 2089 innumerabiles
846 2057 937 2087 verti.

286 2229 388 2260 titulo.
442 2228 531 2261 Dicit
565 2229 604 2259 in
639 2228 768 2260 coelis
803 2227 993 2268 scriptos,
1029 2228 1103 2268 quia
1138 2226 1256 2258 electos

285 2282 396 2303 omnes
419 2271 511 2302 Deus
533 2272 732 2311 conscriptos
756 2271 874 2302 habere
898 2270 1015 2301 dicitur
1037 2271 1071 2301 in
1093 2270 1174 2301 libro
1197 2278 1255 2300 suo

284 2315 329 2346 vel
351 2315 384 2346 ira
407 2325 521 2346 arcano
545 2315 689 2355 catalogo,
711 2317 744 2345 ut
767 2313 910 2345 Ezechiel
931 2313 1074 2353 loquitur.

371 2358 426 2388 Ad
455 2357 587 2389 iudicem
618 2358 763 2389 omnium.
808 2357 879 2388 Hoc
910 2356 1030 2388 dictum
1060 2356 1190 2388 videtur
1219 2359 1255 2386 ut

286 2406 408 2431 metum
431 2400 581 2432 incutiat:
606 2410 643 2431 ac
665 2401 691 2431 si
717 2400 845 2437 diceret,
869 2400 913 2430 ita
937 2400 1028 2430 nobis
1052 2399 1161 2430 offerri
1185 2407 1256 2439 gra-

287 2444 375 2480 tiam,
409 2448 444 2474 ut
475 2443 679 2483 cogitandum
711 2451 818 2474 tamen
848 2443 898 2479 sit,
934 2442 1025 2473 nobis
1056 2452 1128 2473 cum
1151 2441 1255 2472 iudice
1281 2463 1282 2477 2

287 2492 397 2517 nostro
413 2495 482 2517 esse
503 2486 680 2526 negotium,
704 2486 755 2517 cui
778 2484 941 2517 reddenda
963 2485 1004 2516 sit
1027 2485 1117 2523 ratio,
1141 2485 1167 2516 si
1189 2483 1255 2524 pol-

287 2528 345 2559 luti
375 2539 411 2560 ac
440 2528 567 2568 profani
596 2534 717 2560 temere
740 2529 774 2559 in
801 2529 871 2559 eius
895 2528 1115 2559 sanctuarium
1138 2527 1255 2558 irrum-

286 2571 403 2610 pimus.
449 2571 548 2602 Addit
580 2571 754 2611 spiritus
784 2572 1005 2607 iustorum,
1036 2575 1072 2602 ut
1094 2569 1256 2610 significet

286 2624 345 2645 nos
375 2614 545 2654 aggregari
575 2615 615 2644 ad
645 2620 774 2646 sanctas
798 2614 933 2653 animas,
968 2623 1049 2653 quae
1070 2612 1256 2653 corporibus

286 2662 403 2687 exutae
437 2667 547 2688 omnes
582 2657 691 2688 mundi
725 2657 835 2688 sordes
869 2656 1078 2696 reliquerunt:
1122 2656 1256 2695 ideoque

766 2013 974 2053 Quamquam
997 2023 1056 2054 ego
1079 2013 1255 2044 Erasmum
1281 2033 1282 2048 ,

989 2054 1255 2096 Primogeni-

286 2107 364 2141 tos,
395 2110 460 2131 non
485 2101 615 2140 quosvis
642 2100 704 2132 Dei
727 2100 810 2131 filios
832 2099 995 2137 nominat,
1025 2102 1061 2130 ut
1083 2097 1255 2139 aliquando
1280 2114 1282 2135 3

284 2145 400 2183 spiritu
423 2143 518 2174 solet:
540 2143 595 2174 sed
618 2143 822 2183 peculiariter
844 2141 976 2173 honoris
996 2152 1092 2173 causa
1119 2141 1255 2181 patriar

285 2187 373 2226 obas,
396 2191 427 2217 et
443 2186 582 2226 reliquos
598 2187 720 2217 veteris
736 2185 887 2217 ecclesiae
908 2195 1055 2224 proceres
1080 2189 1173 2215 ornat
1196 2183 1256 2215 hoc
1281 2188 1282 2223 g

1280 202 1535 234 HEBRAEOS.
2220 203 2279 235 184

1312 303 1403 329 vocat
1427 299 1695 330 consecratos
1727 297 1775 329 vel
1801 296 1970 338 perfectos:
2003 298 2077 338 quia
2100 299 2206 330 carnis
2230 299 2278 330 in-

1309 340 1518 372 firmitatibus
1538 349 1602 370 non
1625 339 1693 370 sint
1715 341 1853 381 amplius
1877 340 2019 378 obnoxii,
2043 340 2187 380 deposita
2211 341 2279 380 ipsa

1308 393 1415 415 carne.
1462 385 1567 422 Atque
1602 382 1676 413 hino
1707 389 1793 414 certo
1823 383 2012 424 colligimus,
2046 383 2115 423 pias
2145 383 2279 420 animas,

1308 432 1476 467 postquam
1493 436 1512 455 a
1528 425 1714 465 corporibus
1737 432 1814 457 sunt
1835 431 2014 466 separatae,
2039 426 2148 457 vivere
2173 431 2279 457 tamen

1307 468 1391 509 apud
1416 467 1536 499 Deum:
1559 467 1637 508 quia
1658 467 1752 499 aliter
1775 478 1838 500 non
1863 479 2029 510 possemus
2052 468 2116 500 illis
2147 468 2279 510 adiungi

1307 512 1448 544 comites.
1494 510 1640 542 Tandem
1664 510 1793 544 subiicit
1820 511 1951 544 Iesum
1987 510 2278 543 mediatorem:

1307 553 1458 595 quoniam
1475 554 1502 585 is
1519 553 1606 585 solus
1625 558 1674 585 est
1697 563 1754 594 per
1776 564 1870 595 quem
1895 554 1987 586 nobis
2010 553 2156 594 placatur
2179 559 2279 595 pater,

1307 604 1338 628 ct
1369 596 1423 636 qui
1455 605 1605 628 serenum
1629 600 1726 636 atque
1749 597 1921 629 amabilem
1944 597 2014 629 eius
2038 596 2165 628 vultum
2189 596 2280 629 nobis

1307 639 1420 675 reddit,
1456 649 1498 670 ne
1533 644 1714 670 metuamus
1745 638 1786 670 ad
1819 640 1925 680 ipsum
1959 639 2120 672 accedere.
2171 639 2279 672 Simul

1309 688 1416 713 tamen
1433 681 1586 722 exprimit
1602 681 1739 722 qualiter
1754 692 1788 713 se
1805 683 1896 714 nobis
1912 682 2122 714 mediatorem
2148 682 2280 723 praebet

1308 725 1472 757 Christus:
1511 735 1627 765 nempe
1665 735 1723 756 suo
1759 725 1930 766 sanguine:
1971 735 2068 766 quem
2106 724 2279 765 adsper-

1307 768 1453 805 sioniS,
1483 766 1625 800 hebraico
1647 777 1736 804 more.
1762 777 1824 807 pro
1846 768 1992 808 adsperso
2015 768 2172 799 nominat:
2205 767 2281 808 quia

1308 816 1343 842 ut
1366 810 1465 842 semel
1489 820 1547 851 pro
1571 809 1663 842 nobis
1685 810 1776 842 fusus
1799 814 1848 842 est
1870 810 1905 841 in
1927 810 2153 851 expiationem.
2178 810 2224 842 ita
2243 820 2280 842 eo

1307 864 1393 885 nunc
1429 854 1555 885 animas
1592 858 1719 885 nostras
1756 853 1885 894 irrigari
1923 863 1980 894 per
2014 853 2110 885 fidem
2144 855 2280 894 oportet.

1307 896 1510 937 Quamquam
1527 896 1691 936 apostolus
1707 895 1836 928 interim
1854 895 1895 927 ad
1911 901 2053 928 veterem
2078 896 2158 937 legis
2181 896 2280 927 ritum

1307 939 1431 978 alludit,
1454 939 1546 971 cuius
1569 944 1644 970 ante
1667 939 1751 970 faeta
1774 939 1834 970 fuit
1854 939 1986 970 mentio.

1394 983 1445 1014 24.
1469 981 1609 1013 Meliora
1623 982 1799 1021 loquentem.
1835 981 1926 1013 Nihil
1942 981 2091 1023 prohibet
2107 982 2280 1022 quominus

1309 1026 1343 1056 in
1375 1025 1567 1057 adverbium
1596 1025 1751 1062 resolvas,
1785 1029 1821 1056 ut
1851 1025 1893 1056 sit
1916 1024 2050 1056 meliora
2073 1034 2131 1065 pro
2153 1024 2279 1062 melius,

1309 1068 1370 1099 hoc
1394 1076 1508 1099 sensu:
1532 1067 1656 1099 Christi
1678 1067 1871 1108 sanguinem
1899 1067 2062 1099 efficacius
2084 1067 2225 1099 clamare
2248 1070 2281 1098 et

1309 1110 1424 1142 melius
1448 1110 1595 1141 exaudiri
1619 1121 1638 1142 a
1654 1110 1724 1142 Deo
1747 1120 1841 1150 quam
1865 1110 2059 1150 sanguinem
2078 1109 2172 1141 Abel.
2211 1109 2282 1141 Ma-

1308 1153 1359 1194 gis
1388 1161 1496 1185 tamen
1528 1152 1633 1194 placet
1655 1153 1725 1185 sine
1749 1154 1852 1194 figura
1876 1154 2031 1193 accipere,
2067 1158 2104 1184 ut
2127 1162 2190 1184 vox
2212 1153 2283 1193 ipsa

1309 1202 1417 1227 sonat:
1449 1201 1481 1226 et
1510 1196 1645 1228 meliora
1674 1196 1791 1228 dicitur
1813 1196 1910 1237 loqui,
1943 1195 2094 1236 quoniam
2119 1194 2159 1226 ad
2182 1195 2282 1235 impe-

1308 1238 1460 1270 trandam
1476 1239 1569 1270 nobis
1584 1244 1789 1279 peccatorum
1814 1239 1945 1270 veniam
1968 1239 2082 1270 efficax
2106 1242 2165 1270 est.
2202 1237 2282 1269 Pro-

1308 1282 1376 1322 prie
1407 1291 1472 1313 non
1501 1281 1663 1313 clamabat
1692 1281 1825 1322 sanguis
1847 1281 1940 1319 Abel,
1971 1281 2027 1313 sed
2051 1281 2156 1321 ipsum
2181 1280 2281 1321 parri-

1307 1324 1427 1356 cidium
1467 1324 1647 1357 vindictam
1687 1324 1839 1366 exigebat
1879 1334 1988 1356 coram
2022 1323 2106 1355 Deo:
2149 1323 2282 1364 sanguis

1308 1372 1416 1398 autem
1433 1367 1557 1399 Christi
1581 1367 1709 1406 clamat,
1733 1367 1809 1408 quia
1825 1367 1909 1400 facta
1932 1377 1989 1407 per
2011 1367 2118 1407 ipsum
2141 1366 2281 1407 expiatio

1308 1409 1450 1450 quotidie
1472 1409 1654 1442 exauditur.

1393 1479 1444 1510 25.
1476 1478 1581 1511 Videte
1611 1489 1648 1510 ne
1678 1479 1908 1519 adspernemz'ni
1939 1478 2120 1518 loquentem:
2153 1487 2226 1508 nam
2252 1477 2282 1508 si

1307 1522 1366 1562 illi,
1390 1523 1467 1563 qaia
1482 1522 1665 1562 adspernati
1679 1524 1752 1554 sunt
1766 1532 1835 1553 eum
1853 1522 1909 1562 qui
1930 1520 2110 1560 loquebatur
2132 1520 2167 1551 in
2188 1522 2281 1557 terra,

1281 1562 1285 1606 l
1307 1574 1370 1596 non
1392 1565 1570 1606 effuyermzt,
1592 1565 1688 1596 multo
1709 1566 1812 1605 mayis
1834 1575 1888 1596 uos
1910 1565 1939 1595 si
1961 1572 2138 1595 aversemur
2158 1562 2281 1603 loquen-

1307 1610 1366 1640 tem
1395 1618 1410 1639 e
1439 1607 1548 1640 coelis:
1592 1607 1642 1639 26.
1667 1608 1758 1639 cuius
1786 1618 1847 1639 vox
1878 1610 1950 1638 tuno
1977 1609 2092 1638 terram
2117 1606 2277 1643 concussit,

1307 1661 1389 1683 nunc
1411 1653 1512 1682 autem
1534 1651 1735 1688 denuntiavit,
1759 1651 1873 1687 dicens,
1896 1649 2012 1681 Adhuc
2034 1649 2126 1681 semel
2148 1658 2200 1690 eqo
2217 1659 2279 1681 mo-

1281 1695 1283 1724 l
1307 1704 1360 1726 veo
1381 1704 1440 1725 non
1460 1694 1561 1726 solum
1583 1697 1709 1733 terram,
1738 1694 1791 1725 sed
1821 1694 1914 1725 etiam
1944 1692 2069 1724 coelum.
2113 1691 2165 1723 27.
2189 1691 2280 1723 Illud

1280 1725 1282 1765 l
1307 1740 1422 1769 autem:
1445 1737 1560 1768 Adhuc
1578 1737 1678 1775 semel,
1701 1736 1857 1777 siqnificat
1878 1746 1985 1768 eorum
2007 1745 2087 1776 quae
2109 1735 2281 1768 concutiun-

1306 1783 1358 1812 tur
1379 1780 1623 1820 translationem,
1646 1782 1681 1810 ut
1700 1781 1847 1811 maneant
1868 1789 1906 1811 ea
1927 1788 2007 1819 quae
2028 1788 2088 1810 non
2105 1778 2281 1810 concutian-

1280 1839 1281 1863 3
1306 1826 1365 1855 tw.
1410 1823 1462 1855 28.
1490 1823 1592 1862 Quare
1621 1832 1753 1863 regnum
1779 1823 1860 1863 qaod
1889 1832 1950 1854 non
1979 1821 2151 1853 concutitur
2173 1831 2283 1861 appre-

1307 1866 1476 1905 ,
1498 1866 1645 1897 habemus
1658 1866 1809 1906 qratiam:
1826 1875 1885 1905 per
1901 1876 1995 1906 quam
2017 1864 2154 1897 colamus
2169 1864 2282 1904 Deum,

1280 1924 1282 1947 g
1305 1909 1457 1948 placentes
1479 1908 1528 1940 illi
1549 1919 1618 1940 cum
1640 1909 1809 1940 reverentia
1840 1911 1866 1939 et
1887 1908 2044 1949 reliyione.
2089 1907 2179 1940 Deus
2200 1907 2283 1939 enim

1308 1955 1412 1983 noster
1435 1952 1516 1991 ifflzz's
1538 1961 1718 1983 consumens
1741 1954 1792 1983 est.

1395 2012 1446 2043 25.
1476 2011 1580 2043 Videte
1603 2022 1639 2043 ne
1662 2012 1905 2052 adspernemirzi,
1936 2014 1986 2043 etc.
2031 2010 2143 2043 Utitur
2170 2010 2283 2042 eodem

1309 2055 1406 2086 verbo
1429 2065 1492 2095 quo
1517 2055 1615 2094 prius,
1647 2065 1746 2094 quum
1771 2054 1896 2086 dicebat
1919 2053 2076 2094 populum
2099 2062 2280 2092 excusasse,

1308 2108 1348 2128 ne
1372 2097 1461 2129 Deus
1485 2098 1582 2129 verba
1605 2097 1663 2128 sibi
1688 2098 1816 2128 faceret.
1857 2097 1956 2128 Aliud
1981 2102 2090 2127 tamen
2113 2095 2280 2136 intelligit:

1308 2150 1379 2171 meo
1403 2140 1531 2179 iudicio,
1560 2140 1620 2171 hoo
1643 2145 1701 2180 est,
1724 2150 1765 2170 ne
1789 2140 1996 2180 repudiemus
2020 2148 2201 2170 sermonem
2226 2138 2291 2178 quir

1309 2183 1401 2214 nobis
1431 2183 1619 2215 destinatur.
1669 2182 1771 2214 Porro
1801 2183 1853 2213 hic
1883 2182 2024 2213 ostendit
2053 2181 2129 2221 quid
2160 2187 2282 2221 specta-

1281 2227 1282 2259 l
1309 2226 1392 2257 verit
1430 2227 1577 2266 proxima
1611 2226 1863 2265 comparatione:
1906 2235 2022 2264 nempe
2056 2224 2282 2265 gravissimam

1309 2279 1445 2308 poenam
1469 2279 1600 2300 manere
1623 2267 1783 2308 evangelii
1807 2273 2054 2308 contemptores,
2078 2277 2178 2307 quum
2200 2265 2280 2305 legis

1309 2317 1530 2351 contemptum
1560 2315 1687 2342 veteres
1711 2311 1841 2351 impune
1865 2321 1930 2342 non
1955 2310 2100 2342 tulerint.
2145 2309 2190 2340 Et
2210 2318 2281 2348 pro-

1309 2355 1454 2394 sequitur
1486 2365 1580 2386 suum
1615 2360 1844 2394 argumentum
1882 2364 1901 2385 a
1938 2353 2055 2384 minori
2093 2352 2133 2384 ad
2167 2352 2280 2388 maius,

1309 2407 1408 2436 quum
1440 2397 1524 2435 dicit,
1556 2397 1664 2427 Deum
1690 2396 1742 2428 vel
1766 2397 1881 2428 Mosen
1905 2401 1982 2428 tunc
2003 2396 2037 2426 in
2059 2400 2146 2426 terra
2167 2394 2279 2434 loquu-

1309 2445 1377 2470 tum
1401 2450 1486 2471 esse:
1520 2450 1605 2471 nunc
1629 2439 1767 2470 eundem
1790 2439 1898 2471 Deum
1923 2439 1975 2470 vel
2000 2438 2167 2470 Christum
2191 2436 2282 2477 loqui

1309 2493 1325 2513 e
1355 2483 1454 2515 coelo.
1500 2483 1705 2522 Quamquam
1737 2492 1794 2523 ego
1824 2487 1998 2521 utrumque
2032 2480 2072 2512 ad
2095 2480 2204 2511 Deum
2233 2490 2281 2510 re-

1309 2526 1391 2557 ferre
1415 2525 1509 2558 malo.
1547 2525 1676 2557 Dicitur
1699 2531 1808 2556 autem
1833 2525 1923 2556 Deus
1946 2525 1978 2555 in
2003 2528 2091 2554 terra
2114 2523 2279 2563 loquutus,

1309 2569 1384 2608 quia
1418 2568 1573 2600 humilius
1612 2568 1809 2608 loquebatur.
1866 2566 2003 2607 Semper
2037 2566 2280 2598 meminerimus

1309 2611 1348 2642 de
1364 2616 1500 2643 externa
1522 2611 1602 2652 legis
1626 2611 1907 2642 administratione
1931 2610 2079 2641 tractari:
2103 2618 2185 2649 quae
2208 2607 2280 2638 talis

1309 2654 1370 2685 fuit
1387 2654 1425 2695 (si
1442 2665 1515 2686 cum
1532 2654 1701 2694 evangelio
1724 2652 1919 2694 conferatur)
1944 2658 1978 2683 ut
2003 2659 2166 2683 terrenum
2190 2649 2280 2691 quid-
