2513 3126
114 215 170 246 181

115 307 202 342 idem
233 311 294 342 illis
319 321 442 351 quoque
466 310 597 342 accidat.
644 311 684 341 Et
709 317 795 342 certe
818 309 958 351 quotidie
983 309 1086 340 multa

118 354 299 386 severitatis
323 353 382 385 Dei
413 354 562 393 exempla
592 364 724 385 cernere
747 353 833 391 licet,
863 353 980 392 quibus
1003 351 1085 382 ludi-

118 396 186 428 bria
210 400 241 427 et
264 406 383 428 sannas
402 396 607 436 profanorum
626 396 793 427 hominum
811 395 961 427 vindicat.
1001 393 1085 424 Nam

118 449 214 480 quum
248 438 307 471 sibi
338 440 513 471 crastinum
543 449 670 479 semper
700 439 904 479 promittant,
939 446 1022 468 novo
1054 441 1086 467 et

116 482 291 522 improviso
315 483 427 513 mortis
452 492 568 522 genere
592 492 686 521 saepe
709 491 762 513 eos
787 484 918 520 repente
940 489 957 510 e
980 478 1085 510 medio

118 525 218 556 tollit:
243 535 341 565 quum
359 524 538 556 fabulosum
556 534 625 556 esse
641 524 761 555 ducant
777 521 930 563 quidquid
947 521 1085 552 audiunt

117 567 155 599 de
190 568 251 599 Dei
289 567 417 605 iudicio,
455 577 508 598 eos
546 569 589 598 ita
624 566 826 606 persequitur
859 570 893 595 ut
926 568 1085 603 cogantur

117 620 291 650 agnoscere
309 609 464 641 iudicem:
489 620 587 649 quum
605 607 748 647 stupidas
766 608 907 638 habeant
923 606 1084 637 conscien-

117 653 186 691 tias,
217 653 301 684 diros
332 658 441 692 postea
471 653 630 683 cruciatus
653 650 798 681 sentiunt
821 649 919 680 huius
941 648 1085 687 stuporis

117 695 269 727 vindices.
308 694 450 725 Tametsi
475 699 582 725 autem
608 702 672 723 non
696 691 811 723 accidit
834 690 893 722 hoc
916 690 1082 722 omnibus:

116 739 189 778 quia
213 741 319 768 tamen
345 736 521 776 periculum
545 739 593 766 est
617 744 657 765 ne
680 734 814 773 accidat,
839 733 955 765 merito
972 743 1084 765 omnes

116 786 223 811 monet
248 778 411 819 apostolus
435 784 470 808 ut
493 781 639 809 caveant.
685 777 797 808 Altera
821 777 917 808 etiam
942 776 1084 816 quaestio

118 822 270 854 occurrit:
296 831 336 851 an
361 820 561 860 poenitentia
584 830 643 851 sua
667 819 747 850 nihil
772 820 918 859 proficiat
937 824 1085 859 peccator

117 865 257 906 quisquis
287 873 324 894 ea
354 863 518 902 praeditus
549 862 618 893 erit.
664 861 803 893 Videtur
833 862 918 893 enim
951 861 1011 893 hoc
1035 862 1084 893 in·

116 917 213 938 nuere
243 905 414 946 apostolus,
446 916 543 945 quum
575 905 675 936 tradit
703 904 784 935 nibil
814 905 876 945 ipsi
901 905 988 935 Esau
1013 915 1083 944 pro·

116 950 212 981 fuisse
234 959 325 979 suam
342 948 583 988 poenitentiam.
623 947 827 988 Respondeo,
851 948 1084 989 poenitentiam

115 992 166 1023 hic
191 1001 253 1022 non
286 1001 341 1030 pro
370 991 495 1022 sincera
526 991 565 1022 ad
591 991 696 1022 Deum
727 992 938 1023 conversione
967 990 1084 1031 accipi:

115 1034 167 1066 sed
201 1038 328 1065 tantum
360 1043 418 1074 pro
449 1039 570 1065 terrore
600 1044 662 1073 quo
687 1032 848 1065 Dominus
876 1034 988 1073 impios
1014 1044 1084 1073 per-

116 1076 213 1114 cellit,
244 1082 415 1117 postquam
447 1076 500 1108 diu
529 1077 562 1107 in
591 1086 650 1108 sua
674 1077 815 1117 nequitia
837 1076 974 1108 delitiati
999 1081 1084 1107 sunt.

115 1119 218 1151 Porro
241 1120 358 1150 mirum
384 1129 447 1150 non
472 1125 519 1151 est
543 1119 571 1151 si
594 1119 719 1151 inutilis
743 1120 868 1151 dicatur
891 1119 942 1151 hic
964 1124 1085 1150 terror:

117 1164 192 1202 quia
222 1162 352 1193 interim
378 1172 481 1202 neque
505 1162 707 1203 resipiscunt,
739 1173 844 1203 neque
867 1163 1005 1194 oderunt
1029 1173 1086 1194 sua

117 1205 206 1242 vitia,
237 1205 292 1236 sed
324 1209 449 1236 tantum
480 1215 602 1245 poenae
630 1215 727 1236 sensu
752 1207 946 1237 cruciantur.
993 1205 1084 1236 Idem

116 1253 148 1280 et
182 1248 220 1279 de
249 1248 399 1289 iacrymis
431 1248 602 1280 dicendum
633 1254 694 1279 est:
728 1248 862 1287 Quoties
892 1249 1085 1289 ingemuerit

115 1295 272 1332 peccator,
303 1296 433 1330 paratus
463 1298 510 1322 est
536 1290 694 1323 Dominus
717 1292 756 1323 ad
781 1291 920 1323 dandam
941 1292 1084 1323 veniam:

116 1344 175 1365 nec
212 1332 334 1365 frustra
370 1344 511 1374 unquam
550 1334 717 1374 quaeritur
755 1334 817 1365 Dei
855 1333 1084 1375 misericordia,

115 1376 268 1417 quoniam
293 1376 432 1416 pulsanti
456 1377 629 1417 aperietur.
675 1376 799 1408 Verum
824 1378 898 1417 quia
921 1377 1085 1418 lacrymae

116 1419 204 1450 Esau
233 1419 394 1460 desperati
425 1419 566 1451 hominis
598 1420 732 1458 fuerant,
767 1431 830 1451 non
863 1420 1085 1461 dirigebantur

116 1462 156 1493 ad
190 1461 317 1493 Deum:
359 1463 404 1494 sic
441 1463 532 1503 impii
568 1468 730 1503 utcunque
765 1463 932 1504 deplorent
965 1468 1084 1495 sortem

116 1514 217 1542 suam,
241 1510 489 1545 conquerantur,
514 1504 645 1546 eiulent,
670 1517 733 1537 non
758 1511 865 1537 tamen
890 1506 1022 1546 pulsant
1045 1506 1085 1537 ad

116 1547 179 1579 Dei
213 1548 358 1579 ianuam:
393 1548 466 1588 quia
499 1549 558 1581 hoc
588 1550 657 1581 fieri
689 1560 754 1580 non
785 1554 892 1590 potest
920 1549 982 1581 nisi
1013 1549 1084 1581 fide.

121 1591 221 1630 Atqui
244 1600 307 1631 quo
331 1592 460 1632 gravius
484 1593 600 1634 pungit
623 1603 676 1624 eos
700 1593 905 1631 conscientia,
930 1603 966 1624 eo
983 1593 1086 1633 magis

118 1633 276 1665 adversus
291 1633 395 1665 Deum
410 1635 560 1673 fremunt,
574 1635 683 1676 illique
696 1640 896 1667 succensent.
920 1635 1086 1675 Cuperent
1111 1642 1114 1676 Ι

116 1676 247 1717 quidem
272 1686 435 1708 accessum
460 1678 520 1709 sibi
545 1677 615 1710 dari
638 1678 676 1710 ad
695 1678 820 1709 Deum:
845 1678 900 1709 sed
918 1678 992 1718 quia
1008 1689 1085 1710 non·

993 213 1142 246 CAPUT
1167 209 1244 243 XII.

115 1719 179 1752 nisi
203 1720 271 1751 eius
295 1720 376 1751 iram
400 1721 655 1760 apprehendunt,
679 1721 747 1752 eius
770 1727 977 1762 conspectum
1002 1721 1084 1762 fugi-

115 1764 196 1794 tant.
243 1762 293 1793 Ita
323 1773 418 1803 saepe
442 1764 599 1802 videmus,
631 1775 685 1796 eos
709 1765 762 1805 qui
786 1775 842 1805 per
865 1765 968 1796 iocum
993 1764 1084 1796 dicti-

116 1807 188 1837 tant
211 1805 288 1836 satis
312 1811 526 1846 opportunam
546 1807 630 1839 inter
647 1812 812 1839 extremos
828 1808 959 1848 spiritus
977 1808 1084 1848 poeni·
1110 1810 1112 1847 ζ

117 1847 249 1878 tentiam
284 1849 364 1887 fore,
398 1859 498 1889 quum
533 1860 569 1882 eo
605 1855 736 1882 ventum
772 1857 834 1888 est,
870 1851 955 1881 inter
988 1861 1112 1890 saeva,

118 1895 276 1921 tormenta
296 1891 462 1924 clamitare
484 1903 548 1924 non
574 1894 636 1924 iam
661 1905 730 1925 esse
749 1893 941 1925 obtinendae
961 1893 1084 1934 gratiae
1110 1896 1112 1932 ξ

117 1940 260 1974 tempus:
290 1945 323 1966 se
356 1935 441 1966 enim
473 1936 571 1967 exitio
602 1947 672 1968 esse
703 1936 848 1977 devotos,
881 1937 957 1977 quia
987 1936 1084 1968 nimis

116 1987 186 2007 sero
204 1976 310 2008 Deum
330 1978 536 2017 quaesierint.
573 1978 744 2011 Interdum
765 1979 892 2019 quidem
911 1984 1084 2019 erumpunt
1110 1978 1112 2003 i

115 2019 146 2050 in
172 2019 229 2051 has
249 2029 350 2059 voces,
373 2019 402 2052 O
427 2022 462 2058 si,
487 2032 504 2052 0
528 2022 568 2053 si:
593 2022 649 2053 sed
674 2033 749 2053 mox
774 2023 955 2063 desperatio
976 2023 1085 2053 omnia

115 2061 245 2093 illorum
267 2070 340 2093 vota
364 2063 533 2104 abrumpit,
558 2065 729 2105 faucesque
750 2065 812 2096 illis
833 2065 1021 2105 praecludit,
1044 2075 1084 2096 ne
1111 2085 1112 2089 =

114 2103 243 2145 longius
266 2105 450 2145 procedant.

203 2191 250 2223 18.
278 2191 346 2223 Non
371 2192 451 2223 enim
473 2193 644 2224 accessistis
666 2193 707 2224 acl
722 2195 846 2224 mortem
861 2194 915 2233 qui
930 2195 1084 2234 tangatur,

114 2233 160 2265 vel
183 2234 286 2275 iynem
302 2245 467 2271 accensum,
492 2245 528 2266 ac
550 2235 710 2272 turbinem,
735 2238 761 2267 et
776 2236 946 2276 caliginem,
969 2239 994 2267 et
1012 2247 1085 2276 pro-

115 2276 230 2314 cellam,
256 2278 304 2309 19.
322 2281 347 2309 et
364 2278 451 2309 tubae
466 2279 610 2318 sonitum,
635 2281 660 2309 et
675 2288 775 2310 vocem
791 2278 969 2310 verborum:
990 2289 1084 2319 quam

115 2320 170 2359 qui
188 2320 362 2358 audierant,
385 2323 580 2361 excusarunt,
600 2331 637 2352 ne
654 2321 720 2352 illis
735 2324 954 2361 proponeretur
972 2331 1083 2354 sermo.
1110 2331 1111 2339 ¹

116 2362 166 2394 20.
193 2363 264 2394 Non
286 2364 367 2395 enim
388 2364 524 2403 ferebant
539 2364 619 2403 quod
634 2364 815 2403 edicebatur,
838 2364 976 2396 Etiamsi
990 2365 1085 2396 bestia

116 2405 244 2447 tetiyerit
273 2409 418 2446 montem,
453 2406 661 2447 lapidabitur,
697 2409 751 2438 aut
779 2407 881 2439 iaculo
910 2407 1083 2448 configetur.
1109 2436 1111 2442 ,

117 2447 166 2479 21.
192 2449 238 2481 Ac
260 2450 305 2481 sic
326 2449 463 2481 terribile
486 2453 548 2480 erat
573 2450 674 2480 visum
696 2449 776 2489 quod
798 2450 956 2490 apparuit,
981 2450 1085 2482 Moses
1109 2448 1111 2476 ἕ

116 2490 215 2522 dioeit:
239 2491 472 2532 Expavefaetus
494 2503 573 2533 sum,
596 2496 622 2523 et
645 2492 844 2532 tremefactus.
883 2493 933 2524 22.
959 2492 1019 2524 Sed
1037 2503 1085 2526 ac-
1109 2477 1111 2514 1

117 2534 250 2565 cessistis
272 2535 314 2566 ad
331 2535 408 2567 Sion
427 2538 564 2573 montem,
589 2536 740 2567 civitatem
756 2535 818 2567 Dei
833 2536 973 2575 viventis,
997 2536 1085 2567 Ieru-

116 2576 212 2608 salem
235 2577 395 2617 coelestem,
418 2578 468 2610 23.
493 2578 535 2610 Et
558 2579 599 2610 acl
617 2580 791 2610 conventum
808 2578 1084 2610 innumerabilium

118 2619 309 2661 angelorum,
345 2623 370 2652 et
403 2621 559 2653 ecclesiam
586 2622 863 2662 primoqenitorum
893 2623 947 2661 qui
977 2622 1085 2662 scripti

118 2664 189 2693 sunt
216 2663 248 2694 in
271 2663 370 2704 coelis,
401 2666 426 2695 et
447 2664 578 2696 iudicem
602 2665 740 2696 omnium
762 2664 874 2703 Deum,
905 2667 931 2696 et
953 2665 1085 2704 spiritus

2055 213 2112 245 182

1138 310 1290 340 iustorum
1312 311 1562 349 consecratorum,
1586 308 1637 339 24.
1663 308 1704 339 Et
1722 308 1920 340 mediatorem
1937 309 2007 340 novi
2022 312 2112 341 testa-

1138 352 1230 400 menti
1249 352 1369 426 Igsqm:
1391 351 1519 383 meliora
1542 351 1709 391 loquentem
1730 361 1823 391 quam
1841 351 2020 392 loquebatur
2038 362 2109 384 san-

1138 404 1210 434 9qu
1233 395 1263 425 A
1285 404 1321 425 e.

1227 479 1277 510 18.
1299 479 1370 510 Non
1393 479 1474 510 enim
1496 478 1677 511 accessistis.
1711 478 1784 509 Alio
1808 482 1999 519 argumento
2024 490 2108 512 nunc

1141 528 1271 561 pugnat.
1304 522 1387 553 Nam
1409 521 1572 562 praedicat
1596 520 1853 562 magnitudinem
1877 522 2000 562 gratiae
2024 533 2108 563 quae

1140 564 1231 594 nobis
1261 565 1420 604 patefacta
1450 564 1508 595 fuit
1532 574 1588 603 per
1611 563 1828 604 evangelium,
1860 567 1896 595 ut
1921 569 2109 597 reverenter

1140 615 1208 637 eam
1233 607 1380 647 excipere
1405 607 1574 638 discamus.
1611 606 1770 642 Secundo,
1796 607 1864 638 eius
1888 607 1978 639 nobis
2001 609 2110 640 suavi-

1140 650 1238 679 tatem
1269 650 1479 689 commendat,
1511 653 1545 680 ut
1580 649 1698 681 alliciat
1732 649 1765 680 in
1800 649 1868 680 eius
1899 659 2041 682 amorem
2074 662 2110 683 ac

1139 690 1343 722 desiderium.
1389 693 1520 724 Pondus
1544 692 1671 732 utrique
1695 691 1784 723 addit
1807 702 1847 723 ex
1870 694 2110 732 comparatione

1139 733 1219 773 legis
1255 738 1285 764 et
1319 735 1489 774 evangelii.
1541 734 1625 766 Nam
1660 745 1723 774 quo
1753 734 1849 766 altius
1878 745 1976 775 supra
2010 736 2109 767 Mosis

1139 776 1452 807 administrationem
1483 777 1609 808 excellit
1633 777 1757 809 Christi
1786 787 1922 818 regnum
1950 782 1982 808 et
2006 779 2111 818 splen-

1139 818 1245 849 didior
1279 824 1328 849 est
1363 823 1471 850 nostra
1501 829 1597 859 quam
1622 821 1738 851 veteris
1762 820 1871 860 populi
1897 821 2038 852 vocatio:
2075 832 2111 852 eo

1139 861 1261 892 foedior
1284 865 1394 892 nostra
1417 861 1614 901 ingratitudo
1637 870 1667 893 et
1692 863 1798 894 minus
1822 863 2018 902 excusanda,
2049 864 2111 896 nisi

1139 914 1204 944 qua
1236 903 1326 935 decet-
1357 903 1511 944 religione
1541 908 1667 935 tantum
1699 906 1818 936 bonum
1850 906 1940 937 nobis
1967 906 2111 938 oblatum

1140 947 1375 987 amplectimur,
1400 957 1436 978 ac
1456 946 1622 977 humiliter
1645 948 1837 987 suspicimus
1861 954 1985 980 tantam
2003 948 2111 981 Chi-iti

1139 991 1350 1028 maiestatem,
1382 999 1464 1029 quae
1494 989 1546 1020 hic
1575 996 1718 1029 apparet.
1766 991 1890 1022 Deinde
1922 1002 2021 1031 quum
2045 1001 2111 1023 non

1140 1044 1174 1064 se
1199 1033 1288 1064 nobis
1313 1032 1556 1070 formidabilem,
1581 1038 1617 1062 ut
1640 1032 1717 1063 olim
1743 1033 1880 1071 Iudaeis,
1905 1033 1995 1065 Deus
2020 1045 2109 1074 prae-

1141 1076 1228 1107 beat:
1259 1074 1314 1106 sed
1345 1080 1410 1106 tam
1442 1075 1542 1106 amice
1567 1079 1597 1105 et
1620 1075 1752 1106 comiter
1776 1086 1834 1107 nos
1857 1076 1897 1107 ad
1921 1087 1954 1108 se
1978 1077 2109 1109 invitet:

1140 1119 1186 1150 ita
1209 1118 1300 1158 quasi
1324 1117 1505 1157 duplicatur
1529 1117 1772 1158 ingratitudinis
1795 1119 1926 1156 crimen,
1959 1120 2018 1150 nisi
2043 1125 2110 1151 tam

1141 1162 1299 1202 benignae
1316 1161 1501 1192 invitationi
1521 1160 1606 1192 ultro
1629 1161 1771 1192 studiose
1794 1162 2000 1194 occurrimus.
2037 1163 2110 1194 Pri-

1141 1215 1231 1235 mum
1261 1214 1337 1245 ergo
1368 1203 1612 1235 meminerimus
1641 1203 1692 1235 hic
1716 1204 1921 1243 evangelium
1944 1215 2016 1236 cum
2040 1206 2110 1246 lege

1140 1247 1292 1279 conferri:
1332 1246 1461 1285 deinde,
1503 1246 1598 1277 huius
1636 1247 1886 1286 comparationis
1924 1247 2003 1279 duas
2041 1259 2110 1280 esse

1140 1294 1258 1330 partes,
1290 1289 1374 1330 quod
1405 1299 1439 1320 se
1469 1289 1528 1320 Dei
1560 1289 1662 1329 gloria
1692 1289 1846 1320 illustrius
1877 1290 1908 1320 iu
1941 1291 2108 1331 evangelio

1139 1334 1283 1373 proferat
1313 1342 1409 1372 quam
1440 1333 1472 1363 in
1504 1333 1584 1372 lege,
1616 1337 1647 1363 et
1670 1331 1753 1372 quod
1778 1331 1925 1363 amabilis
1950 1332 2044 1364 hodie
2068 1333 2110 1364 sit

1139 1377 1208 1407 eius
1239 1375 1374 1415 vocatio,
1404 1385 1503 1416 quum
1532 1375 1608 1406 olim
1632 1374 1714 1406 nihil
1737 1380 1863 1415 praeter
1886 1385 1990 1406 meros
2015 1380 2111 1407 terro·

1139 1429 1190 1450 res
1213 1418 1370 1450 habuerit.

1226 1461 1279 1493 Ad
1294 1463 1422 1493 montem
1448 1461 1503 1501 qui
1525 1461 1673 1501 tangitur.
1710 1459 1810 1492 Varie
1833 1466 2001 1501 exponunt
2025 1461 2111 1493 hunc

1139 1505 1260 1536 locum:
1284 1504 1338 1536 sed
1357 1515 1434 1545 ergo
1453 1508 1620 1535 terrenum
1643 1508 1784 1535 montem
1808 1504 1967 1543 spirituali
1990 1506 2109 1544 opponi

1139 1548 1295 1579 arbitror:
1320 1552 1415 1587 atque
1431 1547 1494 1579 huc
1517 1551 1664 1587 spectant
1688 1556 1769 1586 quae
1793 1551 1904 1586 postea
1927 1552 2109 1587 sequuntur

1140 1591 1177 1622 de
1209 1591 1305 1631 igne
1336 1599 1527 1630 accenso,
1562 1590 1607 1621 de
1637 1589 1810 1621 turbine
1840 1594 1878 1620 et
1907 1590 2110 1630 procella,

1140 1638 1170 1664 et
1199 1633 1341 1673 reliquis.
1386 1633 1476 1665 Haec
1500 1633 1585 1664 enim
1609 1633 1711 1673 signa,
1735 1642 1817 1672 quae
1841 1631 1930 1664 Deus
1953 1632 2052 1664 edidit
2076 1638 2110 1664 ut

1139 1676 1202 1718 legi
1223 1687 1300 1708 suae
1323 1676 1419 1707 fidem
1443 1676 1629 1708 conciliaret
1652 1686 1688 1707 ac
1711 1675 1934 1712 reverentiam,
1966 1676 1992 1707 si
2020 1676 2051 1706 in
2077 1685 2111 1706 se

1138 1719 1391 1756 considerentur,
1416 1719 1589 1760 magnifica
1607 1723 1684 1750 sunt
1707 1729 1744 1750 ac
1768 1728 1842 1749 vere
1865 1718 2029 1749 coelestia:
2054 1718 2110 1750 sed

1139 1773 1238 1803 quum
1263 1762 1392 1794 venitur
1415 1762 1454 1793 ad
1479 1772 1616 1803 regnum
1641 1761 1775 1799 Christi,
1809 1770 1890 1801 quae
1922 1760 1988 1792 illic
2018 1760 2110 1792 Deus

1139 1805 1230 1837 nobis
1254 1805 1413 1845 proponit,
1436 1805 1539 1836 coelos
1562 1814 1673 1836 omnes
1695 1808 1858 1844 superant.
1898 1803 1992 1835 Unde
2015 1804 2052 1834 fit
2076 1808 2110 1834 ut

1138 1854 1203 1880 tota
1233 1848 1313 1888 legis
1344 1848 1486 1889 dignitas
1507 1848 1600 1888 quasi
1623 1851 1750 1879 terrena
1779 1857 1847 1878 esse
1870 1846 2014 1886 incipiat.
2059 1846 2110 1877 Ita

1139 1902 1231 1923 mons
1249 1890 1339 1923 Sinai
1362 1890 1510 1922 manibus
1533 1891 1659 1931 palpari
1682 1895 1796 1930 potest,
1820 1898 1912 1920 mons
1936 1899 2012 1921 vero
2030 1888 2109 1921 Sion

1110 1939 1112 1973 j
1139 1934 1268 1966 nonnisi
1291 1934 1406 1974 spiritu
1429 1933 1724 1974 comprehenditur.
1760 1931 1979 1972 Quaecunque
2002 1931 2110 1964 Exodi

1139 1977 1261 2009 decimo
1287 1987 1371 2008 nono
1396 1978 1594 2013 referuntur,
1638 1976 1766 2007 fuerunt
1791 1975 1935 2006 visibiles
1969 1975 2106 2016 figurae:

1138 2031 1220 2060 quae
1255 2026 1362 2051 autem
1397 2019 1552 2050 habemus
1585 2020 1618 2050 in
1653 2027 1752 2058 regno
1787 2018 1925 2055 Christi,
1961 2028 1979 2048 a
2013 2027 2109 2049 sensu

1139 2064 1245 2095 carnis
1264 2067 1340 2093 sunt
1359 2062 1555 2093 obsoondita.
1594 2061 1629 2093 Si
1653 2063 1722 2101 quis
1745 2061 1881 2097 obiiciat,
1905 2060 2107 2100 spiritualem

1111 2106 1266 2137 *illorum
1305 2106 1449 2136 omnium
1487 2105 1758 2145 significationem
1796 2103 1904 2143 fuisse,
1945 2108 1975 2135 et
2014 2103 2108 2134 hodie

1138 2150 1233 2181 etiam
1269 2154 1438 2179 externam
1472 2158 1541 2179 esse
1577 2148 1703 2188 pietatis
1737 2146 1891 2177 exercitia
1924 2145 2039 2186 quibus
2074 2146 2107 2176 in

1111 2199 1112 2203 ’
1138 2192 1262 2223 coelum
1294 2190 1477 2222 evehimur:
1513 2190 1699 2231 respondeo,
1733 2189 1915 2229 apostolum
1945 2189 2029 2228 loqui
2061 2199 2108 2220 se-

1138 2234 1279 2266 cundum
1311 2234 1413 2264 maius
1443 2240 1474 2265 et
1505 2234 1621 2264 minus.
1675 2232 1803 2263 Nemini
1835 2236 1943 2263 autem
1974 2231 2105 2262 dubium

1138 2284 1200 2313 est,
1236 2277 1290 2308 ubi
1320 2277 1351 2307 in
1383 2279 1547 2307 certamen
1579 2276 1713 2307 veniunt
1744 2275 1796 2305 lex
1830 2279 1861 2305 et
1892 2273 2106 2314 evangelium,

1138 2322 1215 2361 quin
1235 2319 1467 2359 praeponderet
1490 2319 1521 2350 in
1547 2319 1605 2350 hac
1629 2323 1718 2359 parte
1742 2317 1826 2357 quod
1850 2317 2017 2358 spirituale
2041 2322 2105 2348 est:

1138 2365 1169 2395 in
1201 2363 1254 2393 illa
1286 2367 1392 2393 autem
1426 2362 1540 2402 priore,
1576 2367 1703 2392 terrena
1730 2360 1876 2401 symbola
1900 2359 2003 2401 magis
2027 2360 2106 2391 emi-

1139 2413 1245 2438 neant.

1224 2450 1272 2480 19.
1304 2448 1363 2488 Qui
1393 2447 1566 2485 audierant,
1585 2448 1780 2478 excusarunt.
1827 2445 1899 2477 Hoc
1929 2444 2106 2477 secundum

1138 2493 1317 2524 membrum
1335 2493 1392 2528 est,
1416 2491 1450 2521 in
1468 2500 1530 2530 quo
1555 2494 1669 2521 tractat
1692 2489 1796 2530 legem
1820 2488 1988 2529 evangelio
2012 2487 2107 2519 valde

1139 2536 1235 2567 fuisse
1277 2533 1481 2571 dissimilem,
1522 2533 1596 2572 quia
1637 2542 1736 2572 quum
1769 2531 2005 2572 promulganda
2039 2531 2107 2569 fuit,

1138 2579 1246 2610 omnia
1278 2576 1452 2608 terroribus
1489 2575 1585 2606 variis
1620 2575 1714 2615 plena
1753 2581 1855 2606 erant.
1912 2574 1986 2604 Huc
2020 2574 2106 2604 enim

1137 2625 1286 2661 spectant
1317 2628 1526 2659 quaecunque
1556 2618 1692 2658 legimus
1722 2617 1826 2648 Exodi
1857 2616 1979 2648 decimo
2010 2626 2106 2656 nono,

1138 2670 1173 2695 ut
1203 2664 1281 2695 sciat
1314 2661 1451 2703 populus
1478 2661 1582 2692 Deum
1614 2660 1754 2692 tribunal
1784 2659 2007 2698 conscendere,
2043 2670 2105 2699 quo

1854 2719 1902 2745 12*
