2513 3126
191 187 230 217 61
1083 186 1232 220 CAPUT
1256 187 1296 219 V.
2150 190 2191 221 62

194 282 368 322 exemplar,
399 291 461 322 quo
496 281 633 313 Messias
663 282 724 313 fuit
754 281 973 313 adumbratus.
1026 281 1165 321 Reliqua

195 325 347 357 subtilius
371 324 533 365 apostolus
556 325 624 364 ipse
647 324 801 356 edisseret
826 324 858 355 in
884 328 1047 356 contextu.

281 411 308 441 7.
336 410 396 450 Qui
418 410 452 442 in
470 409 576 441 diebus
593 410 700 441 carnis
718 419 793 440 snae
811 419 906 449 quum
924 412 950 440 et
962 408 1166 449 precationes,

194 456 218 484 ec
259 453 502 494 supplicationes
539 452 693 484 obtulisset
730 462 798 483 cani
835 452 966 483 clamore
1003 451 1105 482 valido
1141 452 1168 481 et

194 497 360 536 lacrymis,
401 496 428 527 ei
463 495 517 535 qui
544 497 666 535 poterat
695 505 763 526 enni
793 504 830 525 esc
858 497 951 524 morte
980 504 1113 533 servare,
1142 494 1167 522 ct

198 539 364 570 exscuditiis
394 541 469 569 esset
497 548 536 569 ex
557 548 613 570 suo
635 540 732 568 metu.-
777 537 805 568 8.
840 536 961 567 tametsi
981 536 1068 575 titius
1090 537 1165 574 erat,

199 581 307 613 didicit
337 591 374 612 ex
396 581 446 618 iis,
476 591 554 620 quae
580 589 700 620 passus
727 582 783 619 est,
815 578 1032 610 obedientiam:
1080 578 1109 609 9.
1141 580 1167 608 et

193 624 422 663 sanctificatus,
456 622 598 654 omnibus
631 623 685 661 qm·
714 621 764 653 illi
790 620 946 659 obediunt,
978 621 1080 659 sactus
1105 620 1168 659 fuit

194 677 292 698 causa
315 669 457 698 aeternae
474 666 597 705 salutis,
623 664 671 695 10.
693 663 923 703 coynorninatus
941 673 961 693 a
981 662 1048 693 Deo
1066 672 1167 693 saeer-

195 710 261 748 dos,
285 709 450 740 secundum
472 708 610 739 ordinem
626 706 841 737 IlIechiisedec:
879 706 927 736 11.
951 706 988 736 de
1006 715 1064 744 quo
1082 704 1167 736 nobis

194 752 310 783 multus
338 760 454 790 sermo,
487 752 514 781 et
542 749 684 788 difficilis
713 748 885 787 explicatu:
918 748 1166 787 quandoquidem

195 794 277 825 tardi
298 793 374 833 facti
396 793 469 823 estis
491 791 631 823 auribus.

281 877 308 908 7.
344 876 404 916 Qui
437 877 470 907 in
502 875 620 908 diebus.
674 874 760 914 Quia
793 885 887 908 cruce
921 878 956 906 ut
987 874 1164 915 plurimum

195 919 396 951 deformatur
426 918 549 950 Christi
583 917 723 959 speeieS‚
756 918 830 949 dum
864 928 925 948 non
958 917 1192 957 considerant¹

195 962 343 994 homines
372 972 465 1002 quem
497 963 530 992 in
561 961 657 992 finem
690 960 879 992 humiliatus
909 962 1021 992 fuerit:
1047 962 1163 992 iterum

194 1005 285 1036 docet
313 1004 478 1045 apostolus
509 1003 594 1044 quod
625 1003 714 1044 prius
745 1004 908 1044 attigerat,
939 1003 1100 1044 refulgere
1131 1004 1164 1034 in

194 1048 254 1079 hac
284 1052 375 1087 parte
403 1048 518 1078 miram
549 1046 636 1078 illius
661 1046 850 1085 bonitatem,
878 1046 962 1086 quod
987 1047 1020 1077 in
1045 1046 1163 1078 bonum

193 1095 340 1122 nostrum
371 1100 405 1121 se
435 1090 677 1121 infirmitatibus
700 1089 819 1120 nostris
843 1090 1024 1121 subiecerit.
1071 1089 1165 1121 Unde

193 1139 342 1173 apparet,
378 1133 562 1165 confirmari
596 1132 692 1163 fidem
725 1137 885 1163 nostram:
921 1143 983 1163 non
1014 1132 1165 1163 imminui

193 1177 261 1207 eius
284 1176 448 1213 honorem,
472 1185 509 1207 eo
532 1175 615 1215 quod
640 1174 724 1206 mala
748 1177 859 1206 nostra
882 1174 1028 1206 subierit.
1073 1175 1165 1207 Duas

196 1225 302 1250 autem
326 1228 449 1258 causas,
468 1228 523 1249 cur
540 1218 717 1257 oportuerit
734 1217 898 1249 Christum
917 1218 993 1257 pati,
1006 1217 1165 1257 designat,

193 1261 374 1302 proximam
398 1266 429 1291 et
452 1260 612 1292 ultimam.
659 1260 748 1292 Haec
772 1261 920 1300 proxima
943 1266 1001 1297 est,
1031 1266 1066 1291 ut
1090 1261 1163 1291 obe-

195 1304 348 1335 dientiam
380 1303 535 1335 disceret:
567 1303 696 1341 ultima,
729 1309 762 1334 ut
792 1304 826 1334 in
850 1304 988 1334 salutem
1020 1308 1163 1335 nostram

194 1346 254 1377 hoc
285 1346 379 1377 modo
402 1350 645 1378 consecraretur
667 1345 826 1378 sacerdos.
872 1345 973 1377 Dies
1004 1346 1163 1383 carnis,

192 1389 313 1420 nemini
345 1389 476 1420 dubium
511 1395 559 1420 est
588 1388 639 1419 hic
668 1390 767 1428 accipi
798 1398 855 1428 pro
886 1388 1049 1428 praesenti
1086 1390 1162 1420 vita.

192 1431 287 1463 Unde
324 1433 487 1472 sequitur,
533 1433 640 1463 carnis
678 1432 807 1463 nomine
846 1442 910 1463 non
948 1432 1161 1463 substantiam

192 1474 308 1514 notari,
337 1474 393 1507 sed
415 1474 616 1515 qualitatem.
662 1473 943 1513 Quemadmodum
969 1475 996 1505 1.
1016 1474 1164 1506 Corinth.

192 1527 259 1557 cap.
278 1517 327 1556 15,
351 1517 401 1556 50,
426 1528 499 1550 earo
522 1522 555 1549 et
577 1518 710 1559 sanguis
733 1527 868 1558 regnum
892 1516 954 1548 Dei
977 1528 1041 1549 non
1065 1517 1163 1557 possi-

192 1561 324 1592 debunt.
371 1561 547 1601 Desipiunt
576 1570 653 1602 ergo
676 1560 805 1592 fanatici
829 1559 976 1591 homines
998 1560 1052 1600 qui
1076 1571 1163 1592 nune

193 1602 359 1634 Christum
383 1604 548 1635 somniant
571 1614 666 1635 carne
689 1613 748 1634 sua
771 1606 915 1640 exutum,
940 1604 1016 1643 quia
1035 1602 1163 1634 dicatur

191 1656 360 1686 superasse
384 1646 450 1678 dies
473 1646 589 1678 carnis.
634 1645 733 1678 Aliud
756 1646 843 1677 enim
868 1648 925 1686 est,
955 1656 1025 1678 esse
1049 1656 1162 1677 verum

191 1688 366 1728 hominem,
394 1694 459 1720 tam
491 1690 550 1721 etsi
576 1689 667 1721 beata
696 1688 940 1720 immortalitate
964 1689 1162 1730 praeditum:

190 1731 278 1762 aliud
310 1742 379 1764 esse
408 1731 582 1764 obnoxium
607 1732 759 1764 humanis
783 1733 947 1763 aerumnis
971 1735 1003 1763 et
1026 1732 1160 1763 infirmi-

192 1774 314 1806 tatibus
344 1785 423 1815 quas
449 1775 602 1807 sustinuit
631 1774 784 1816 quamdiu
808 1775 842 1805 in
866 1774 986 1806 mundo
1010 1778 1162 1806 versatus

189 1821 246 1855 est,
277 1828 363 1849 nune
386 1828 464 1850 vero
487 1818 521 1849 in
544 1818 667 1850 coelum
691 1821 839 1857 receptus
863 1817 1020 1858 deposuit.
1065 1817 1161 1849 Nunc

189 1869 258 1890 rem
286 1860 505 1900 inspiciamus.
551 1860 700 1894 Christus
730 1860 784 1900 qui
814 1860 900 1891 filius
923 1865 1002 1901 erat,
1037 1860 1090 1900 qui
1114 1870 1162 1891 re—

189 1902 330 1934 medium
353 1904 513 1943 quaesivit
534 1904 619 1944 apud
649 1910 784 1945 patrem,
809 1903 864 1943 qui
890 1903 952 1934 fuit
970 1903 1160 1934 exauditus:

191 1951 298 1977 tamen
329 1950 466 1978 mortem
496 1957 610 1987 passus
643 1952 691 1979 est
714 1950 750 1977 ut
773 1946 833 1978 hoc
859 1946 953 1977 modo
977 1945 1160 1977 erudiretur

189 1989 228 2019 ad
265 1988 491 2021 obedientiam.
546 1990 694 2031 Singulis
727 1989 810 2020 inest
841 1999 994 2030 magnum
1023 1988 1159 2029 pondus.

190 2032 273 2063 Nam
297 2042 355 2073 per
371 2031 451 2064 Dies
474 2033 581 2064 carnis
604 2033 767 2074 significat
785 2036 913 2072 tempus
933 2033 1050 2063 nostris
1066 2032 1159 2063 mise-

189 2075 245 2106 riis
280 2075 408 2106 finitum
443 2085 526 2107 esse:
562 2076 645 2116 quod
681 2086 745 2107 non
781 2075 930 2115 exiguam
966 2074 1158 2105 levationem

189 2118 291 2149 affert.
337 2118 382 2149 Et
412 2123 497 2150 certe
527 2118 608 2150 dura
643 2123 728 2150 esset
759 2128 795 2150 ac
826 2118 958 2149 minime
983 2117 1159 2149 tolerabilis

188 2161 327 2192 conditio
361 2161 386 2192 si
410 2160 519 2192 nullus
540 2161 682 2201 patiendi
706 2161 780 2193 finis
801 2161 1038 2192 ostenderetur.
1082 2160 1159 2191 'Pria

189 2203 297 2244 etiam,
327 2213 409 2243 quae
432 2206 623 2244 sequuntur,
643 2214 707 2235 non
731 2214 846 2244 parum
869 2203 992 2235 addunt
1015 2202 1158 2235 consola-

189 2247 294 2278 tionis.
349 2246 455 2278 Filius
489 2251 557 2277 erat
590 2247 760 2287 Christus,
795 2257 891 2286 quem
925 2257 984 2278 sua
1017 2245 1159 2287 dignitas

189 2290 347 2320 communi
377 2292 465 2321 sorte
495 2289 672 2321 eximebat:
699 2294 732 2321 et
760 2293 868 2321 tamen
898 2288 963 2321 huc
993 2299 1028 2320 se
1050 2294 1159 2320 nostra

189 2341 284 2363 causa
314 2331 452 2364 demisit.
498 2332 580 2371 Quis
611 2343 698 2364 nunc
728 2332 913 2364 mortalium
945 2332 1081 2363 eandem
1108 2342 1157 2363 re-

190 2383 302 2406 cusare
336 2374 550 2407 conditionem
585 2375 724 2406 audeat?
766 2375 899 2406 Accedit
929 2374 1032 2406 altera
1067 2374 1158 2412 ratio,

192 2416 273 2455 quod
300 2417 327 2449 si
349 2417 444 2449 rebus
467 2417 611 2450 adversis
634 2418 821 2459 premimur,
852 2427 917 2449 non
940 2417 1159 2458 expungimur

192 2468 208 2489 e
230 2459 370 2491 filiorum
401 2460 460 2492 Dei
495 2470 648 2492 numero:
679 2471 777 2501 quum
807 2466 1016 2501 praeeuntem
1047 2470 1157 2492 cerna-

193 2511 264 2534 mus
286 2512 358 2533 eum
382 2503 435 2543 qui
457 2503 544 2535 solus
575 2508 692 2535 natura
715 2503 804 2535 filius
835 2508 914 2535 erat.
959 2503 1043 2534 Nam
1072 2503 1158 2542 qu'od

192 2554 250 2576 nos
273 2544 330 2575 filii
354 2554 533 2585 censemur,
556 2546 588 2577 id
611 2547 648 2578 fit
670 2546 853 2587 adoptionis
878 2546 1038 2578 duntaxat
1060 2545 1158 2577 bene-

191 2587 272 2626 ficio,
295 2590 453 2626 quatenus
477 2598 534 2620 nos
557 2589 590 2619 in
615 2589 799 2621 societatem
824 2599 916 2621 suam
937 2588 1080 2620 admittit
1103 2588 1157 2629 qui

190 2629 276 2661 solus
300 2629 368 2660 iure
392 2639 448 2660 suo
472 2629 558 2662 hunc
581 2631 639 2662 sibi
662 2632 816 2663 honorem
842 2631 997 2664 vendicat.

1192 393 1193 398 ,
1221 367 1419 399 liberaretur.

1310 282 1411 321 Quum
1428 291 1544 322 preces.
1580 280 1767 314 Secundum
1792 282 1852 315 hoc
1876 283 1908 314 in
1934 284 2065 316 Christo
2089 286 2190 325 ponit,

1220 325 1323 364 ipsum
1350 325 1403 356 ubi
1429 325 1571 364 decebat,
1594 325 1771 356 remedium
1797 326 1972 366 quaesiisse
1996 331 2030 358 ut
2054 338 2071 358 a
2095 328 2189 359 malis

1465 367 1574 407 Atque
1608 367 1666 399 hoc
1702 368 1777 399 dicit
1813 379 1853 400 ne
1887 369 1958 409 quis
1993 369 2190 411 imaginetur

1221 410 1388 441 Christum
1421 410 1523 441 ferreo
1558 410 1654 442 fuisse
1682 410 1809 449 animo,
1843 412 1898 451 qui
1930 412 2010 444 nihil
2042 413 2188 444 senserit.

1220 454 1358 492 Semper
1381 454 1464 484 enim
1489 453 1699 492 spectandum
1723 463 1780 484 cur
1807 454 1948 494 quidque
1973 455 2106 487 dicatur.
2152 455 2189 486 Si

1221 494 1309 525 nullo
1335 495 1444 526 dolore
1473 500 1577 527 tactus
1608 496 1719 527 fuisset
1743 496 1903 535 Christus,
1935 498 2026 529 nulla
2055 508 2095 530 ex
2120 498 2189 529 eius

1221 537 1425 576 passionibus
1452 538 1628 569 consolatio
1661 538 1700 569 ad
1735 549 1794 570 nos
1828 539 1957 571 rediret.
2011 542 2054 571 At
2088 551 2189 581 quum

1220 579 1369 611 audimus
1393 581 1615 612 acerbissimos
1637 581 1742 621 ipsum
1760 591 1887 621 quoque
1910 583 2010 613 animi
2026 585 2188 615 cruciatus

1220 622 1401 661 pertulisse,
1430 622 1608 654 similitudo
1632 623 1697 654 iam
1720 624 1812 656 nobis
1842 629 1978 656 constat.
2025 625 2189 667 Christus,

1220 664 1336 703 inquit,
1360 676 1424 696 non
1442 665 1511 696 ideo
1535 671 1672 698 mortem
1689 670 1720 697 et
1736 666 1874 707 reliquas
1894 678 2066 699 aerumnas
2083 669 2189 706 subiit,

1220 708 1295 745 quia
1318 712 1548 743 contemneret,
1574 708 1620 739 vel
1647 709 1735 740 nullo
1760 710 1835 741 mali
1858 721 1954 741 sensu
1974 716 2187 750 premeretur:

1221 749 1411 795 deprecatus
1434 754 1483 780 est
1506 750 1590 781 enim
1615 762 1689 783 eum
1707 752 1866 793 lacrymis¹
1891 752 2005 794 quibus
2024 764 2188 785 summum

1220 791 1320 821 animi
1341 791 1389 822 sui
1412 802 1564 831 angorem
1588 797 1723 826 testatus
1747 799 1804 826 est.
1839 795 1927 837 Ergo
1950 807 2007 837 per
2030 796 2189 837 lacrymas

1220 839 1251 865 et
1276 833 1419 865 validum
1443 834 1614 866 clamorem
1632 837 1795 876 apostolus
1816 838 2054 870 vehementiam
2073 839 2190 870 doloris

1219 876 1401 916 exprimere
1425 876 1540 908 voluit:
1574 882 1610 908 ut
1633 879 1714 910 satis
1745 881 1899 912 usitatum
1923 886 1981 920 est,
2010 892 2078 913 rem
2108 892 2126 913 a
2149 882 2190 913 si-

1220 920 1291 959 gnis
1316 925 1438 950 notare.
1484 919 1552 951 Nec
1586 920 1697 951 dubito
1732 923 1809 962 quin
1844 924 1883 955 de
1916 924 1970 955 illa
2004 925 2188 964 precatione

1217 962 1366 1002 loquatur
1410 972 1506 1002 quam
1545 963 1762 1003 evangelistae
1803 966 1966 998 referunt:
2008 967 2114 1005 Pater,
2154 968 2181 999 si

1219 1005 1288 1036 fieri
1313 1008 1427 1045 potest,
1457 1004 1589 1035 tollatur
1619 1016 1637 1036 a
1661 1016 1711 1036 me
1735 1008 1818 1038 calix
1842 1009 1911 1040 iste.
1957 1009 2040 1041 Item
2073 1009 2112 1041 de
2142 1010 2188 1041 al-

1220 1053 1299 1086 tera,
1331 1047 1421 1078 Deus
1445 1057 1544 1086 meus,
1577 1047 1665 1079 Deus
1689 1059 1787 1090 meus,
1819 1055 1853 1081 ut
1883 1052 1957 1091 quid
1989 1052 2188 1093 dereliquisti

1219 1090 1292 1121 me?
1328 1090 1411 1121 Nam
1436 1090 1469 1120 in
1493 1090 1634 1121 secunda
1657 1092 1777 1122 mentio
1801 1093 1836 1123 fit
1859 1094 1943 1134 apud
1972 1095 2188 1136 evangelistas

1220 1133 1319 1164 validi
1349 1133 1514 1164 clamoris:
1547 1134 1579 1164 in
1604 1134 1710 1174 priore
1741 1146 1805 1166 non
1834 1141 1881 1167 est
1907 1137 2058 1169 credibile
2089 1138 2188 1170 siccos

1218 1175 1317 1207 fuisse
1340 1175 1461 1214 oculos,
1492 1186 1589 1216 quum
1620 1187 1696 1216 prae
1728 1177 1851 1218 ingenti
1883 1180 2045 1211 moestitia
2075 1185 2187 1221 guttae

1218 1218 1415 1259 sanguineae
1438 1229 1479 1250 ex
1509 1224 1575 1250 toto
1598 1229 1731 1259 corpore
1761 1221 1909 1253 fluerent.
1955 1221 2087 1253 Certum
2118 1224 2186 1263 qui-

1219 1262 1290 1292 dem
1314 1268 1370 1299 est,
1394 1262 1426 1292 in
1451 1266 1612 1292 extremas
1631 1263 1799 1302 angustias
1823 1268 1900 1295 tunc
1919 1264 2015 1296 fuisse
2032 1270 2186 1296 coactum.

1218 1305 1307 1345 Ergo
1331 1310 1363 1335 et
1387 1304 1472 1335 veris
1496 1304 1657 1336 doloribus
1681 1315 1813 1345 pressus
1837 1306 1908 1347 fuit⁷
1932 1311 1964 1338 et
1980 1308 2062 1339 serio
2082 1310 2187 1339 oravit

1218 1352 1341 1388 patrem
1367 1352 1402 1378 ut
1423 1346 1483 1378 sibi
1507 1357 1600 1387 opem
1624 1348 1730 1380 ferret.
1766 1348 1928 1388 Quorsum
1946 1350 2006 1382 hoc
2022 1351 2186 1391 pertinet?

1219 1401 1333 1429 nempe
1357 1395 1393 1420 ut
1416 1389 1541 1430 quoties
1573 1400 1628 1421 nos
1652 1395 1771 1431 urgent
1799 1402 1840 1423 ae
1863 1393 2049 1424 excruciant
2076 1399 2186 1425 nostra

1217 1433 1311 1470 mala,
1342 1433 1375 1463 in
1400 1433 1590 1464 memoriam
1615 1433 1705 1465 nobis
1730 1434 1840 1466 redeat
1863 1435 1947 1467 filius
1972 1436 2034 1467 Dei
2057 1436 2111 1476 qui
2134 1436 2186 1467 iis-

1217 1476 1288 1507 dem
1312 1474 1485 1507 laboravit:
1510 1475 1663 1515 quamdiu
1687 1480 1794 1508 autem
1818 1477 1872 1509 ille
1896 1488 1954 1510 nos
1979 1479 2090 1519 praeit,
2121 1490 2186 1510 non

1217 1522 1266 1550 est
1289 1518 1457 1550 deficiendi
1480 1528 1586 1550 causa.
1621 1517 1728 1550 Simul
1751 1523 1860 1551 tamen
1877 1521 2096 1559 admonemur,
2121 1532 2186 1553 non

1216 1561 1346 1593 aliunde
1377 1561 1410 1592 in
1433 1561 1528 1592 malis
1552 1561 1689 1593 salutem
1725 1573 1794 1594 esse
1824 1563 1996 1604 petendam
2027 1575 2122 1604 quam
2146 1565 2185 1595 ab

1217 1615 1282 1635 uno
1306 1603 1387 1635 Deo.
1433 1603 1525 1643 Quae
1552 1604 1637 1635 enim
1668 1604 1761 1636 nobis
1784 1606 1898 1637 melior
1927 1607 2041 1638 orandi
2074 1607 2186 1648 regula

1216 1657 1312 1687 quam
1336 1646 1459 1678 Christi
1482 1647 1691 1687 exemplum?
1735 1647 1795 1680 Ille
1822 1653 1931 1681 autem
1954 1654 2042 1682 recta
2065 1650 2104 1681 ad
2128 1660 2185 1691 pa-

1216 1696 1297 1721 trem
1322 1700 1355 1721 se
1378 1689 1529 1721 contulit:
1552 1694 1648 1730 atque
1672 1691 1717 1722 ita
1734 1690 1848 1723 debere
1871 1692 1942 1723 fieri
1958 1692 2079 1725 indicat
2094 1703 2186 1733 apos-

1216 1733 1309 1770 tolus,
1333 1743 1432 1772 quum
1457 1732 1533 1764 dicit
1560 1732 1714 1765 obtulisse
1737 1743 1847 1773 preces
1870 1734 1909 1773 ei,
1934 1735 1988 1775 qui
2017 1736 2141 1775 eripere
2167 1746 2186 1767 a

1215 1778 1317 1807 morte
1342 1777 1476 1815 poterat.
1522 1774 1607 1806 Nam
1630 1775 1680 1807 his
1700 1776 1806 1808 verbis
1830 1777 2000 1818 significat,
2024 1779 2086 1810 rite
2110 1788 2184 1810 eum

1215 1828 1333 1856 orasse,
1355 1819 1431 1858 quia
1455 1817 1494 1849 ad
1517 1828 1616 1850 unum
1638 1819 1744 1850 Deum
1768 1819 1973 1852 liberatorem
1993 1821 2184 1862 confugerit.

1214 1861 1444 1902 Lacrymae
1467 1864 1505 1892 et
1528 1860 1684 1893 clamor
1708 1861 1854 1894 ardorem
1879 1868 1911 1894 et
1934 1863 2091 1895 intentius
2114 1874 2183 1904 pre-

1213 1904 1306 1936 candi
1331 1904 1472 1935 studium
1497 1903 1589 1935 nobis
1612 1905 1851 1937 commendant.
1890 1905 2002 1946 Neque
2021 1907 2106 1938 enim
2131 1907 2182 1938 de-

1214 1947 1381 1985 functorie,
1416 1947 1472 1978 sed
1502 1946 1690 1979 ardentibus
1722 1949 1806 1980 votis
1836 1948 1977 1980 orandus
2007 1955 2056 1980 est
2091 1949 2183 1981 nobis

1212 1989 1314 2021 Deus.

1298 2031 1341 2063 Et
1362 2031 1539 2063 exauditus.
1575 2031 1669 2071 Quod
1687 2033 1926 2065 transtulerunt
1945 2034 2013 2065 alii:
2038 2034 2102 2066 Pro
2125 2045 2182 2066 sua

1213 2075 1410 2106 reverentia:
1435 2074 1513 2105 mihi
1537 2085 1739 2116 nequaquam
1764 2076 1876 2116 placet.
1923 2077 2080 2116 Primum,
2107 2077 2181 2109 sim-

1212 2118 1338 2158 pliciter
1362 2116 1527 2158 εὐλάβειαν
1551 2119 1650 2158 ponit,
1675 2129 1739 2149 non
1763 2129 1871 2150 suam:
1900 2119 2014 2151 deinde
2038 2129 2085 2152 est
2109 2120 2181 2159 ἀπὸ,

1213 2171 1276 2192 non
1301 2160 1388 2201 ὑπὲρ,
1413 2165 1469 2191 aut
1491 2160 1612 2200 aliquid
1635 2161 1741 2193 simile
1765 2162 1848 2202 quod
1872 2172 2002 2194 causam
2023 2162 2181 2204 designet.

1213 2203 1321 2243 Quum
1345 2203 1444 2243 igitur
1467 2202 1615 2245 εὐλάβεια
1639 2203 1774 2236 Graecis
1797 2205 1987 2245 plerumque
2010 2206 2051 2237 sit
2075 2212 2181 2237 metus

1213 2246 1264 2279 vel
1288 2245 1480 2283 sollicitudo,
1512 2257 1576 2277 non
1600 2246 1710 2279 dubito
1733 2248 1811 2288 quin
1835 2248 1997 2289 significet
2019 2248 2180 2288 apostolus

1212 2289 1399 2320 exauditum
1424 2289 1521 2320 fuisse
1545 2288 1712 2321 Christum
1736 2301 1777 2322 ex
1800 2301 1836 2322 eo
1860 2291 1944 2331 quod
1969 2291 2114 2322 timebat:
2140 2302 2180 2322 ne

1212 2331 1334 2364 scilicet
1358 2330 1450 2362 malis
1474 2332 1608 2363 obrutus
1630 2333 1862 2372 succumberet,
1887 2333 1936 2365 vel
1954 2338 2057 2365 morte
2074 2334 2179 2365 absor-

1212 2374 1350 2406 beretur.
1386 2373 1472 2405 Nam
1487 2374 1529 2405 ad
1550 2374 1602 2406 hoc
1618 2385 1735 2416 quoque
1757 2379 1907 2408 certamen
1921 2376 2075 2408 descendit
2091 2376 2181 2415 filius

1211 2417 1283 2455 Dei,
1307 2427 1366 2448 non
1388 2417 1470 2456 quod
1491 2417 1669 2457 diffidentia
1698 2418 1895 2451 laboraverit.
1928 2429 1965 2450 eae
1993 2429 2056 2459 qna
2072 2429 2180 2459 prove-

1210 2461 1300 2491 niunt
1322 2469 1424 2491 omnes
1446 2460 1546 2491 nostri
1567 2462 1676 2501 metas,
1699 2462 1752 2493 sed
1775 2462 1855 2502 quod
1877 2471 1969 2494 sensu
1991 2462 2096 2494 carnis
2111 2472 2178 2493 sus-

1209 2502 1338 2535 tinuerit
1356 2501 1420 2533 Dei
1442 2502 1604 2542 iudicium,
1628 2504 1717 2535 cuius
1739 2506 1839 2536 terror
1860 2505 1927 2537 sine
1949 2504 2048 2536 arduo
2070 2507 2178 2536 conata

1209 2545 1292 2577 vinci
1314 2555 1375 2576 non
1392 2547 1523 2585 poterat.
1562 2545 1814 2587 Chrysostomus
1838 2547 1962 2580 Christi
1985 2547 2176 2588 dignitatem

1211 2589 1455 2628 interpretatur,
1490 2598 1584 2628 quam
1620 2589 1779 2621 reveritus
1814 2590 2048 2630 quodammodo
2082 2590 2177 2621 fuerit

1211 2636 1316 2672 pater:
1339 2630 1422 2671 quod
1438 2635 1488 2663 est
1504 2631 1687 2663 absurdum.
1724 2632 1789 2663 Alii
1806 2633 1957 2673 pietatem
1976 2632 2175 2673 intelligunt:
