2513 3126
103 193 163 224 281

106 290 197 330 quasi
221 289 354 330 indigne
378 291 579 320 tractentur:
603 298 702 328 quum
722 288 829 328 potius
853 286 962 318 hocin
987 285 1075 315 lucro

107 337 268 372 reputare,
298 337 330 363 et
354 332 414 363 Dei
439 331 576 372 gratiam
600 340 773 371 agnoscere
805 329 950 360 debeant.
997 327 1077 358 Cae—

108 383 210 406 terum
236 385 333 414 quum
359 374 444 411 dicit,
473 380 508 405 ut
532 373 749 413 Christianus,
779 381 843 403 uon
868 377 933 401 tam
958 379 1076 399 nomen

107 428 202 457 quam
231 427 361 449 causam
393 417 532 457 respicit.
578 416 712 447 Certum
736 420 793 451 est,
823 413 903 444 nihil
927 412 1077 442 omittere

108 460 230 492 Christi
260 460 461 491 adversarios
491 463 527 490 ut
558 458 762 499 evangelium
792 456 967 486 infament:
1000 462 1077 494 ergo

108 513 315 543 quascunque
339 502 507 543 probrosas
535 511 630 533 voces
660 498 954 536 comminiscantur,
986 496 1076 527 suffi-

107 546 170 577 ciat
193 545 342 577 fidelibus
366 544 449 584 quod
474 554 537 575 non
557 544 618 574 nisi
642 552 698 582 pro
715 540 875 581 evangelii
893 539 1078 571 defensioue

107 588 262 620 laborant.

194 630 236 661 In
265 630 322 661 hac
345 632 448 668 parte.
504 627 586 658 Nam
618 636 718 666 quum
749 636 861 656 omnes
889 624 1079 656 afflictiones

108 674 266 714 originem
290 672 420 703 trahant
443 682 461 702 a
484 674 621 710 peccam,
653 668 732 699 haec
754 668 906 708 cogitatio
933 669 966 698 in
991 677 1077 698 men-

107 722 172 747 tem
196 716 306 747 venire
337 714 398 754 piis
429 713 531 744 debet.
578 712 649 752 Ego
680 711 808 751 quidem
842 711 959 751 dignus
989 720 1078 741 eram

107 760 158 791 cui
188 758 348 788 Dominus
378 760 409 786 et
445 755 503 786 has
534 759 565 785 et
598 754 736 785 maiores
767 763 887 794 poenas
921 754 1080 793 irrogaret

107 812 164 842 pro
187 800 342 841 peccatis:
367 808 453 829 nunc
475 803 584 828 autem
609 796 680 828 vult
696 807 747 828 me
767 796 833 836 pati
853 796 893 827 ob
909 796 1079 835 iustitiam,

107 855 143 876 ac
167 844 193 874 si
217 851 320 873 essem
345 841 507 872 innocens.
545 840 715 879 Utcunque
732 840 818 870 enim
835 850 926 870 suam
951 838 1079 879 culpam

106 890 283 927 agnoscant
315 883 428 921 sancti,
464 883 538 923 quia
569 888 676 913 tamen
712 883 743 913 in
775 881 1080 922 persequutionibus

108 929 270 960 diversum
307 927 403 957 finem
443 925 651 958 considerant
686 935 780 965 quem
820 925 884 956 illis
917 924 1080 955 Dominus

107 970 266 1011 proponit,
290 974 416 1000 reatum
440 979 533 1000 suum
558 968 698 999 deletum
726 978 833 998 coram
859 967 930 999 Deo
954 973 985 998 et
1007 967 1078 997 abo-

107 1014 201 1044 litum
225 1022 295 1043 esse
318 1012 473 1043 sentiunt.
519 1011 559 1043 In
592 1011 652 1042 hac
678 1015 768 1051 parte
799 1021 926 1042 causam
958 1009 1080 1041 habent

105 1055 306 1097 glorificandi
331 1054 404 1086 Dei.

192 1098 241 1129 17.
269 1097 525 1137 Quandoquidem
548 1100 574 1128 et
591 1100 711 1136 tempus
730 1099 781 1128 est.
817 1096 1078 1128 Consolationem

108 1141 196 1172 illam
221 1140 407 1180 amplificat,
435 1151 529 1180 quam
555 1140 646 1171 nobis
670 1140 764 1170 affert
787 1150 913 1179 causae,
937 1149 994 1179 pro
1018 1147 1081 1178 qua

109 1185 260 1225 patimur,
284 1183 418 1223 bonitas,
440 1183 515 1214 dum
533 1183 710 1223 affligimur
726 1192 784 1223 pro
801 1182 924 1214 Christi
942 1181 1079 1212 nomine.

109 1227 195 1258 Nam
226 1226 313 1264 haee,
342 1226 458 1265 inquit⁷
489 1226 663 1257 necessitas
696 1232 795 1256 totam
821 1225 882 1256 Dei
912 1224 1079 1256 ecclesiam

108 1274 227 1308 manet,
259 1274 293 1300 ut
323 1279 387 1299 non
419 1274 545 1300 tantum
576 1269 805 1299 communibus
831 1268 1000 1298 hominum
1023 1266 1079 1297 mi-

107 1313 199 1344 seriis
227 1311 403 1349 subiaceat,
438 1312 494 1343 sed
525 1312 733 1352 peculiariter
763 1316 795 1342 et
826 1311 995 1351 praecipue
1020 1310 1080 1340 Dei

107 1365 207 1386 manu
241 1355 433 1395 castigetur:
470 1359 559 1385 tanto
589 1355 689 1395 igitur
718 1354 871 1394 aequiore
902 1353 1010 1384 animo
1035 1352 1080 1383 fe-

107 1398 227 1429 rendae
249 1402 326 1428 sunt
348 1407 406 1438 pro
425 1397 557 1429 Christo
582 1397 857 1437 persequutiones.
897 1396 968 1427 Nisi
992 1396 1079 1427 enim

107 1440 252 1482 expungi
291 1451 308 1471 e
339 1450 473 1472 numero
508 1440 653 1471 fidelium
687 1440 839 1478 velimus,
872 1440 934 1471 Dei
968 1438 1080 1470 ferulis

108 1494 166 1514 nos
194 1488 323 1524 tergum
355 1487 466 1523 aptare
490 1484 650 1515 convenit.
696 1482 834 1522 Suave1)
863 1486 972 1514 autem
995 1480 1080 1513 istud

108 1525 351 1558 condimentum
375 1531 433 1562 est,
458 1526 543 1566 quod
567 1537 631 1557 non
656 1527 740 1557 utin
757 1526 837 1557 alios
854 1526 973 1566 passim
992 1525 1081 1555 Deus

108 1579 166 1600 sua
195 1569 229 1599 in
260 1578 317 1599 nos
347 1568 465 1599 iudicia
496 1575 637 1609 exercet,
665 1568 720 1601 sed
753 1568 810 1600 filii
834 1569 886 1600 sui
909 1578 1079 1609 personam

108 1611 200 1643 nobis
230 1611 380 1651 imponit,
417 1617 453 1642 ut
483 1621 545 1642 non
577 1611 639 1643 nisi
669 1613 739 1643 eius
768 1621 865 1643 causa
895 1616 928 1643 et
951 1611 1081 1642 nomine

108 1654 301 1686 laboremus.
340 1654 441 1685 Porro
465 1654 549 1685 hane
571 1655 766 1686 sententiam
791 1665 831 1686 ex
855 1655 932 1686 trita
955 1659 985 1685 et
1009 1664 1080 1694 per-

108 1703 206 1737 petua
241 1697 421 1737 scripturae
455 1697 601 1729 doctrina
635 1699 773 1737 sumpsit
806 1698 940 1729 Petrus:
983 1696 1081 1737 idque

108 1740 189 1771 mihi
212 1739 410 1780 probabilius
432 1745 491 1779 est,
513 1750 609 1780 quam
633 1742 716 1780 quod
734 1740 788 1772 alii
804 1746 932 1781 putant,
955 1746 1079 1772 certum

108 1783 247 1822 aliquem
270 1782 377 1814 locum
400 1782 516 1814 notari.
549 1783 620 1815 Hoc
637 1783 777 1815 Domino
800 1785 863 1815 iam
881 1784 957 1814 olim
982 1783 1080 1814 fuisse

109 1826 273 1863 usitatum,
306 1830 404 1856 testes
435 1831 513 1857 sunt
541 1835 651 1858 omnes
681 1826 874 1866 prophetae,
910 1832 945 1858 ut
976 1826 1080 1866 prima

109 1868 354 1908 castigationum
378 1869 526 1909 exempla
549 1869 583 1899 in
607 1870 725 1910 populo
747 1880 806 1901 suo
823 1870 948 1901 ederet:
968 1880 1077 1909 quem-

110 1910 283 1942 admodum
322 1911 554 1951 paterfamilias
590 1912 623 1943 in
662 1922 735 1944 suos
773 1913 880 1953 potius
914 1923 1011 1953 quam
1045 1913 1078 1943 in

109 1954 233 1985 alienos
249 1954 488 1986 animadvertit.
524 1954 730 1995 Quamquam
747 1957 832 1987 enim
853 1955 951 1987 totius
968 1955 1079 1986 mundi

110 1996 205 2028 iudex
235 2001 285 2027 est
307 1996 413 2035 Deus,
446 1998 628 2038 specialiter
658 2003 767 2030 tamen
799 1999 832 2029 in
856 1998 999 2039 regenda
1022 2008 1080 2030 sua

108 2040 242 2071 ecclesia
272 2039 507 2080 providentiam
536 2051 628 2072 suam
661 2041 732 2072 vult
759 2042 918 2082 cognosci.
966 2041 1079 2081 Itaque

108 2093 206 2122 quum
231 2088 454 2114 surrecturum
478 2094 512 2115 se
535 2084 634 2115 totius
657 2084 768 2115 mundi
793 2084 929 2116 iudicem
955 2084 1078 2115 denun-

109 2126 178 2162 tiat,
207 2125 267 2156 hoc
296 2126 361 2156 fore
390 2126 519 2158 subiicit
549 2133 717 2167 postquam
749 2132 852 2158 totum
880 2137 959 2168 opus
983 2137 1077 2158 suum

108 2168 318 2208 compleverit
347 2168 379 2198 in
412 2174 520 2199 monte
545 2168 634 2201 Sion.
681 2170 869 2202 Promiscue
892 2170 1021 2210 quidem
1046 2170 1077 2200 iu

108 2221 182 2242 suos
206 2217 237 2241 et
260 2211 383 2242 alienos
402 2212 523 2242 exserit
537 2222 669 2243 manum
686 2223 795 2244 suam:
820 2218 975 2253 utrosque
991 2213 1077 2244 euim

110 2253 256 2285 videmus
280 2254 495 2285 communiter
518 2255 611 2286 rebus
634 2255 779 2287 adversis
801 2257 930 2287 subiici:
964 2266 1077 2288 verum

108 2297 135 2328 si
169 2298 226 2327 fiat
260 2297 472 2337 comparatio,
509 2297 634 2328 videtur
665 2299 901 2339 quodammodo
932 2299 1078 2339 reprobis

109 2349 248 2379 parcere,
274 2350 349 2379 prae
373 2344 408 2370 ut
431 2340 463 2370 in
487 2339 604 2371 electos
626 2351 759 2373 severus
783 2348 839 2373 est.
886 2341 980 2374 Unde
1003 2341 1077 2372 illae

109 2384 236 2422 piorum
268 2383 426 2422 querelae,
455 2382 538 2422 quod
568 2384 693 2422 reprobi
718 2386 817 2415 vitam
849 2385 882 2415 iu
915 2385 1077 2416 continuis

110 2425 228 2456 delitiis
245 2426 446 2466 transigunt:
470 2425 553 2464 quod
571 2426 647 2456 vino
662 2433 695 2457 et
713 2427 838 2458 cithara
854 2438 887 2459 se
904 2427 1076 2465 oblectant,

108 2473 140 2498 et
170 2468 300 2499 tandem
337 2475 501 2499 momento
529 2468 650 2508 absque
677 2469 786 2501 dolore
813 2470 1014 2502 descendunt
1044 2471 1077 2501 in

107 2510 306 2549 sepulcrum:
331 2511 415 2551 quod
440 2511 603 2551 pinguedo
622 2512 702 2551 tegit
717 2513 826 2545 oculos
841 2523 965 2545 eorum:
991 2512 1076 2553 quod

109 2553 264 2584 molestiis
299 2555 455 2594 exempti,
493 2563 602 2585 secure
637 2561 668 2585 et
704 2556 861 2595 suaviter,
899 2556 970 2587 aliis
1004 2566 1078 2588 con·

196 2648 217 2681 ¹)
236 2647 318 2673 Inane

1000 188 1148 220 CAPUT
1176 187 1230 219 lV.

2037 191 2099 221 282

1129 284 1268 324 temptis,
1300 286 1393 316 beata
1415 285 1481 315 vita
1512 285 1676 323 fruuntur,
1706 285 1751 316 ita
1781 291 1816 316 ut
1846 286 1879 316 in
1908 286 2029 317 coelum
2065 297 2099 316 os

1129 337 1221 358 suum
1253 328 1367 358 efferre
1398 338 1461 358 non
1489 327 1645 358 dubitent.
1692 327 1841 368 Denique
1871 328 1917 360 sic
1940 328 2030 359 Deus
2054 329 2099 359 iu-

1130 368 1212 400 dicia
1243 380 1302 401 sua
1336 370 1368 401 in
1405 370 1463 402 hoc
1497 369 1625 402 saeculo
1663 373 1838 410 temperat,
1878 375 1913 402 ut
1947 371 2100 411 reprobos

1130 413 1256 452 saginat
1287 422 1389 452 usque
1420 413 1458 443 ad
1488 412 1572 444 diem
1603 413 1816 444 mactationis.
1867 413 1971 444 Multa
2001 414 2101 454 igitur

1130 464 1239 485 eorum
1272 455 1392 487 scelera
1425 456 1591 495 praeterit,
1623 456 1713 496 quasi
1736 457 1917 487 conniveat.
1964 456 2100 487 Interim

1131 497 1213 527 filios
1235 508 1318 535 suos,
1354 508 1489 538 quorum
1514 509 1624 530 curam
1650 498 1756 535 habet,
1780 499 1876 530 simul
1900 505 1996 539 atque
2019 499 2100 539 lapsi

1130 542 1221 577 sunt,
1254 541 1505 572 correctionibus
1539 541 1573 572 in
1603 541 1689 572 viam
1722 545 1860 572 revocat.
1912 542 2100 573 Secundum

1132 581 1215 613 hanc
1238 583 1397 614 rationem
1415 584 1493 614 dicit
1508 584 1627 615 Petrus
1643 584 1796 615 iudicium
1814 584 1955 624 incipere
1971 595 1990 615 a
2007 585 2100 616 domo

1132 623 1204 655 Dei.
1240 624 1322 655 Nam
1343 626 1451 657 iudicii
1469 627 1599 657 nomine
1616 636 1734 667 poenas
1750 637 1862 657 omnes
1879 628 2102 666 complectitur

1131 677 1212 707 quas
1235 667 1396 698 Dominus
1427 669 1546 709 infligit
1577 669 1743 700 hominum
1776 671 1924 709 peccatis,
1955 676 1986 700 et
2010 670 2101 709 quid-

1132 710 1207 749 quid
1232 709 1271 740 ad
1296 711 1407 741 mundi
1439 711 1699 743 reformationem
1724 718 1858 752 spectat.
1903 712 1970 744 Cur
1994 720 2102 743 autem

1132 763 1218 784 nunc
1248 752 1326 784 dicit
1356 758 1481 792 tempus
1512 756 1605 785 esse?
1660 755 1831 795 Significat
1860 754 1944 796 (meo
1974 755 2103 795 iudicio)

1132 795 1215 834 quod
1241 795 1279 826 de
1297 805 1355 826 suo
1371 796 1498 826 saeculo
1521 797 1696 836 prophetae
1715 798 1890 835 affirmant,
1914 799 1947 828 in
1964 807 2102 837 regnum

1133 838 1257 869 Christi
1288 839 1428 869 maxime
1458 845 1647 878 competere,
1681 846 1715 871 ut
1745 841 1871 871 initium
1895 841 2104 872 correctionis

1133 882 1173 912 ab
1197 881 1332 912 ecclesia
1356 881 1421 912 fiat.
1461 881 1539 912 Ideo
1563 881 1639 912 dicit
1662 883 1783 914 Paulus
1806 883 1848 923 (l.
1866 884 1940 915 Cor.
1966 883 2016 923 15,
2041 883 2104 924 19),

1133 924 1337 955 Christianos
1360 923 1488 955 sublata
1511 924 1574 955 fide
1600 927 1851 963 resurrectionis,
1879 926 2021 957 omnium
2047 926 2103 957 ho-

1132 967 1257 997 minum
1282 967 1480 998 miserrimos
1504 967 1581 998 fore.
1628 967 1672 998 Et
1694 969 1826 1000 merito:
1851 969 1926 1009 quia
1949 968 2026 1000 dum
2050 969 2104 1000 alii

1133 1010 1254 1049 absque
1289 1016 1375 1040 metu
1411 1010 1471 1041 sibi
1506 1009 1692 1050 indulgent,
1726 1011 1852 1042 assidue
1886 1012 2104 1052 ingemiscunt

1132 1052 1262 1083 fideles:
1298 1052 1374 1083 dum
1406 1053 1543 1083 aliorum
1574 1059 1704 1092 peccata
1732 1053 1915 1085 dissimulat
1945 1054 2042 1091 Deus,
2073 1061 2105 1085 et

1133 1096 1211 1126 alios
1236 1102 1364 1135 torpere
1388 1096 1474 1134 sinit,
1503 1105 1578 1126 suos
1601 1096 1661 1126 sub
1685 1096 1787 1127 crucis
1810 1096 1978 1136 disciplina
2003 1097 2104 1128 multo

1133 1139 1268 1179 rigidius
1291 1144 1432 1170 exercet.

1222 1223 1259 1255 Si
1281 1226 1383 1256 autem
1400 1224 1545 1263 primum
1567 1234 1587 1255 a
1610 1223 1712 1255 nobis:
1741 1224 1812 1263 quis
1833 1223 1909 1262 sinis
1929 1234 2032 1255 eorum
2052 1225 2106 1264 qui

1133 1277 1194 1298 non
1225 1266 1365 1298 obediunt
1395 1266 1548 1306 evangelio
1578 1266 1664 1298 Dei?
1720 1267 1768 1298 18.
1793 1266 1836 1297 Et
1863 1268 1892 1298 si
1923 1268 2026 1298 iustus
2052 1268 2106 1298 vix

1133 1312 1284 1347 servatur,
1308 1310 1427 1348 impius
1448 1312 1474 1340 et
1487 1312 1627 1348 peccator
1647 1309 1702 1340 ubi
1719 1310 1934 1349 apparebunt?
1974 1310 2022 1340 19.
2040 1309 2106 1341 Ita-

1133 1363 1191 1392 que
1213 1353 1268 1392 qui
1285 1354 1454 1391 patiuntur
1475 1353 1641 1384 secundum
1657 1352 1721 1384 Dei
1742 1352 1935 1390 voluntatem,
1959 1355 2106 1392 tanquam

1132 1395 1218 1435 fideli
1235 1395 1411 1435 possessori
1428 1395 1633 1427 commendent
1648 1396 1773 1427 animas
1788 1405 1866 1427 suas
1883 1395 2105 1435 benefaciendo.

1221 1480 1330 1520 Quum
1355 1481 1466 1512 fideles
1489 1481 1584 1512 malis
1608 1481 1688 1513 bene
1711 1492 1780 1513 esse
1804 1481 1925 1518 vident,
1950 1481 2017 1512 fieri
2042 1491 2106 1512 non

1136 1530 1242 1564 potest
1259 1525 1336 1564 quin
1353 1524 1572 1555 aemulatione
1588 1529 1782 1565 tangantur:
1806 1529 1902 1564 atque
1920 1524 1998 1555 haec
2015 1524 2106 1555 valde

1135 1568 1314 1608 periculosa
1348 1568 1485 1598 tentatio
1516 1572 1572 1598 est.
1627 1566 1790 1599 Omnibus
1825 1568 1912 1598 enim
1942 1567 2028 1598 cordi
2058 1572 2106 1598 est

1135 1620 1288 1650 praesens
1318 1608 1463 1641 felicitas.
1508 1610 1624 1650 Itaque
1655 1610 1688 1641 iu
1721 1610 1781 1641 hoc
1807 1610 1920 1641 sedulo
1949 1609 2108 1641 incumbit

1134 1653 1270 1692 spiritus
1302 1653 1378 1690 Dei,
1413 1663 1486 1685 cum
1522 1653 1632 1684 multis
1662 1654 1695 1684 in
1728 1653 1821 1691 locis,
1856 1658 1922 1684 tum
1948 1652 2032 1684 Psal.
2056 1652 2106 1690 37,

1134 1696 1183 1727 Ne
1200 1695 1311 1727 fideles
1327 1697 1490 1736 prosperis
1507 1697 1603 1728 rebus
1620 1697 1792 1736 impiorum
1810 1696 1986 1727 invideant.
2018 1694 2104 1726 Idem

1135 1750 1221 1771 nunc
1245 1740 1313 1779 agit
1334 1738 1466 1770 Petrus:
1499 1739 1592 1771 docet
1622 1740 1708 1770 enim
1732 1740 1924 1770 afflictiones
1947 1737 2021 1768 filiis
2044 1737 2106 1768 Dei

1134 1782 1299 1813 moderate
1322 1782 1472 1814 ferendas
1495 1793 1574 1821 esse,
1598 1783 1624 1813 si
1649 1782 1785 1813 aliorum
1810 1786 1927 1812 sortem
1950 1791 2024 1812 cum
2048 1791 2106 1811 sua

1134 1825 1310 1856 conferant.
1358 1824 1467 1856 Sumit
1495 1830 1602 1856 autem
1628 1825 1707 1856 illud
1732 1835 1788 1865 pro
1812 1824 1968 1861 confesso,
1999 1823 2106 1854 Deum

1133 1878 1202 1900 esse
1220 1868 1334 1898 mundi
1351 1867 1506 1900 iudicem:
1531 1868 1665 1908 ideoque
1685 1869 1845 1899 nemiuem
1863 1877 1957 1906 posse
1973 1866 2107 1906 impune

1133 1912 1275 1952 effugere
1305 1922 1345 1942 ex
1376 1911 1445 1942 eius
1476 1921 1582 1942 manu.
1634 1911 1721 1942 Hinc
1748 1910 1878 1950 colligit,
1909 1909 2103 1940 horrendam

1133 1954 1290 1985 ultionem
1324 1954 1364 1985 iis
1398 1954 1520 1985 instare
1554 1964 1692 1994 quorum
1723 1963 1808 1984 nunc
1838 1952 1943 1992 potior
1973 1952 2104 1983 videtur

1133 1997 1282 2028 conditio.
1316 1995 1455 2028 Summa
1475 1996 1756 2038 (quemadmodum
1781 1995 1861 2033 dixi)
1886 1995 1947 2026 huc
1968 1999 2102 2035 spectat.

1134 2051 1173 2071 ne
1197 2039 1253 2070 filii
1277 2039 1340 2070 Dei
1363 2041 1581 2080 praesentium
1607 2040 1759 2070 malorum
1785 2038 1957 2070 acerbitate
1979 2037 2102 2071 offensi.

1134 2083 1298 2114 deficiant:
1320 2084 1397 2123 quin
1414 2084 1520 2123 potius
1536 2083 1727 2114 afflictiones
1745 2081 1784 2112 ad
1801 2081 1956 2121 exiguum
1974 2086 2103 2120 tempus

1133 2125 1257 2166 placide
1289 2126 1405 2162 ferant,
1436 2136 1571 2166 quarum
1601 2125 1749 2156 salutaris
1772 2128 1822 2155 est
1844 2123 1967 2154 exitus:
2003 2133 2100 2162 quum

1133 2169 1379 2208 prosperitatem
1415 2169 1537 2199 fluxam
1573 2172 1605 2199 et
1638 2167 1787 2199 caducam
1818 2167 1909 2206 impii
1940 2165 2102 2197 redimant

1133 2217 1263 2242 aeterno
1296 2211 1438 2242 interitu.
1484 2211 1587 2242 Porro
1618 2215 1844 2250 argumentum
1873 2214 1922 2240 est
1946 2219 1964 2240 a
1987 2208 2102 2239 minori

1132 2254 1172 2285 ad
1205 2254 1323 2285 maius:
1360 2254 1436 2294 quia
1466 2254 1493 2285 si
1524 2254 1598 2285 filiis
1622 2254 1687 2285 suis
1711 2263 1790 2292 quos
1814 2252 1931 2291 diligit,
1960 2255 1992 2282 et
2023 2261 2102 2290 quos

1133 2298 1191 2328 sibi
1213 2296 1425 2336 obsequentes
1448 2296 1555 2337 habet,
1588 2307 1651 2327 non
1680 2296 1783 2335 parcit
1806 2295 1913 2326 Deus:
1946 2294 2102 2325 adversus

1131 2341 1280 2371 inimicos
1304 2344 1335 2370 et
1360 2339 1496 2371 rebelles
1520 2340 1687 2380 plusquam
1713 2337 1924 2369 formidabilis
1948 2337 2009 2367 erit
2033 2336 2101 2367 eius

1132 2384 1298 2415 severitas.
1351 2382 1440 2413 Nihil
1473 2393 1549 2423 ergo
1580 2383 1693 2413 melius
1724 2391 1819 2421 quam
1842 2379 1972 2411 obedire
2003 2389 2100 2410 evan-

1132 2426 1229 2467 gelio,
1265 2431 1299 2456 ut
1330 2435 1387 2456 nos
1410 2424 1499 2456 Deus
1532 2425 1708 2457 clementer
1738 2425 1772 2454 in
1800 2423 1934 2454 salutem
1967 2427 2101 2462 paterna

1132 2479 1230 2500 manu
1252 2468 1403 2508 corrigat.

1210 2512 1266 2543 t18‚
1292 2510 1333 2541 Et
1355 2511 1384 2542 si
1406 2511 1516 2542 iustus.
1552 2510 1713 2541 Putarunt
1736 2509 1820 2540 hanc
1843 2507 2038 2539 sententiam
2061 2517 2101 2537 ex

1133 2553 1286 2586 Proverb.
1318 2564 1385 2593 cap.
1411 2554 1464 2592 11,
1493 2553 1548 2591 31,
1586 2557 1750 2592 sumptam
1785 2562 1863 2583 esse.
1916 2553 2023 2591 Atque
2057 2550 2101 2580 ita

1134 2598 1251 2629 Graeci
1276 2602 1446 2628 verterunt
1475 2596 1558 2636 quod
1582 2595 1659 2627 dicit
1683 2594 1855 2626 Solomon:
1890 2595 1917 2625 si
1941 2595 2044 2625 iustus
2067 2593 2099 2623 in

1134 2647 1220 2672 terra
1244 2640 1402 2680 plectitur,
1433 2644 1553 2679 quanto
1580 2638 1684 2678 magis
1707 2638 1847 2678 impius?
1893 2636 1970 2669 Sive
1993 2642 2100 2667 autem
