<?xml version="1.0" encoding="UTF-8"?>
<!DOCTYPE html PUBLIC "-//W3C//DTD XHTML 1.0 Transitional//EN"
    "http://www.w3.org/TR/xhtml1/DTD/xhtml1-transitional.dtd">
<html xmlns="http://www.w3.org/1999/xhtml" xml:lang="en" lang="en">
 <head>
  <title>
</title>
<meta http-equiv="Content-Type" content="text/html;charset=utf-8" />
  <meta name='ocr-system' content='tesseract 3.04.00' />
  <meta name='ocr-capabilities' content='ocr_page ocr_carea ocr_par ocr_line ocrx_word'/>
</head>
<body>
  <div class='ocr_page' id='page_1' title='image "./ioanniscalviniop55calv_0132.png"; bbox 0 0 2513 3126; ppageno 0'>
   <div class='ocr_carea' id='block_1_1' title="bbox 294 205 1465 238">
    <p class='ocr_par' dir='ltr' id='par_1_1' title="bbox 294 205 1465 238">
     <span class='ocr_line' id='line_1_1' title="bbox 294 205 1465 238; baseline -0.001 0"><span class='ocrx_word' id='word_1_1' title='bbox 294 207 353 238; x_wconf 74' lang='lat'><strong>297</strong></span> <span class='ocrx_word' id='word_1_2' title='bbox 1126 205 1268 237; x_wconf 68' lang='lat' dir='ltr'><strong>EPls&#39;P.</strong></span> <span class='ocrx_word' id='word_1_3' title='bbox 1293 206 1425 237; x_wconf 79' lang='lat' dir='ltr'><strong>PETRI</strong></span> <span class='ocrx_word' id='word_1_4' title='bbox 1455 207 1465 237; x_wconf 91' lang='lat'><em>1</em></span> 
     </span>
    </p>
   </div>
   <div class='ocr_carea' id='block_1_2' title="bbox 297 301 1275 1884">
    <p class='ocr_par' dir='ltr' id='par_1_2' title="bbox 297 301 1271 592">
     <span class='ocr_line' id='line_1_2' title="bbox 297 301 1270 347; baseline -0.005 -9"><span class='ocrx_word' id='word_1_5' title='bbox 297 307 421 347; x_wconf 84' lang='lat' dir='ltr'>corripi.</span> <span class='ocrx_word' id='word_1_6' title='bbox 457 305 550 344; x_wconf 80' lang='lat' dir='ltr'><strong>Quod</strong></span> <span class='ocrx_word' id='word_1_7' title='bbox 571 305 595 334; x_wconf 87' lang='lat' dir='ltr'><strong>si</strong></span> <span class='ocrx_word' id='word_1_8' title='bbox 617 303 921 342; x_wconf 75' lang='lat' dir='ltr'><strong>appropinquamus,</strong></span> <span class='ocrx_word' id='word_1_9' title='bbox 942 302 1064 333; x_wconf 83' lang='lat' dir='ltr'><strong>iustitia</strong></span> <span class='ocrx_word' id='word_1_10' title='bbox 1081 301 1151 332; x_wconf 89' lang='lat' dir='ltr'><strong>eius</strong></span> <span class='ocrx_word' id='word_1_11' title='bbox 1168 302 1270 333; x_wconf 78' lang='lat' dir='ltr'><strong>instar</strong></span> 
     </span>
     <span class='ocr_line' id='line_1_3' title="bbox 298 345 1269 390; baseline -0.006 -10"><span class='ocrx_word' id='word_1_12' title='bbox 298 350 383 390; x_wconf 79' lang='lat' dir='ltr'><strong>ignis</strong></span> <span class='ocrx_word' id='word_1_13' title='bbox 413 353 461 379; x_wconf 77' lang='lat' dir='ltr'><strong>est</strong></span> <span class='ocrx_word' id='word_1_14' title='bbox 485 349 538 387; x_wconf 87' lang='lat' dir='ltr'><strong>qui</strong></span> <span class='ocrx_word' id='word_1_15' title='bbox 563 356 619 377; x_wconf 94' lang='lat' dir='ltr'><strong>nos</strong></span> <span class='ocrx_word' id='word_1_16' title='bbox 644 345 770 386; x_wconf 73' lang='lat' dir='ltr'><strong>ponitus</strong></span> <span class='ocrx_word' id='word_1_17' title='bbox 794 350 972 376; x_wconf 83' lang='lat' dir='ltr'><strong>consumat.</strong></span> <span class='ocrx_word' id='word_1_18' title='bbox 1019 345 1104 375; x_wconf 80' lang='lat' dir='ltr'><strong>Hinc</strong></span> <span class='ocrx_word' id='word_1_19' title='bbox 1127 350 1269 384; x_wconf 81' lang='lat' dir='ltr'><strong>apparot,</strong></span> 
     </span>
     <span class='ocr_line' id='line_1_4' title="bbox 300 387 1269 431; baseline -0.006 -8"><span class='ocrx_word' id='word_1_20' title='bbox 300 403 363 423; x_wconf 84' lang='lat' dir='ltr'><strong>non</strong></span> <span class='ocrx_word' id='word_1_21' title='bbox 392 400 485 431; x_wconf 82' lang='lat' dir='ltr'><strong>posse</strong></span> <span class='ocrx_word' id='word_1_22' title='bbox 519 399 576 419; x_wconf 88' lang='lat' dir='ltr'><strong>uos</strong></span> <span class='ocrx_word' id='word_1_23' title='bbox 600 389 670 419; x_wconf 85' lang='lat' dir='ltr'><strong>Deo</strong></span> <span class='ocrx_word' id='word_1_24' title='bbox 697 387 836 423; x_wconf 76' lang='lat' dir='ltr'><strong>erodere,</strong></span> <span class='ocrx_word' id='word_1_25' title='bbox 862 388 921 417; x_wconf 83' lang='lat' dir='ltr'><strong>nisi</strong></span> <span class='ocrx_word' id='word_1_26' title='bbox 947 397 1003 427; x_wconf 88' lang='lat' dir='ltr'><strong>per</strong></span> <span class='ocrx_word' id='word_1_27' title='bbox 1027 387 1206 425; x_wconf 76' lang='lat' dir='ltr'>Christum,</span> <span class='ocrx_word' id='word_1_28' title='bbox 1238 387 1269 418; x_wconf 88' lang='lat' dir='ltr'><strong>in</strong></span> 
     </span>
     <span class='ocr_line' id='line_1_5' title="bbox 299 429 1270 474; baseline -0.005 -9"><span class='ocrx_word' id='word_1_29' title='bbox 299 445 362 474; x_wconf 88' lang='lat' dir='ltr'><strong>quo</strong></span> <span class='ocrx_word' id='word_1_30' title='bbox 391 445 424 464; x_wconf 86' lang='lat' dir='ltr'><strong>so</strong></span> <span class='ocrx_word' id='word_1_31' title='bbox 448 433 537 462; x_wconf 84' lang='lat' dir='ltr'><strong>Deus</strong></span> <span class='ocrx_word' id='word_1_32' title='bbox 570 430 806 471; x_wconf 88' lang='lat' dir='ltr'><strong>quodammodo</strong></span> <span class='ocrx_word' id='word_1_33' title='bbox 836 440 974 470; x_wconf 79' lang='lat' dir='ltr'><strong>parvum</strong></span> <span class='ocrx_word' id='word_1_34' title='bbox 999 431 1084 471; x_wconf 83' lang='lat' dir='ltr'><strong>facit,</strong></span> <span class='ocrx_word' id='word_1_35' title='bbox 1115 434 1151 460; x_wconf 92' lang='lat' dir='ltr'><strong>ut</strong></span> <span class='ocrx_word' id='word_1_36' title='bbox 1173 440 1207 460; x_wconf 88' lang='lat' dir='ltr'><strong>se</strong></span> <span class='ocrx_word' id='word_1_37' title='bbox 1230 429 1270 460; x_wconf 83' lang='lat' dir='ltr'><strong>ad</strong></span> 
     </span>
     <span class='ocr_line' id='line_1_6' title="bbox 300 472 1271 516; baseline -0.005 -8"><span class='ocrx_word' id='word_1_38' title='bbox 300 483 426 516; x_wconf 72' lang='lat' dir='ltr'><strong>cupium</strong></span> <span class='ocrx_word' id='word_1_39' title='bbox 452 480 597 506; x_wconf 86' lang='lat' dir='ltr'><strong>nostrum</strong></span> <span class='ocrx_word' id='word_1_40' title='bbox 622 474 806 505; x_wconf 71' lang='lat' dir='ltr'>submittat:</span> <span class='ocrx_word' id='word_1_41' title='bbox 836 477 867 503; x_wconf 89' lang='lat' dir='ltr'><strong>ct</strong></span> <span class='ocrx_word' id='word_1_42' title='bbox 889 473 942 513; x_wconf 90' lang='lat' dir='ltr'><strong>qui</strong></span> <span class='ocrx_word' id='word_1_43' title='bbox 966 473 1052 504; x_wconf 82' lang='lat' dir='ltr'><strong>solus</strong></span> <span class='ocrx_word' id='word_1_44' title='bbox 1077 472 1271 512; x_wconf 81' lang='lat' dir='ltr'><strong>tranquillas</strong></span> 
     </span>
     <span class='ocr_line' id='line_1_7' title="bbox 300 515 1271 552; baseline -0.005 -2"><span class='ocrx_word' id='word_1_45' title='bbox 300 519 404 550; x_wconf 67' lang='lat' dir='ltr'><strong>reddit</strong></span> <span class='ocrx_word' id='word_1_46' title='bbox 421 518 645 552; x_wconf 78' lang='lat' dir='ltr'><strong>conscientias,</strong></span> <span class='ocrx_word' id='word_1_47' title='bbox 669 521 705 547; x_wconf 90' lang='lat' dir='ltr'><strong>ut</strong></span> <span class='ocrx_word' id='word_1_48' title='bbox 722 516 923 547; x_wconf 79' lang='lat' dir='ltr'><strong>familiariter</strong></span> <span class='ocrx_word' id='word_1_49' title='bbox 940 515 979 547; x_wconf 85' lang='lat' dir='ltr'><strong>ad</strong></span> <span class='ocrx_word' id='word_1_50' title='bbox 998 515 1102 547; x_wconf 90' lang='lat' dir='ltr'><strong>Deum</strong></span> <span class='ocrx_word' id='word_1_51' title='bbox 1120 515 1271 546; x_wconf 82' lang='lat' dir='ltr'><strong>accedere</strong></span> 
     </span>
     <span class='ocr_line' id='line_1_8' title="bbox 299 561 448 592; baseline 0 0"><span class='ocrx_word' id='word_1_52' title='bbox 299 561 448 592; x_wconf 78' lang='lat' dir='ltr'><strong>audeant.</strong></span> 
     </span>
    </p>

    <p class='ocr_par' dir='ltr' id='par_1_3' title="bbox 299 601 1274 1798">
     <span class='ocr_line' id='line_1_9' title="bbox 384 601 1271 643; baseline -0.001 -9"><span class='ocrx_word' id='word_1_53' title='bbox 384 604 434 634; x_wconf 80' lang='lat'><strong>21.</strong></span> <span class='ocrx_word' id='word_1_54' title='bbox 462 603 522 643; x_wconf 80' lang='lat' dir='ltr'><strong>Qui</strong></span> <span class='ocrx_word' id='word_1_55' title='bbox 545 612 614 634; x_wconf 84' lang='lat' dir='ltr'><strong>eum</strong></span> <span class='ocrx_word' id='word_1_56' title='bbox 636 602 806 633; x_wconf 71' lang='lat' dir='ltr'><strong>suscitavit.</strong></span> <span class='ocrx_word' id='word_1_57' title='bbox 847 601 955 639; x_wconf 83' lang='lat' dir='ltr'><strong>Addit,</strong></span> <span class='ocrx_word' id='word_1_58' title='bbox 979 601 1148 633; x_wconf 88' lang='lat' dir='ltr'><strong>Christum</strong></span> <span class='ocrx_word' id='word_1_59' title='bbox 1174 602 1271 633; x_wconf 87' lang='lat' dir='ltr'><strong>fuisso</strong></span> 
     </span>
     <span class='ocr_line' id='line_1_10' title="bbox 299 644 1270 684; baseline -0.003 -6"><span class='ocrx_word' id='word_1_60' title='bbox 299 647 477 678; x_wconf 80' lang='lat' dir='ltr'><strong>excitatum</strong></span> <span class='ocrx_word' id='word_1_61' title='bbox 501 655 519 676; x_wconf 82' lang='lat' dir='ltr'><strong>a</strong></span> <span class='ocrx_word' id='word_1_62' title='bbox 544 646 686 684; x_wconf 76' lang='lat' dir='ltr'><strong>mortuis,</strong></span> <span class='ocrx_word' id='word_1_63' title='bbox 720 647 755 675; x_wconf 91' lang='lat' dir='ltr'><strong>ut</strong></span> <span class='ocrx_word' id='word_1_64' title='bbox 779 645 904 675; x_wconf 86' lang='lat' dir='ltr'><strong>firmam</strong></span> <span class='ocrx_word' id='word_1_65' title='bbox 935 644 1093 676; x_wconf 83' lang='lat' dir='ltr'><strong>haberent</strong></span> <span class='ocrx_word' id='word_1_66' title='bbox 1116 645 1270 676; x_wconf 86' lang='lat' dir='ltr'><strong>fulturam</strong></span> 
     </span>
     <span class='ocr_line' id='line_1_11' title="bbox 299 687 1271 728; baseline -0.002 -8"><span class='ocrx_word' id='word_1_67' title='bbox 299 689 378 720; x_wconf 87' lang='lat' dir='ltr'><strong>fides</strong></span> <span class='ocrx_word' id='word_1_68' title='bbox 408 694 439 720; x_wconf 89' lang='lat' dir='ltr'><strong>et</strong></span> <span class='ocrx_word' id='word_1_69' title='bbox 470 699 542 728; x_wconf 89' lang='lat' dir='ltr'><strong>spes</strong></span> <span class='ocrx_word' id='word_1_70' title='bbox 572 694 691 726; x_wconf 89' lang='lat' dir='ltr'><strong>nostra,</strong></span> <span class='ocrx_word' id='word_1_71' title='bbox 723 697 784 727; x_wconf 87' lang='lat' dir='ltr'><strong>qua</strong></span> <span class='ocrx_word' id='word_1_72' title='bbox 813 687 1006 719; x_wconf 80' lang='lat' dir='ltr'><strong>niterentur.</strong></span> <span class='ocrx_word' id='word_1_73' title='bbox 1051 687 1126 727; x_wconf 76' lang='lat' dir='ltr'><strong>Quo</strong></span> <span class='ocrx_word' id='word_1_74' title='bbox 1160 697 1271 718; x_wconf 88' lang='lat' dir='ltr'><strong>rursus</strong></span> 
     </span>
     <span class='ocr_line' id='line_1_12' title="bbox 299 729 1271 763; baseline -0.002 0"><span class='ocrx_word' id='word_1_75' title='bbox 299 736 517 763; x_wconf 88' lang='lat' dir='ltr'><strong>commentum</strong></span> <span class='ocrx_word' id='word_1_76' title='bbox 543 730 581 761; x_wconf 90' lang='lat' dir='ltr'><strong>de</strong></span> <span class='ocrx_word' id='word_1_77' title='bbox 611 729 787 762; x_wconf 82' lang='lat' dir='ltr'><strong>universali</strong></span> <span class='ocrx_word' id='word_1_78' title='bbox 811 732 843 761; x_wconf 92' lang='lat' dir='ltr'><strong>et</strong></span> <span class='ocrx_word' id='word_1_79' title='bbox 865 731 998 761; x_wconf 82' lang='lat' dir='ltr'><strong>confusa</strong></span> <span class='ocrx_word' id='word_1_80' title='bbox 1021 731 1053 761; x_wconf 92' lang='lat' dir='ltr'><strong>in</strong></span> <span class='ocrx_word' id='word_1_81' title='bbox 1079 731 1184 761; x_wconf 87' lang='lat' dir='ltr'><strong>Deum</strong></span> <span class='ocrx_word' id='word_1_82' title='bbox 1208 729 1271 761; x_wconf 84' lang='lat' dir='ltr'><strong>fido</strong></span> 
     </span>
     <span class='ocr_line' id='line_1_13' title="bbox 300 772 1271 806; baseline -0.003 0"><span class='ocrx_word' id='word_1_83' title='bbox 300 775 465 806; x_wconf 78' lang='lat' dir='ltr'><strong>refellitur.</strong></span> <span class='ocrx_word' id='word_1_84' title='bbox 523 773 605 804; x_wconf 83' lang='lat' dir='ltr'><strong>Nam</strong></span> <span class='ocrx_word' id='word_1_85' title='bbox 641 778 677 804; x_wconf 88' lang='lat' dir='ltr'><strong>ut</strong></span> <span class='ocrx_word' id='word_1_86' title='bbox 711 772 800 804; x_wconf 86' lang='lat' dir='ltr'><strong>nulla</strong></span> <span class='ocrx_word' id='word_1_87' title='bbox 833 773 876 804; x_wconf 87' lang='lat' dir='ltr'><strong>sit</strong></span> <span class='ocrx_word' id='word_1_88' title='bbox 903 772 1025 805; x_wconf 84' lang='lat' dir='ltr'><strong>Christi</strong></span> <span class='ocrx_word' id='word_1_89' title='bbox 1060 773 1271 804; x_wconf 86' lang='lat' dir='ltr'><strong>resurrectio:</strong></span> 
     </span>
     <span class='ocr_line' id='line_1_14' title="bbox 301 815 1271 856; baseline -0.003 -7"><span class='ocrx_word' id='word_1_90' title='bbox 301 818 389 849; x_wconf 90' lang='lat' dir='ltr'><strong>Deus</strong></span> <span class='ocrx_word' id='word_1_91' title='bbox 419 817 630 848; x_wconf 86' lang='lat' dir='ltr'><strong>nihilominus</strong></span> <span class='ocrx_word' id='word_1_92' title='bbox 664 817 697 847; x_wconf 90' lang='lat' dir='ltr'><strong>in</strong></span> <span class='ocrx_word' id='word_1_93' title='bbox 728 815 816 847; x_wconf 89' lang='lat' dir='ltr'><strong>coelo</strong></span> <span class='ocrx_word' id='word_1_94' title='bbox 850 820 969 847; x_wconf 88' lang='lat' dir='ltr'><strong>manet.</strong></span> <span class='ocrx_word' id='word_1_95' title='bbox 1023 816 1124 856; x_wconf 87' lang='lat' dir='ltr'><strong>Atqui</strong></span> <span class='ocrx_word' id='word_1_96' title='bbox 1153 816 1271 846; x_wconf 85' lang='lat' dir='ltr'><strong>Petrus</strong></span> 
     </span>
     <span class='ocr_line' id='line_1_15' title="bbox 300 857 1270 901; baseline -0.003 -9"><span class='ocrx_word' id='word_1_97' title='bbox 300 865 398 901; x_wconf 85' lang='lat' dir='ltr'><strong>negat</strong></span> <span class='ocrx_word' id='word_1_98' title='bbox 421 860 454 890; x_wconf 91' lang='lat' dir='ltr'><strong>in</strong></span> <span class='ocrx_word' id='word_1_99' title='bbox 478 870 551 890; x_wconf 90' lang='lat' dir='ltr'><strong>eum</strong></span> <span class='ocrx_word' id='word_1_100' title='bbox 575 859 661 891; x_wconf 89' lang='lat' dir='ltr'><strong>credi</strong></span> <span class='ocrx_word' id='word_1_101' title='bbox 686 868 788 899; x_wconf 86' lang='lat' dir='ltr'><strong>posse,</strong></span> <span class='ocrx_word' id='word_1_102' title='bbox 820 859 881 890; x_wconf 91' lang='lat' dir='ltr'><strong>nisi</strong></span> <span class='ocrx_word' id='word_1_103' title='bbox 905 857 1056 890; x_wconf 88' lang='lat' dir='ltr'><strong>Christus</strong></span> <span class='ocrx_word' id='word_1_104' title='bbox 1083 858 1270 889; x_wconf 81' lang='lat' dir='ltr'><strong>resurrexit.</strong></span> 
     </span>
     <span class='ocr_line' id='line_1_16' title="bbox 300 901 1272 942; baseline -0.003 -7"><span class='ocrx_word' id='word_1_105' title='bbox 300 904 438 935; x_wconf 75' lang='lat' dir='ltr'>Constat</span> <span class='ocrx_word' id='word_1_106' title='bbox 462 912 547 942; x_wconf 79' lang='lat' dir='ltr'><strong>ergo,</strong></span> <span class='ocrx_word' id='word_1_107' title='bbox 575 902 673 933; x_wconf 90' lang='lat' dir='ltr'><strong>fidem</strong></span> <span class='ocrx_word' id='word_1_108' title='bbox 697 901 784 932; x_wconf 90' lang='lat' dir='ltr'><strong>aliud</strong></span> <span class='ocrx_word' id='word_1_109' title='bbox 808 911 904 941; x_wconf 91' lang='lat' dir='ltr'><strong>quam</strong></span> <span class='ocrx_word' id='word_1_110' title='bbox 929 901 1048 932; x_wconf 83' lang='lat' dir='ltr'><strong>nudam</strong></span> <span class='ocrx_word' id='word_1_111' title='bbox 1074 901 1134 932; x_wconf 87' lang='lat' dir='ltr'><strong>Dei</strong></span> <span class='ocrx_word' id='word_1_112' title='bbox 1160 901 1272 932; x_wconf 88' lang='lat' dir='ltr'><strong>maies-</strong></span> 
     </span>
     <span class='ocr_line' id='line_1_17' title="bbox 300 943 1271 984; baseline -0.003 -7"><span class='ocrx_word' id='word_1_113' title='bbox 300 951 399 977; x_wconf 81' lang='lat' dir='ltr'>tatem</span> <span class='ocrx_word' id='word_1_114' title='bbox 425 945 553 976; x_wconf 84' lang='lat' dir='ltr'><strong>intueri.</strong></span> <span class='ocrx_word' id='word_1_115' title='bbox 601 945 643 976; x_wconf 90' lang='lat' dir='ltr'><strong>Et</strong></span> <span class='ocrx_word' id='word_1_116' title='bbox 667 945 782 975; x_wconf 88' lang='lat' dir='ltr'><strong>merito</strong></span> <span class='ocrx_word' id='word_1_117' title='bbox 805 944 848 974; x_wconf 85' lang='lat' dir='ltr'><strong>ita</strong></span> <span class='ocrx_word' id='word_1_118' title='bbox 874 944 991 975; x_wconf 85' lang='lat' dir='ltr'><strong>Petrus</strong></span> <span class='ocrx_word' id='word_1_119' title='bbox 1014 944 1171 984; x_wconf 89' lang='lat' dir='ltr'><strong>loquitur:</strong></span> <span class='ocrx_word' id='word_1_120' title='bbox 1196 943 1271 974; x_wconf 87' lang='lat' dir='ltr'><strong>fidei</strong></span> 
     </span>
     <span class='ocr_line' id='line_1_18' title="bbox 300 987 1271 1027; baseline -0.002 -8"><span class='ocrx_word' id='word_1_121' title='bbox 300 989 385 1020; x_wconf 91' lang='lat' dir='ltr'><strong>enim</strong></span> <span class='ocrx_word' id='word_1_122' title='bbox 410 994 458 1018; x_wconf 86' lang='lat' dir='ltr'><strong>est</strong></span> <span class='ocrx_word' id='word_1_123' title='bbox 481 988 515 1019; x_wconf 88' lang='lat' dir='ltr'><strong>in</strong></span> <span class='ocrx_word' id='word_1_124' title='bbox 538 987 643 1019; x_wconf 87' lang='lat' dir='ltr'><strong>coelos</strong></span> <span class='ocrx_word' id='word_1_125' title='bbox 667 991 849 1027; x_wconf 86' lang='lat' dir='ltr'><strong>penetrare,</strong></span> <span class='ocrx_word' id='word_1_126' title='bbox 878 992 913 1018; x_wconf 89' lang='lat' dir='ltr'><strong>ut</strong></span> <span class='ocrx_word' id='word_1_127' title='bbox 936 987 1001 1018; x_wconf 91' lang='lat' dir='ltr'><strong>illic</strong></span> <span class='ocrx_word' id='word_1_128' title='bbox 1024 987 1154 1017; x_wconf 85' lang='lat' dir='ltr'><strong>Patrem</strong></span> <span class='ocrx_word' id='word_1_129' title='bbox 1179 987 1271 1017; x_wconf 87' lang='lat' dir='ltr'><strong>inve-</strong></span> 
     </span>
     <span class='ocr_line' id='line_1_19' title="bbox 300 1029 1272 1070; baseline -0.002 -8"><span class='ocrx_word' id='word_1_130' title='bbox 300 1032 379 1062; x_wconf 86' lang='lat' dir='ltr'><strong>niat.</strong></span> <span class='ocrx_word' id='word_1_131' title='bbox 434 1030 604 1070; x_wconf 80' lang='lat' dir='ltr'><strong>Quomodo</strong></span> <span class='ocrx_word' id='word_1_132' title='bbox 633 1030 665 1061; x_wconf 88' lang='lat' dir='ltr'><strong>id</strong></span> <span class='ocrx_word' id='word_1_133' title='bbox 696 1029 832 1070; x_wconf 88' lang='lat' dir='ltr'><strong>poterit,</strong></span> <span class='ocrx_word' id='word_1_134' title='bbox 861 1030 922 1060; x_wconf 82' lang='lat' dir='ltr'><strong>nisi</strong></span> <span class='ocrx_word' id='word_1_135' title='bbox 953 1029 1121 1060; x_wconf 79' lang='lat' dir='ltr'><strong>Christum</strong></span> <span class='ocrx_word' id='word_1_136' title='bbox 1153 1029 1272 1060; x_wconf 91' lang='lat' dir='ltr'><strong>habeat</strong></span> 
     </span>
     <span class='ocr_line' id='line_1_20' title="bbox 301 1071 1271 1114; baseline -0.003 -9"><span class='ocrx_word' id='word_1_137' title='bbox 301 1073 437 1106; x_wconf 76' lang='lat' dir='ltr'><strong>ducem?</strong></span> <span class='ocrx_word' id='word_1_138' title='bbox 484 1073 549 1105; x_wconf 87' lang='lat' dir='ltr'><strong>Per</strong></span> <span class='ocrx_word' id='word_1_139' title='bbox 577 1073 683 1114; x_wconf 91' lang='lat' dir='ltr'><strong>ipsum</strong></span> <span class='ocrx_word' id='word_1_140' title='bbox 713 1072 832 1114; x_wconf 90' lang='lat' dir='ltr'><strong>(inquit</strong></span> <span class='ocrx_word' id='word_1_141' title='bbox 865 1072 999 1113; x_wconf 82' lang='lat' dir='ltr'><strong>Paulus)</strong></span> <span class='ocrx_word' id='word_1_142' title='bbox 1029 1071 1185 1104; x_wconf 86' lang='lat' dir='ltr'><strong>habemus</strong></span> <span class='ocrx_word' id='word_1_143' title='bbox 1215 1071 1271 1103; x_wconf 91' lang='lat' dir='ltr'><strong>ad-</strong></span> 
     </span>
     <span class='ocr_line' id='line_1_21' title="bbox 300 1114 1270 1156; baseline -0.002 -8"><span class='ocrx_word' id='word_1_144' title='bbox 300 1116 397 1148; x_wconf 88' lang='lat' dir='ltr'><strong>eundi</strong></span> <span class='ocrx_word' id='word_1_145' title='bbox 431 1116 597 1153; x_wconf 88' lang='lat' dir='ltr'><strong>fiduciam,</strong></span> <span class='ocrx_word' id='word_1_146' title='bbox 632 1116 716 1156; x_wconf 85' lang='lat' dir='ltr'><strong>Eph.</strong></span> <span class='ocrx_word' id='word_1_147' title='bbox 741 1115 769 1152; x_wconf 86' lang='lat'><strong>3,</strong></span> <span class='ocrx_word' id='word_1_148' title='bbox 800 1115 848 1146; x_wconf 82' lang='lat'><strong>12.</strong></span> <span class='ocrx_word' id='word_1_149' title='bbox 911 1114 993 1146; x_wconf 83' lang='lat' dir='ltr'><strong>Item</strong></span> <span class='ocrx_word' id='word_1_150' title='bbox 1028 1114 1130 1146; x_wconf 88' lang='lat' dir='ltr'><strong>Hebr.</strong></span> <span class='ocrx_word' id='word_1_151' title='bbox 1153 1115 1183 1152; x_wconf 87' lang='grc'><strong>4,</strong></span> <span class='ocrx_word' id='word_1_152' title='bbox 1214 1115 1270 1146; x_wconf 84' lang='grc'><strong>16;</strong></span> 
     </span>
     <span class='ocr_line' id='line_1_22' title="bbox 300 1158 1271 1198; baseline -0.002 -8"><span class='ocrx_word' id='word_1_153' title='bbox 300 1159 391 1191; x_wconf 86' lang='lat' dir='ltr'><strong>Freti</strong></span> <span class='ocrx_word' id='word_1_154' title='bbox 416 1164 527 1191; x_wconf 90' lang='lat' dir='ltr'><strong>nostro</strong></span> <span class='ocrx_word' id='word_1_155' title='bbox 550 1159 718 1198; x_wconf 86' lang='lat' dir='ltr'><strong>Pontifiee,</strong></span> <span class='ocrx_word' id='word_1_156' title='bbox 749 1158 896 1190; x_wconf 84' lang='lat' dir='ltr'><strong>accedere</strong></span> <span class='ocrx_word' id='word_1_157' title='bbox 920 1167 1093 1197; x_wconf 89' lang='lat' dir='ltr'><strong>possumus</strong></span> <span class='ocrx_word' id='word_1_158' title='bbox 1120 1158 1160 1188; x_wconf 87' lang='lat' dir='ltr'><strong>ad</strong></span> <span class='ocrx_word' id='word_1_159' title='bbox 1184 1158 1271 1189; x_wconf 87' lang='lat' dir='ltr'><strong>thro-</strong></span> 
     </span>
     <span class='ocr_line' id='line_1_23' title="bbox 300 1200 1271 1243; baseline -0.001 -10"><span class='ocrx_word' id='word_1_160' title='bbox 300 1213 378 1234; x_wconf 90' lang='lat' dir='ltr'><strong>num</strong></span> <span class='ocrx_word' id='word_1_161' title='bbox 402 1202 527 1243; x_wconf 85' lang='lat' dir='ltr'><strong>gratiae</strong></span> <span class='ocrx_word' id='word_1_162' title='bbox 550 1212 623 1233; x_wconf 91' lang='lat' dir='ltr'><strong>cum</strong></span> <span class='ocrx_word' id='word_1_163' title='bbox 646 1202 772 1233; x_wconf 87' lang='lat' dir='ltr'><strong>fiducia.</strong></span> <span class='ocrx_word' id='word_1_164' title='bbox 817 1200 900 1240; x_wconf 82' lang='lat' dir='ltr'><strong>Spes</strong></span> <span class='ocrx_word' id='word_1_165' title='bbox 923 1204 971 1231; x_wconf 86' lang='lat' dir='ltr'><strong>est</strong></span> <span class='ocrx_word' id='word_1_166' title='bbox 994 1209 1112 1232; x_wconf 89' lang='lat' dir='ltr'><strong>ancora</strong></span> <span class='ocrx_word' id='word_1_167' title='bbox 1133 1201 1271 1241; x_wconf 84' lang='lat' dir='ltr'><strong>animae,</strong></span> 
     </span>
     <span class='ocr_line' id='line_1_24' title="bbox 300 1243 1270 1285; baseline -0.002 -9"><span class='ocrx_word' id='word_1_168' title='bbox 300 1255 381 1285; x_wconf 88' lang='lat' dir='ltr'><strong>quae</strong></span> <span class='ocrx_word' id='word_1_169' title='bbox 403 1245 442 1276; x_wconf 90' lang='lat' dir='ltr'><strong>ad</strong></span> <span class='ocrx_word' id='word_1_170' title='bbox 465 1245 606 1276; x_wconf 87' lang='lat' dir='ltr'><strong>interius</strong></span> <span class='ocrx_word' id='word_1_171' title='bbox 625 1244 800 1276; x_wconf 81' lang='lat' dir='ltr'><strong>sanctuarii</strong></span> <span class='ocrx_word' id='word_1_172' title='bbox 824 1243 959 1283; x_wconf 84' lang='lat' dir='ltr'><strong>adytum</strong></span> <span class='ocrx_word' id='word_1_173' title='bbox 984 1243 1102 1274; x_wconf 80' lang='lat' dir='ltr'><strong>intrat:</strong></span> <span class='ocrx_word' id='word_1_174' title='bbox 1126 1243 1182 1274; x_wconf 89' lang='lat' dir='ltr'><strong>sed</strong></span> <span class='ocrx_word' id='word_1_175' title='bbox 1206 1254 1270 1275; x_wconf 92' lang='lat' dir='ltr'><strong>non</strong></span> 
     </span>
     <span class='ocr_line' id='line_1_25' title="bbox 300 1285 1271 1328; baseline -0.002 -9"><span class='ocrx_word' id='word_1_176' title='bbox 300 1288 362 1319; x_wconf 89' lang='lat' dir='ltr'><strong>nisi</strong></span> <span class='ocrx_word' id='word_1_177' title='bbox 385 1292 560 1328; x_wconf 82' lang='lat' dir='ltr'><strong>praeeunte</strong></span> <span class='ocrx_word' id='word_1_178' title='bbox 583 1287 724 1322; x_wconf 89' lang='lat' dir='ltr'><strong>Christo,</strong></span> <span class='ocrx_word' id='word_1_179' title='bbox 748 1286 848 1317; x_wconf 90' lang='lat' dir='ltr'><strong>Hebr.</strong></span> <span class='ocrx_word' id='word_1_180' title='bbox 866 1286 895 1321; x_wconf 80' lang='lat'><strong>6.</strong></span> <span class='ocrx_word' id='word_1_181' title='bbox 919 1286 967 1317; x_wconf 83' lang='lat'><strong>19.</strong></span> <span class='ocrx_word' id='word_1_182' title='bbox 1014 1285 1112 1317; x_wconf 87' lang='lat' dir='ltr'><strong>Fides</strong></span> <span class='ocrx_word' id='word_1_183' title='bbox 1136 1287 1271 1318; x_wconf 86' lang='lat' dir='ltr'><strong>victoria</strong></span> 
     </span>
     <span class='ocr_line' id='line_1_26' title="bbox 300 1328 1270 1369; baseline -0.001 -8"><span class='ocrx_word' id='word_1_184' title='bbox 300 1335 349 1362; x_wconf 84' lang='lat' dir='ltr'><strong>est</strong></span> <span class='ocrx_word' id='word_1_185' title='bbox 373 1334 485 1362; x_wconf 88' lang='lat' dir='ltr'><strong>nostra</strong></span> <span class='ocrx_word' id='word_1_186' title='bbox 508 1330 663 1362; x_wconf 83' lang='lat' dir='ltr'><strong>adversus</strong></span> <span class='ocrx_word' id='word_1_187' title='bbox 686 1329 853 1365; x_wconf 88' lang='lat' dir='ltr'><strong>mundum,</strong></span> <span class='ocrx_word' id='word_1_188' title='bbox 879 1330 906 1359; x_wconf 85' lang='lat'><strong>1.</strong></span> <span class='ocrx_word' id='word_1_189' title='bbox 925 1328 1038 1360; x_wconf 90' lang='lat' dir='ltr'><strong>Iohan.</strong></span> <span class='ocrx_word' id='word_1_190' title='bbox 1055 1329 1085 1369; x_wconf 83' lang='lat'><strong>5,</strong></span> <span class='ocrx_word' id='word_1_191' title='bbox 1108 1329 1138 1360; x_wconf 87' lang='lat'><strong>4.</strong></span> <span class='ocrx_word' id='word_1_192' title='bbox 1184 1329 1270 1368; x_wconf 76' lang='lat' dir='ltr'><strong>Quid</strong></span> 
     </span>
     <span class='ocr_line' id='line_1_27' title="bbox 300 1372 1270 1412; baseline 0 -8"><span class='ocrx_word' id='word_1_193' title='bbox 300 1377 407 1405; x_wconf 89' lang='lat' dir='ltr'><strong>autem</strong></span> <span class='ocrx_word' id='word_1_194' title='bbox 432 1373 476 1404; x_wconf 85' lang='lat' dir='ltr'><strong>ita</strong></span> <span class='ocrx_word' id='word_1_195' title='bbox 500 1383 571 1404; x_wconf 87' lang='lat' dir='ltr'><strong>eam</strong></span> <span class='ocrx_word' id='word_1_196' title='bbox 596 1372 699 1404; x_wconf 86' lang='lat' dir='ltr'><strong>reddit</strong></span> <span class='ocrx_word' id='word_1_197' title='bbox 724 1372 896 1409; x_wconf 87' lang='lat' dir='ltr'><strong>victricem,</strong></span> <span class='ocrx_word' id='word_1_198' title='bbox 921 1372 982 1402; x_wconf 87' lang='lat' dir='ltr'><strong>nisi</strong></span> <span class='ocrx_word' id='word_1_199' title='bbox 1005 1373 1091 1411; x_wconf 91' lang='lat' dir='ltr'><strong>quod</strong></span> <span class='ocrx_word' id='word_1_200' title='bbox 1108 1372 1270 1412; x_wconf 84' lang='lat' dir='ltr'><strong>Christus,</strong></span> 
     </span>
     <span class='ocr_line' id='line_1_28' title="bbox 301 1414 1272 1455; baseline 0 -8"><span class='ocrx_word' id='word_1_201' title='bbox 301 1416 379 1447; x_wconf 86' lang='lat' dir='ltr'><strong>coeli</strong></span> <span class='ocrx_word' id='word_1_202' title='bbox 403 1421 435 1447; x_wconf 87' lang='lat' dir='ltr'><strong>et</strong></span> <span class='ocrx_word' id='word_1_203' title='bbox 457 1421 563 1447; x_wconf 86' lang='lat' dir='ltr'><strong>terrae</strong></span> <span class='ocrx_word' id='word_1_204' title='bbox 586 1415 755 1455; x_wconf 88' lang='lat' dir='ltr'><strong>Dominus,</strong></span> <span class='ocrx_word' id='word_1_205' title='bbox 786 1425 845 1446; x_wconf 90' lang='lat' dir='ltr'><strong>nos</strong></span> <span class='ocrx_word' id='word_1_206' title='bbox 876 1415 908 1445; x_wconf 91' lang='lat' dir='ltr'><strong>iu</strong></span> <span class='ocrx_word' id='word_1_207' title='bbox 932 1414 996 1446; x_wconf 89' lang='lat' dir='ltr'><strong>fide</strong></span> <span class='ocrx_word' id='word_1_208' title='bbox 1024 1415 1188 1455; x_wconf 79' lang='lat' dir='ltr'><strong>tutelaque</strong></span> <span class='ocrx_word' id='word_1_209' title='bbox 1211 1426 1272 1447; x_wconf 91' lang='lat' dir='ltr'><strong>sua</strong></span> 
     </span>
     <span class='ocr_line' id='line_1_29' title="bbox 301 1457 1272 1498; baseline -0.001 -8"><span class='ocrx_word' id='word_1_210' title='bbox 301 1458 420 1490; x_wconf 80' lang='lat' dir='ltr'><strong>habet?</strong></span> <span class='ocrx_word' id='word_1_211' title='bbox 467 1458 628 1498; x_wconf 81' lang='lat' dir='ltr'><strong>Quoniam</strong></span> <span class='ocrx_word' id='word_1_212' title='bbox 660 1467 736 1498; x_wconf 88' lang='lat' dir='ltr'><strong>ergo</strong></span> <span class='ocrx_word' id='word_1_213' title='bbox 767 1457 799 1489; x_wconf 89' lang='lat' dir='ltr'><strong>in</strong></span> <span class='ocrx_word' id='word_1_214' title='bbox 824 1457 948 1489; x_wconf 86' lang='lat' dir='ltr'><strong>Christi</strong></span> <span class='ocrx_word' id='word_1_215' title='bbox 978 1459 1212 1489; x_wconf 89' lang='lat' dir='ltr'><strong>resurrectione</strong></span> <span class='ocrx_word' id='word_1_216' title='bbox 1241 1463 1272 1489; x_wconf 90' lang='lat' dir='ltr'><strong>et</strong></span> 
     </span>
     <span class='ocr_line' id='line_1_30' title="bbox 301 1499 1272 1541; baseline 0 -9"><span class='ocrx_word' id='word_1_217' title='bbox 301 1511 428 1532; x_wconf 82' lang='lat' dir='ltr'><strong>summo</strong></span> <span class='ocrx_word' id='word_1_218' title='bbox 462 1502 595 1541; x_wconf 89' lang='lat' dir='ltr'><strong>imperio</strong></span> <span class='ocrx_word' id='word_1_219' title='bbox 626 1501 686 1532; x_wconf 83' lang='lat' dir='ltr'><strong>sita</strong></span> <span class='ocrx_word' id='word_1_220' title='bbox 709 1505 757 1531; x_wconf 85' lang='lat' dir='ltr'><strong>est</strong></span> <span class='ocrx_word' id='word_1_221' title='bbox 780 1501 873 1532; x_wconf 90' lang='lat' dir='ltr'><strong>nobis</strong></span> <span class='ocrx_word' id='word_1_222' title='bbox 904 1499 1000 1537; x_wconf 81' lang='lat' dir='ltr'><strong>salus,</strong></span> <span class='ocrx_word' id='word_1_223' title='bbox 1034 1500 1100 1532; x_wconf 91' lang='lat' dir='ltr'><strong>illic</strong></span> <span class='ocrx_word' id='word_1_224' title='bbox 1131 1501 1211 1532; x_wconf 88' lang='lat' dir='ltr'><strong>fides</strong></span> <span class='ocrx_word' id='word_1_225' title='bbox 1241 1506 1272 1532; x_wconf 89' lang='lat' dir='ltr'><strong>et</strong></span> 
     </span>
     <span class='ocr_line' id='line_1_31' title="bbox 302 1542 1270 1584; baseline -0.001 -9"><span class='ocrx_word' id='word_1_226' title='bbox 302 1554 375 1584; x_wconf 89' lang='lat' dir='ltr'><strong>spes</strong></span> <span class='ocrx_word' id='word_1_227' title='bbox 405 1544 578 1575; x_wconf 85' lang='lat' dir='ltr'><strong>inveniunt.</strong></span> <span class='ocrx_word' id='word_1_228' title='bbox 601 1554 661 1584; x_wconf 92' lang='lat' dir='ltr'><strong>quo</strong></span> <span class='ocrx_word' id='word_1_229' title='bbox 691 1554 725 1575; x_wconf 86' lang='lat' dir='ltr'><strong>se</strong></span> <span class='ocrx_word' id='word_1_230' title='bbox 755 1543 899 1575; x_wconf 81' lang='lat' dir='ltr'><strong>fulciant.</strong></span> <span class='ocrx_word' id='word_1_231' title='bbox 946 1542 1016 1574; x_wconf 88' lang='lat' dir='ltr'><strong>Nisi</strong></span> <span class='ocrx_word' id='word_1_232' title='bbox 1046 1543 1132 1575; x_wconf 90' lang='lat' dir='ltr'><strong>enim</strong></span> <span class='ocrx_word' id='word_1_233' title='bbox 1164 1554 1270 1575; x_wconf 85' lang='lat' dir='ltr'><strong>resur-</strong></span> 
     </span>
     <span class='ocr_line' id='line_1_32' title="bbox 302 1585 1270 1627; baseline 0 -9"><span class='ocrx_word' id='word_1_234' title='bbox 302 1585 416 1627; x_wconf 88' lang='lat' dir='ltr'><strong>gendo,</strong></span> <span class='ocrx_word' id='word_1_235' title='bbox 449 1586 487 1618; x_wconf 89' lang='lat' dir='ltr'><strong>de</strong></span> <span class='ocrx_word' id='word_1_236' title='bbox 517 1591 621 1618; x_wconf 90' lang='lat' dir='ltr'><strong>morte</strong></span> <span class='ocrx_word' id='word_1_237' title='bbox 648 1587 891 1627; x_wconf 83' lang='lat' dir='ltr'><strong>triumphasset,</strong></span> <span class='ocrx_word' id='word_1_238' title='bbox 927 1596 963 1617; x_wconf 84' lang='lat' dir='ltr'><strong>ac</strong></span> <span class='ocrx_word' id='word_1_239' title='bbox 994 1597 1078 1618; x_wconf 91' lang='lat' dir='ltr'><strong>nunc</strong></span> <span class='ocrx_word' id='word_1_240' title='bbox 1109 1596 1270 1618; x_wconf 89' lang='lat' dir='ltr'><strong>summum</strong></span> 
     </span>
     <span class='ocr_line' id='line_1_33' title="bbox 301 1629 1272 1670; baseline 0.001 -10"><span class='ocrx_word' id='word_1_241' title='bbox 301 1630 518 1670; x_wconf 83' lang='lat' dir='ltr'><strong>principatum</strong></span> <span class='ocrx_word' id='word_1_242' title='bbox 543 1634 666 1661; x_wconf 89' lang='lat' dir='ltr'><strong>teneret</strong></span> <span class='ocrx_word' id='word_1_243' title='bbox 689 1629 728 1661; x_wconf 86' lang='lat' dir='ltr'><strong>ad</strong></span> <span class='ocrx_word' id='word_1_244' title='bbox 748 1639 807 1661; x_wconf 89' lang='lat' dir='ltr'><strong>nos</strong></span> <span class='ocrx_word' id='word_1_245' title='bbox 829 1639 887 1661; x_wconf 88' lang='lat' dir='ltr'><strong>sua</strong></span> <span class='ocrx_word' id='word_1_246' title='bbox 906 1629 1027 1660; x_wconf 85' lang='lat' dir='ltr'><strong>virtute</strong></span> <span class='ocrx_word' id='word_1_247' title='bbox 1046 1629 1272 1670; x_wconf 89' lang='lat' dir='ltr'><strong>protegendos,</strong></span> 
     </span>
     <span class='ocr_line' id='line_1_34' title="bbox 303 1672 1272 1712; baseline 0.001 -9"><span class='ocrx_word' id='word_1_248' title='bbox 303 1672 379 1712; x_wconf 91' lang='lat' dir='ltr'><strong>quid</strong></span> <span class='ocrx_word' id='word_1_249' title='bbox 403 1672 495 1704; x_wconf 89' lang='lat' dir='ltr'><strong>nobis</strong></span> <span class='ocrx_word' id='word_1_250' title='bbox 519 1673 610 1704; x_wconf 87' lang='lat' dir='ltr'><strong>fieret</strong></span> <span class='ocrx_word' id='word_1_251' title='bbox 631 1672 665 1703; x_wconf 87' lang='lat' dir='ltr'><strong>in</strong></span> <span class='ocrx_word' id='word_1_252' title='bbox 690 1675 781 1704; x_wconf 85' lang='lat' dir='ltr'><strong>tanta</strong></span> <span class='ocrx_word' id='word_1_253' title='bbox 797 1672 938 1703; x_wconf 90' lang='lat' dir='ltr'><strong>hostium</strong></span> <span class='ocrx_word' id='word_1_254' title='bbox 962 1672 1116 1712; x_wconf 88' lang='lat' dir='ltr'><strong>potentia,</strong></span> <span class='ocrx_word' id='word_1_255' title='bbox 1140 1675 1172 1704; x_wconf 87' lang='lat' dir='ltr'><strong>et</strong></span> <span class='ocrx_word' id='word_1_256' title='bbox 1188 1673 1272 1704; x_wconf 89' lang='lat' dir='ltr'><strong>inter</strong></span> 
     </span>
     <span class='ocr_line' id='line_1_35' title="bbox 303 1714 1272 1755; baseline 0 -9"><span class='ocrx_word' id='word_1_257' title='bbox 303 1720 369 1746; x_wconf 81' lang='lat' dir='ltr'><strong>tam</strong></span> <span class='ocrx_word' id='word_1_258' title='bbox 393 1715 552 1747; x_wconf 76' lang='lat' dir='ltr'><strong>violentos</strong></span> <span class='ocrx_word' id='word_1_259' title='bbox 578 1714 741 1746; x_wconf 74' lang='lat' dir='ltr'><strong>insultus?</strong></span> <span class='ocrx_word' id='word_1_260' title='bbox 785 1715 960 1747; x_wconf 83' lang='lat' dir='ltr'><strong>Discamus</strong></span> <span class='ocrx_word' id='word_1_261' title='bbox 991 1716 1098 1755; x_wconf 85' lang='lat' dir='ltr'><strong>itaque</strong></span> <span class='ocrx_word' id='word_1_262' title='bbox 1120 1715 1154 1746; x_wconf 89' lang='lat' dir='ltr'><strong>in</strong></span> <span class='ocrx_word' id='word_1_263' title='bbox 1178 1725 1272 1755; x_wconf 90' lang='lat' dir='ltr'><strong>quem</strong></span> 
     </span>
     <span class='ocr_line' id='line_1_36' title="bbox 303 1757 1274 1798; baseline 0 -9"><span class='ocrx_word' id='word_1_264' title='bbox 303 1766 435 1798; x_wconf 88' lang='lat' dir='ltr'><strong>scopum</strong></span> <span class='ocrx_word' id='word_1_265' title='bbox 454 1757 618 1790; x_wconf 89' lang='lat' dir='ltr'><strong>collimare</strong></span> <span class='ocrx_word' id='word_1_266' title='bbox 641 1768 700 1790; x_wconf 90' lang='lat' dir='ltr'><strong>nos</strong></span> <span class='ocrx_word' id='word_1_267' title='bbox 716 1763 872 1798; x_wconf 83' lang='lat' dir='ltr'><strong>oporteat,</strong></span> <span class='ocrx_word' id='word_1_268' title='bbox 896 1762 931 1788; x_wconf 90' lang='lat' dir='ltr'><strong>ut</strong></span> <span class='ocrx_word' id='word_1_269' title='bbox 948 1768 1023 1789; x_wconf 87' lang='lat' dir='ltr'><strong>vere</strong></span> <span class='ocrx_word' id='word_1_270' title='bbox 1039 1757 1176 1790; x_wconf 87' lang='lat' dir='ltr'><strong>fidamus</strong></span> <span class='ocrx_word' id='word_1_271' title='bbox 1192 1758 1274 1790; x_wconf 92' lang='lat' dir='ltr'><strong>Deo.</strong></span> 
     </span>
    </p>

    <p class='ocr_par' dir='ltr' id='par_1_4' title="bbox 304 1800 1275 1884">
     <span class='ocr_line' id='line_1_37' title="bbox 389 1800 1275 1840; baseline 0 -8"><span class='ocrx_word' id='word_1_272' title='bbox 389 1801 440 1832; x_wconf 81' lang='lat'><strong>22.</strong></span> <span class='ocrx_word' id='word_1_273' title='bbox 463 1800 670 1840; x_wconf 73' lang='lat' dir='ltr'><strong>Purificantes</strong></span> <span class='ocrx_word' id='word_1_274' title='bbox 690 1802 817 1833; x_wconf 72' lang='lat' dir='ltr'><strong>animas</strong></span> <span class='ocrx_word' id='word_1_275' title='bbox 837 1803 967 1833; x_wconf 81' lang='lat' dir='ltr'><strong>vestras.</strong></span> <span class='ocrx_word' id='word_1_276' title='bbox 1011 1801 1168 1832; x_wconf 85' lang='lat' dir='ltr'><strong>Erasmus</strong></span> <span class='ocrx_word' id='word_1_277' title='bbox 1190 1801 1275 1832; x_wconf 89' lang='lat' dir='ltr'><strong>male</strong></span> 
     </span>
     <span class='ocr_line' id='line_1_38' title="bbox 304 1843 1275 1884; baseline 0 -9"><span class='ocrx_word' id='word_1_278' title='bbox 304 1844 413 1883; x_wconf 85' lang='lat' dir='ltr'><strong>vertit,</strong></span> <span class='ocrx_word' id='word_1_279' title='bbox 436 1843 502 1883; x_wconf 76' lang='lat' dir='ltr'><strong>Qui</strong></span> <span class='ocrx_word' id='word_1_280' title='bbox 526 1844 733 1884; x_wconf 88' lang='lat' dir='ltr'><strong>purificastis.</strong></span> <span class='ocrx_word' id='word_1_281' title='bbox 767 1844 841 1875; x_wconf 90' lang='lat' dir='ltr'><strong>Non</strong></span> <span class='ocrx_word' id='word_1_282' title='bbox 865 1843 951 1874; x_wconf 90' lang='lat' dir='ltr'><strong>enim</strong></span> <span class='ocrx_word' id='word_1_283' title='bbox 973 1844 1137 1884; x_wconf 85' lang='lat' dir='ltr'><strong>praedicat</strong></span> <span class='ocrx_word' id='word_1_284' title='bbox 1152 1848 1275 1884; x_wconf 87' lang='lat' dir='ltr'><strong>aposto-</strong></span> 
     </span>
    </p>
   </div>
   <div class='ocr_carea' id='block_1_3' title="bbox 305 1886 1303 1927">
    <p class='ocr_par' dir='ltr' id='par_1_5' title="bbox 305 1886 1303 1927">
     <span class='ocr_line' id='line_1_39' title="bbox 305 1886 1303 1927; baseline 0.001 -10"><span class='ocrx_word' id='word_1_285' title='bbox 305 1887 356 1918; x_wconf 88' lang='lat' dir='ltr'><strong>lus</strong></span> <span class='ocrx_word' id='word_1_286' title='bbox 379 1886 491 1927; x_wconf 88' lang='lat' dir='ltr'><strong>quales</strong></span> <span class='ocrx_word' id='word_1_287' title='bbox 514 1887 589 1927; x_wconf 87' lang='lat' dir='ltr'><strong>sint,</strong></span> <span class='ocrx_word' id='word_1_288' title='bbox 619 1887 674 1918; x_wconf 89' lang='lat' dir='ltr'><strong>sed</strong></span> <span class='ocrx_word' id='word_1_289' title='bbox 698 1886 809 1927; x_wconf 84' lang='lat' dir='ltr'><strong>quales</strong></span> <span class='ocrx_word' id='word_1_290' title='bbox 839 1886 977 1918; x_wconf 90' lang='lat' dir='ltr'><strong>debeant</strong></span> <span class='ocrx_word' id='word_1_291' title='bbox 1007 1897 1086 1926; x_wconf 86' lang='lat' dir='ltr'><strong>esse,</strong></span> <span class='ocrx_word' id='word_1_292' title='bbox 1115 1886 1274 1918; x_wconf 85' lang='lat' dir='ltr'><strong>admonet.</strong></span> <span class='ocrx_word' id='word_1_293' title='bbox 1302 1887 1303 1894; x_wconf 61' lang='lat'>¹</span> 
     </span>
    </p>
   </div>
   <div class='ocr_carea' id='block_1_4' title="bbox 306 1929 1280 2698">
    <p class='ocr_par' dir='ltr' id='par_1_6' title="bbox 306 1929 1280 2698">
     <span class='ocr_line' id='line_1_40' title="bbox 306 1929 1275 1970; baseline 0 -10"><span class='ocrx_word' id='word_1_294' title='bbox 306 1929 368 1961; x_wconf 85' lang='lat' dir='ltr'><strong>Est</strong></span> <span class='ocrx_word' id='word_1_295' title='bbox 401 1929 528 1969; x_wconf 88' lang='lat' dir='ltr'><strong>quidem</strong></span> <span class='ocrx_word' id='word_1_296' title='bbox 563 1930 769 1970; x_wconf 85' lang='lat' dir='ltr'><strong>participium</strong></span> <span class='ocrx_word' id='word_1_297' title='bbox 808 1930 976 1970; x_wconf 88' lang='lat' dir='ltr'><strong>praeteriti</strong></span> <span class='ocrx_word' id='word_1_298' title='bbox 1010 1929 1181 1970; x_wconf 87' lang='lat' dir='ltr'><strong>temporis:</strong></span> <span class='ocrx_word' id='word_1_299' title='bbox 1220 1929 1275 1961; x_wconf 90' lang='lat' dir='ltr'><strong>sed</strong></span> 
     </span>
     <span class='ocr_line' id='line_1_41' title="bbox 306 1970 1275 2013; baseline 0.001 -11"><span class='ocrx_word' id='word_1_300' title='bbox 306 1970 389 2012; x_wconf 87' lang='lat' dir='ltr'><strong>quod</strong></span> <span class='ocrx_word' id='word_1_301' title='bbox 422 1972 456 2002; x_wconf 91' lang='lat' dir='ltr'><strong>in</strong></span> <span class='ocrx_word' id='word_1_302' title='bbox 485 1973 678 2013; x_wconf 85' lang='lat' dir='ltr'><strong>gerundium</strong></span> <span class='ocrx_word' id='word_1_303' title='bbox 710 1973 828 2004; x_wconf 88' lang='lat' dir='ltr'><strong>resolvi</strong></span> <span class='ocrx_word' id='word_1_304' title='bbox 857 1976 973 2013; x_wconf 86' lang='lat' dir='ltr'><strong>potest,</strong></span> <span class='ocrx_word' id='word_1_305' title='bbox 1007 1972 1130 2004; x_wconf 88' lang='lat' dir='ltr'><strong>animas</strong></span> <span class='ocrx_word' id='word_1_306' title='bbox 1164 1973 1275 2012; x_wconf 89' lang='lat' dir='ltr'><strong>purifi—</strong></span> 
     </span>
     <span class='ocr_line' id='line_1_42' title="bbox 308 2013 1276 2055; baseline 0.002 -11"><span class='ocrx_word' id='word_1_307' title='bbox 308 2013 419 2050; x_wconf 80' lang='lat' dir='ltr'><strong>cando,</strong></span> <span class='ocrx_word' id='word_1_308' title='bbox 450 2019 510 2046; x_wconf 86' lang='lat' dir='ltr'><strong>etc.</strong></span> <span class='ocrx_word' id='word_1_309' title='bbox 561 2015 686 2047; x_wconf 85' lang='lat' dir='ltr'><strong>Sensus</strong></span> <span class='ocrx_word' id='word_1_310' title='bbox 717 2020 824 2046; x_wconf 86' lang='lat' dir='ltr'><strong>autem</strong></span> <span class='ocrx_word' id='word_1_311' title='bbox 857 2020 914 2055; x_wconf 89' lang='lat' dir='ltr'><strong>est,</strong></span> <span class='ocrx_word' id='word_1_312' title='bbox 950 2025 1013 2046; x_wconf 90' lang='lat' dir='ltr'><strong>non</strong></span> <span class='ocrx_word' id='word_1_313' title='bbox 1044 2015 1112 2046; x_wconf 87' lang='lat' dir='ltr'><strong>fore</strong></span> <span class='ocrx_word' id='word_1_314' title='bbox 1143 2025 1276 2055; x_wconf 84' lang='lat' dir='ltr'><strong>capaces</strong></span> 
     </span>
     <span class='ocr_line' id='line_1_43' title="bbox 308 2056 1277 2098; baseline 0.003 -12"><span class='ocrx_word' id='word_1_315' title='bbox 308 2056 431 2097; x_wconf 87' lang='lat' dir='ltr'><strong>gratiae</strong></span> <span class='ocrx_word' id='word_1_316' title='bbox 455 2057 579 2089; x_wconf 88' lang='lat' dir='ltr'><strong>animas</strong></span> <span class='ocrx_word' id='word_1_317' title='bbox 603 2062 738 2095; x_wconf 88' lang='lat' dir='ltr'><strong>nostras,</strong></span> <span class='ocrx_word' id='word_1_318' title='bbox 763 2058 864 2090; x_wconf 87' lang='lat' dir='ltr'><strong>donec</strong></span> <span class='ocrx_word' id='word_1_319' title='bbox 882 2062 1040 2098; x_wconf 86' lang='lat' dir='ltr'><strong>purgatae</strong></span> <span class='ocrx_word' id='word_1_320' title='bbox 1059 2058 1189 2095; x_wconf 89' lang='lat' dir='ltr'><strong>fuerint,</strong></span> <span class='ocrx_word' id='word_1_321' title='bbox 1214 2068 1277 2098; x_wconf 90' lang='lat' dir='ltr'><strong>quo</strong></span> 
     </span>
     <span class='ocr_line' id='line_1_44' title="bbox 308 2099 1275 2142; baseline 0.002 -12"><span class='ocrx_word' id='word_1_322' title='bbox 308 2099 531 2131; x_wconf 80' lang='lat' dir='ltr'><strong>immundities</strong></span> <span class='ocrx_word' id='word_1_323' title='bbox 560 2103 670 2132; x_wconf 81' lang='lat' dir='ltr'><strong>nostra</strong></span> <span class='ocrx_word' id='word_1_324' title='bbox 700 2101 856 2142; x_wconf 83' lang='lat' dir='ltr'><strong>arguitur.</strong></span> <span class='ocrx_word' id='word_1_325' title='bbox 906 2100 971 2132; x_wconf 86' lang='lat' dir='ltr'><strong>Sed</strong></span> <span class='ocrx_word' id='word_1_326' title='bbox 1001 2111 1042 2132; x_wconf 90' lang='lat' dir='ltr'><strong>ne</strong></span> <span class='ocrx_word' id='word_1_327' title='bbox 1073 2101 1137 2133; x_wconf 86' lang='lat' dir='ltr'><strong>vim</strong></span> <span class='ocrx_word' id='word_1_328' title='bbox 1164 2101 1275 2141; x_wconf 89' lang='lat' dir='ltr'><strong>purifi-</strong></span> 
     </span>
     <span class='ocr_line' id='line_1_45' title="bbox 309 2142 1276 2176; baseline 0.001 -2"><span class='ocrx_word' id='word_1_329' title='bbox 309 2142 405 2174; x_wconf 87' lang='lat' dir='ltr'><strong>candi</strong></span> <span class='ocrx_word' id='word_1_330' title='bbox 428 2143 553 2174; x_wconf 88' lang='lat' dir='ltr'><strong>animas</strong></span> <span class='ocrx_word' id='word_1_331' title='bbox 582 2143 729 2174; x_wconf 87' lang='lat' dir='ltr'><strong>videatur</strong></span> <span class='ocrx_word' id='word_1_332' title='bbox 759 2143 851 2175; x_wconf 90' lang='lat' dir='ltr'><strong>nobis</strong></span> <span class='ocrx_word' id='word_1_333' title='bbox 874 2143 1073 2176; x_wconf 86' lang='lat' dir='ltr'><strong>adscribere:</strong></span> <span class='ocrx_word' id='word_1_334' title='bbox 1104 2153 1181 2175; x_wconf 84' lang='lat' dir='ltr'><strong>mox</strong></span> <span class='ocrx_word' id='word_1_335' title='bbox 1208 2153 1276 2175; x_wconf 89' lang='lat' dir='ltr'><strong>cor-</strong></span> 
     </span>
     <span class='ocr_line' id='line_1_46' title="bbox 310 2185 1276 2226; baseline 0.001 -11"><span class='ocrx_word' id='word_1_336' title='bbox 310 2185 486 2217; x_wconf 85' lang='lat' dir='ltr'><strong>rectionem</strong></span> <span class='ocrx_word' id='word_1_337' title='bbox 521 2185 619 2224; x_wconf 87' lang='lat' dir='ltr'><strong>addit,</strong></span> <span class='ocrx_word' id='word_1_338' title='bbox 656 2196 726 2226; x_wconf 93' lang='lat' dir='ltr'><strong>per</strong></span> <span class='ocrx_word' id='word_1_339' title='bbox 765 2187 973 2226; x_wconf 88' lang='lat' dir='ltr'><strong>spiritum,</strong></span> <span class='ocrx_word' id='word_1_340' title='bbox 1011 2197 1046 2218; x_wconf 89' lang='lat' dir='ltr'><strong>ac</strong></span> <span class='ocrx_word' id='word_1_341' title='bbox 1080 2187 1107 2218; x_wconf 92' lang='lat' dir='ltr'><strong>si</strong></span> <span class='ocrx_word' id='word_1_342' title='bbox 1142 2187 1276 2218; x_wconf 88' lang='lat' dir='ltr'><strong>diceret:</strong></span> 
     </span>
     <span class='ocr_line' id='line_1_47' title="bbox 310 2227 1278 2270; baseline 0.002 -12"><span class='ocrx_word' id='word_1_343' title='bbox 310 2227 505 2268; x_wconf 89' lang='lat' dir='ltr'><strong>Purgandae</strong></span> <span class='ocrx_word' id='word_1_344' title='bbox 527 2233 603 2260; x_wconf 88' lang='lat' dir='ltr'><strong>sunt</strong></span> <span class='ocrx_word' id='word_1_345' title='bbox 626 2229 766 2261; x_wconf 88' lang='lat' dir='ltr'><strong>animae:</strong></span> <span class='ocrx_word' id='word_1_346' title='bbox 798 2229 855 2260; x_wconf 90' lang='lat' dir='ltr'><strong>sed</strong></span> <span class='ocrx_word' id='word_1_347' title='bbox 884 2229 957 2269; x_wconf 87' lang='lat' dir='ltr'><strong>quia</strong></span> <span class='ocrx_word' id='word_1_348' title='bbox 985 2229 1017 2260; x_wconf 91' lang='lat' dir='ltr'><strong>id</strong></span> <span class='ocrx_word' id='word_1_349' title='bbox 1040 2240 1105 2261; x_wconf 90' lang='lat' dir='ltr'><strong>non</strong></span> <span class='ocrx_word' id='word_1_350' title='bbox 1135 2229 1278 2270; x_wconf 85' lang='lat' dir='ltr'><strong>potestis,</strong></span> 
     </span>
     <span class='ocr_line' id='line_1_48' title="bbox 311 2270 1277 2313; baseline 0.003 -13"><span class='ocrx_word' id='word_1_351' title='bbox 311 2270 424 2301; x_wconf 88' lang='lat' dir='ltr'><strong>offerte</strong></span> <span class='ocrx_word' id='word_1_352' title='bbox 446 2281 500 2302; x_wconf 86' lang='lat' dir='ltr'><strong>eas</strong></span> <span class='ocrx_word' id='word_1_353' title='bbox 520 2271 598 2309; x_wconf 91' lang='lat' dir='ltr'><strong>Deo,</strong></span> <span class='ocrx_word' id='word_1_354' title='bbox 622 2276 658 2302; x_wconf 88' lang='lat' dir='ltr'><strong>ut</strong></span> <span class='ocrx_word' id='word_1_355' title='bbox 681 2282 738 2312; x_wconf 91' lang='lat' dir='ltr'><strong>per</strong></span> <span class='ocrx_word' id='word_1_356' title='bbox 761 2272 911 2313; x_wconf 88' lang='lat' dir='ltr'><strong>spiritum</strong></span> <span class='ocrx_word' id='word_1_357' title='bbox 934 2282 1029 2303; x_wconf 88' lang='lat' dir='ltr'><strong>suum</strong></span> <span class='ocrx_word' id='word_1_358' title='bbox 1053 2272 1145 2304; x_wconf 89' lang='lat' dir='ltr'><strong>tollat</strong></span> <span class='ocrx_word' id='word_1_359' title='bbox 1167 2282 1277 2304; x_wconf 89' lang='lat' dir='ltr'><strong>earum</strong></span> 
     </span>
     <span class='ocr_line' id='line_1_49' title="bbox 308 2313 1278 2356; baseline 0.002 -12"><span class='ocrx_word' id='word_1_360' title='bbox 308 2313 557 2345; x_wconf 88' lang='lat' dir='ltr'><strong>immunditiem.</strong></span> <span class='ocrx_word' id='word_1_361' title='bbox 594 2314 730 2346; x_wconf 88' lang='lat' dir='ltr'><strong>Animas</strong></span> <span class='ocrx_word' id='word_1_362' title='bbox 753 2319 881 2346; x_wconf 88' lang='lat' dir='ltr'><strong>tantum</strong></span> <span class='ocrx_word' id='word_1_363' title='bbox 898 2316 1060 2346; x_wconf 88' lang='lat' dir='ltr'><strong>nominat:</strong></span> <span class='ocrx_word' id='word_1_364' title='bbox 1084 2324 1278 2356; x_wconf 88' lang='lat' dir='ltr'><strong>quamquam</strong></span> 
     </span>
     <span class='ocr_line' id='line_1_50' title="bbox 311 2356 1277 2398; baseline 0.001 -11"><span class='ocrx_word' id='word_1_365' title='bbox 311 2366 329 2387; x_wconf 93' lang='lat' dir='ltr'><strong>a</strong></span> <span class='ocrx_word' id='word_1_366' title='bbox 352 2358 458 2388; x_wconf 89' lang='lat' dir='ltr'><strong>carnis</strong></span> <span class='ocrx_word' id='word_1_367' title='bbox 481 2356 577 2388; x_wconf 88' lang='lat' dir='ltr'><strong>etiam</strong></span> <span class='ocrx_word' id='word_1_368' title='bbox 601 2357 858 2397; x_wconf 87' lang='lat' dir='ltr'><strong>inquinamentis</strong></span> <span class='ocrx_word' id='word_1_369' title='bbox 881 2367 941 2389; x_wconf 88' lang='lat' dir='ltr'><strong>nos</strong></span> <span class='ocrx_word' id='word_1_370' title='bbox 964 2357 1113 2390; x_wconf 89' lang='lat' dir='ltr'><strong>mundari</strong></span> <span class='ocrx_word' id='word_1_371' title='bbox 1136 2361 1277 2398; x_wconf 87' lang='lat' dir='ltr'><strong>oportet:</strong></span> 
     </span>
     <span class='ocr_line' id='line_1_51' title="bbox 311 2399 1279 2438; baseline 0.002 -8"><span class='ocrx_word' id='word_1_372' title='bbox 311 2399 581 2438; x_wconf 88' lang='lat' dir='ltr'><strong>quemadmodum</strong></span> <span class='ocrx_word' id='word_1_373' title='bbox 613 2400 701 2432; x_wconf 88' lang='lat' dir='ltr'><strong>iubet</strong></span> <span class='ocrx_word' id='word_1_374' title='bbox 731 2401 854 2432; x_wconf 87' lang='lat' dir='ltr'><strong>Paulus</strong></span> <span class='ocrx_word' id='word_1_375' title='bbox 882 2400 912 2433; x_wconf 81' lang='lat'><strong>2.</strong></span> <span class='ocrx_word' id='word_1_376' title='bbox 936 2400 1085 2433; x_wconf 86' lang='lat' dir='ltr'><strong>Corinth.</strong></span> <span class='ocrx_word' id='word_1_377' title='bbox 1108 2401 1136 2438; x_wconf 82' lang='lat'><strong>7,</strong></span> <span class='ocrx_word' id='word_1_378' title='bbox 1164 2401 1192 2438; x_wconf 91' lang='lat'><strong>1,</strong></span> <span class='ocrx_word' id='word_1_379' title='bbox 1222 2400 1279 2432; x_wconf 89' lang='lat' dir='ltr'><strong>sed</strong></span> 
     </span>
     <span class='ocr_line' id='line_1_52' title="bbox 311 2442 1278 2483; baseline 0.001 -10"><span class='ocrx_word' id='word_1_380' title='bbox 311 2442 384 2482; x_wconf 84' lang='lat' dir='ltr'><strong>quia</strong></span> <span class='ocrx_word' id='word_1_381' title='bbox 407 2443 579 2483; x_wconf 86' lang='lat' dir='ltr'><strong>praecipua</strong></span> <span class='ocrx_word' id='word_1_382' title='bbox 609 2447 658 2474; x_wconf 89' lang='lat' dir='ltr'><strong>est</strong></span> <span class='ocrx_word' id='word_1_383' title='bbox 680 2443 813 2475; x_wconf 87' lang='lat' dir='ltr'><strong>interior</strong></span> <span class='ocrx_word' id='word_1_384' title='bbox 839 2443 1024 2483; x_wconf 90' lang='lat' dir='ltr'><strong>mundities,</strong></span> <span class='ocrx_word' id='word_1_385' title='bbox 1056 2448 1088 2475; x_wconf 92' lang='lat' dir='ltr'><strong>et</strong></span> <span class='ocrx_word' id='word_1_386' title='bbox 1110 2448 1278 2476; x_wconf 84' lang='lat' dir='ltr'><strong>externam</strong></span> 
     </span>
     <span class='ocr_line' id='line_1_53' title="bbox 311 2484 1278 2524; baseline 0.001 -8"><span class='ocrx_word' id='word_1_387' title='bbox 311 2494 420 2516; x_wconf 87' lang='lat' dir='ltr'><strong>secum</strong></span> <span class='ocrx_word' id='word_1_388' title='bbox 444 2486 623 2517; x_wconf 84' lang='lat' dir='ltr'><strong>necessario</strong></span> <span class='ocrx_word' id='word_1_389' title='bbox 646 2486 756 2524; x_wconf 85' lang='lat' dir='ltr'><strong>trahit,</strong></span> <span class='ocrx_word' id='word_1_390' title='bbox 781 2487 849 2518; x_wconf 91' lang='lat' dir='ltr'><strong>eius</strong></span> <span class='ocrx_word' id='word_1_391' title='bbox 866 2490 993 2518; x_wconf 89' lang='lat' dir='ltr'><strong>tantum</strong></span> <span class='ocrx_word' id='word_1_392' title='bbox 1017 2487 1214 2518; x_wconf 86' lang='lat' dir='ltr'><strong>mentionem</strong></span> <span class='ocrx_word' id='word_1_393' title='bbox 1232 2484 1278 2517; x_wconf 87' lang='lat' dir='ltr'><strong>fa-</strong></span> 
     </span>
     <span class='ocr_line' id='line_1_54' title="bbox 312 2527 1279 2567; baseline 0.002 -9"><span class='ocrx_word' id='word_1_394' title='bbox 312 2536 384 2558; x_wconf 88' lang='lat' dir='ltr'><strong>cere</strong></span> <span class='ocrx_word' id='word_1_395' title='bbox 406 2529 484 2560; x_wconf 88' lang='lat' dir='ltr'><strong>satis</strong></span> <span class='ocrx_word' id='word_1_396' title='bbox 507 2527 621 2560; x_wconf 90' lang='lat' dir='ltr'><strong>habuit</strong></span> <span class='ocrx_word' id='word_1_397' title='bbox 643 2528 777 2560; x_wconf 88' lang='lat' dir='ltr'><strong>Petrus:</strong></span> <span class='ocrx_word' id='word_1_398' title='bbox 802 2538 839 2561; x_wconf 86' lang='lat' dir='ltr'><strong>ac</strong></span> <span class='ocrx_word' id='word_1_399' title='bbox 862 2529 888 2560; x_wconf 89' lang='lat' dir='ltr'><strong>si</strong></span> <span class='ocrx_word' id='word_1_400' title='bbox 912 2529 1055 2567; x_wconf 85' lang='lat' dir='ltr'><strong>dixisset,</strong></span> <span class='ocrx_word' id='word_1_401' title='bbox 1085 2540 1149 2561; x_wconf 89' lang='lat' dir='ltr'><strong>non</strong></span> <span class='ocrx_word' id='word_1_402' title='bbox 1172 2533 1279 2561; x_wconf 86' lang='lat' dir='ltr'><strong>exter-</strong></span> 
     </span>
     <span class='ocr_line' id='line_1_55' title="bbox 311 2571 1280 2613; baseline 0.002 -13"><span class='ocrx_word' id='word_1_403' title='bbox 311 2579 371 2601; x_wconf 89' lang='lat' dir='ltr'><strong>nas</strong></span> <span class='ocrx_word' id='word_1_404' title='bbox 393 2571 489 2602; x_wconf 88' lang='lat' dir='ltr'><strong>modo</strong></span> <span class='ocrx_word' id='word_1_405' title='bbox 515 2571 657 2603; x_wconf 86' lang='lat' dir='ltr'><strong>actiones</strong></span> <span class='ocrx_word' id='word_1_406' title='bbox 679 2572 796 2613; x_wconf 90' lang='lat' dir='ltr'><strong>corrigi</strong></span> <span class='ocrx_word' id='word_1_407' title='bbox 822 2576 977 2612; x_wconf 88' lang='lat' dir='ltr'><strong>oportere,</strong></span> <span class='ocrx_word' id='word_1_408' title='bbox 1009 2572 1064 2604; x_wconf 89' lang='lat' dir='ltr'><strong>sed</strong></span> <span class='ocrx_word' id='word_1_409' title='bbox 1094 2572 1190 2604; x_wconf 89' lang='lat' dir='ltr'><strong>corda</strong></span> <span class='ocrx_word' id='word_1_410' title='bbox 1210 2572 1280 2612; x_wconf 84' lang='lat' dir='ltr'><strong>ipsa</strong></span> 
     </span>
     <span class='ocr_line' id='line_1_56' title="bbox 311 2613 1278 2656; baseline 0.002 -12"><span class='ocrx_word' id='word_1_411' title='bbox 311 2613 442 2652; x_wconf 83' lang='lat' dir='ltr'><strong>penitus</strong></span> <span class='ocrx_word' id='word_1_412' title='bbox 472 2614 651 2646; x_wconf 80' lang='lat' dir='ltr'><strong>reformari.</strong></span> <span class='ocrx_word' id='word_1_413' title='bbox 703 2614 838 2646; x_wconf 88' lang='lat' dir='ltr'><strong>Modum</strong></span> <span class='ocrx_word' id='word_1_414' title='bbox 869 2619 980 2656; x_wconf 89' lang='lat' dir='ltr'><strong>postea</strong></span> <span class='ocrx_word' id='word_1_415' title='bbox 1007 2615 1170 2656; x_wconf 86' lang='lat' dir='ltr'><strong>designat:</strong></span> <span class='ocrx_word' id='word_1_416' title='bbox 1201 2624 1278 2646; x_wconf 84' lang='lat' dir='ltr'><strong>nam</strong></span> 
     </span>
     <span class='ocr_line' id='line_1_57' title="bbox 312 2655 1278 2698; baseline 0.003 -12"><span class='ocrx_word' id='word_1_417' title='bbox 312 2655 346 2686; x_wconf 90' lang='lat' dir='ltr'><strong>in</strong></span> <span class='ocrx_word' id='word_1_418' title='bbox 369 2666 406 2687; x_wconf 90' lang='lat' dir='ltr'><strong>eo</strong></span> <span class='ocrx_word' id='word_1_419' title='bbox 429 2656 489 2688; x_wconf 90' lang='lat' dir='ltr'><strong>sita</strong></span> <span class='ocrx_word' id='word_1_420' title='bbox 517 2661 566 2688; x_wconf 90' lang='lat' dir='ltr'><strong>est</strong></span> <span class='ocrx_word' id='word_1_421' title='bbox 589 2657 717 2689; x_wconf 87' lang='lat' dir='ltr'><strong>animae</strong></span> <span class='ocrx_word' id='word_1_422' title='bbox 747 2658 880 2698; x_wconf 87' lang='lat' dir='ltr'><strong>puritas,</strong></span> <span class='ocrx_word' id='word_1_423' title='bbox 909 2657 936 2690; x_wconf 88' lang='lat' dir='ltr'><strong>si</strong></span> <span class='ocrx_word' id='word_1_424' title='bbox 964 2668 1023 2689; x_wconf 91' lang='lat' dir='ltr'><strong>nos</strong></span> <span class='ocrx_word' id='word_1_425' title='bbox 1046 2657 1116 2691; x_wconf 93' lang='lat' dir='ltr'><strong>Deo</strong></span> <span class='ocrx_word' id='word_1_426' title='bbox 1144 2658 1178 2690; x_wconf 89' lang='lat' dir='ltr'><strong>in</strong></span> <span class='ocrx_word' id='word_1_427' title='bbox 1205 2657 1278 2690; x_wconf 87' lang='lat' dir='ltr'><strong>obe-</strong></span> 
     </span>
    </p>
   </div>
   <div class='ocr_carea' id='block_1_5' title="bbox 1295 306 1307 2479">
    <p class='ocr_par' dir='ltr' id='par_1_7' title="bbox 1295 306 1307 2479">
     <span class='ocr_line' id='line_1_58' title="bbox 1295 306 1307 2479; baseline 0 0"><span class='ocrx_word' id='word_1_428' title='bbox 1295 306 1307 2479; x_wconf 95' lang='lat' dir='ltr'><strong> </strong></span> 
     </span>
    </p>
   </div>
   <div class='ocr_carea' id='block_1_6' title="bbox 2234 209 2295 240">
    <p class='ocr_par' dir='ltr' id='par_1_8' title="bbox 2234 209 2295 240">
     <span class='ocr_line' id='line_1_59' title="bbox 2234 209 2295 240; baseline 0 0"><span class='ocrx_word' id='word_1_429' title='bbox 2234 209 2295 240; x_wconf 80' lang='lat'><strong>228</strong></span> 
     </span>
    </p>
   </div>
   <div class='ocr_carea' id='block_1_7' title="bbox 1324 301 2298 1841">
    <p class='ocr_par' dir='ltr' id='par_1_9' title="bbox 1324 301 2296 600">
     <span class='ocr_line' id='line_1_60' title="bbox 1324 301 2294 344; baseline 0.003 -10"><span class='ocrx_word' id='word_1_430' title='bbox 1324 303 1476 334; x_wconf 81' lang='lat' dir='ltr'><strong>dientiam</strong></span> <span class='ocrx_word' id='word_1_431' title='bbox 1509 303 1696 334; x_wconf 85' lang='lat' dir='ltr'><strong>addicimus.</strong></span> <span class='ocrx_word' id='word_1_432' title='bbox 1755 301 1979 334; x_wconf 84' lang='lat' dir='ltr'><strong>Veritatem</strong></span> <span class='ocrx_word' id='word_1_433' title='bbox 2010 303 2126 343; x_wconf 85' lang='lat' dir='ltr'><strong>accipit</strong></span> <span class='ocrx_word' id='word_1_434' title='bbox 2156 314 2213 344; x_wconf 87' lang='lat' dir='ltr'><strong>pro</strong></span> <span class='ocrx_word' id='word_1_435' title='bbox 2245 316 2294 337; x_wconf 94' lang='lat' dir='ltr'><strong>re-</strong></span> 
     </span>
     <span class='ocr_line' id='line_1_61' title="bbox 1324 345 2293 387; baseline 0.003 -11"><span class='ocrx_word' id='word_1_436' title='bbox 1324 346 1409 385; x_wconf 82' lang='lat' dir='ltr'><strong>gula,</strong></span> <span class='ocrx_word' id='word_1_437' title='bbox 1432 356 1526 386; x_wconf 79' lang='lat' dir='ltr'><strong>quam</strong></span> <span class='ocrx_word' id='word_1_438' title='bbox 1551 346 1643 376; x_wconf 88' lang='lat' dir='ltr'><strong>nobis</strong></span> <span class='ocrx_word' id='word_1_439' title='bbox 1660 345 1821 376; x_wconf 88' lang='lat' dir='ltr'><strong>Dominus</strong></span> <span class='ocrx_word' id='word_1_440' title='bbox 1846 346 1877 376; x_wconf 88' lang='lat' dir='ltr'><strong>in</strong></span> <span class='ocrx_word' id='word_1_441' title='bbox 1902 346 2072 387; x_wconf 84' lang='lat' dir='ltr'><strong>evangelio</strong></span> <span class='ocrx_word' id='word_1_442' title='bbox 2097 348 2293 386; x_wconf 87' lang='lat' dir='ltr'><strong>praescribit.</strong></span> 
     </span>
     <span class='ocr_line' id='line_1_62' title="bbox 1324 387 2296 429; baseline 0.002 -10"><span class='ocrx_word' id='word_1_443' title='bbox 1324 388 1436 428; x_wconf 85' lang='lat' dir='ltr'><strong>Neque</strong></span> <span class='ocrx_word' id='word_1_444' title='bbox 1461 394 1586 419; x_wconf 83' lang='lat' dir='ltr'><strong>tautum</strong></span> <span class='ocrx_word' id='word_1_445' title='bbox 1619 387 1658 418; x_wconf 86' lang='lat' dir='ltr'><strong>do</strong></span> <span class='ocrx_word' id='word_1_446' title='bbox 1681 388 1830 428; x_wconf 86' lang='lat' dir='ltr'><strong>oporibus</strong></span> <span class='ocrx_word' id='word_1_447' title='bbox 1854 389 1975 429; x_wconf 86' lang='lat' dir='ltr'><strong>agitur:</strong></span> <span class='ocrx_word' id='word_1_448' title='bbox 2007 389 2083 428; x_wconf 90' lang='lat' dir='ltr'><strong>quin</strong></span> <span class='ocrx_word' id='word_1_449' title='bbox 2115 389 2221 429; x_wconf 80' lang='lat' dir='ltr'><strong>potius</strong></span> <span class='ocrx_word' id='word_1_450' title='bbox 2246 390 2296 422; x_wconf 83' lang='lat' dir='ltr'><strong>hio</strong></span> 
     </span>
     <span class='ocr_line' id='line_1_63' title="bbox 1324 430 2294 471; baseline 0.001 -9"><span class='ocrx_word' id='word_1_451' title='bbox 1324 431 1402 462; x_wconf 87' lang='lat' dir='ltr'><strong>fides</strong></span> <span class='ocrx_word' id='word_1_452' title='bbox 1423 432 1597 471; x_wconf 83' lang='lat' dir='ltr'><strong>primatum</strong></span> <span class='ocrx_word' id='word_1_453' title='bbox 1622 436 1720 461; x_wconf 86' lang='lat' dir='ltr'><strong>tonet.</strong></span> <span class='ocrx_word' id='word_1_454' title='bbox 1766 430 1843 462; x_wconf 91' lang='lat' dir='ltr'><strong>Ideo</strong></span> <span class='ocrx_word' id='word_1_455' title='bbox 1871 430 2055 471; x_wconf 85' lang='lat' dir='ltr'><strong>specialiter</strong></span> <span class='ocrx_word' id='word_1_456' title='bbox 2079 431 2200 463; x_wconf 89' lang='lat' dir='ltr'><strong>Paulus</strong></span> <span class='ocrx_word' id='word_1_457' title='bbox 2224 443 2294 463; x_wconf 88' lang='lat' dir='ltr'><strong>eam</strong></span> 
     </span>
     <span class='ocr_line' id='line_1_64' title="bbox 1324 473 2296 514; baseline 0.001 -9"><span class='ocrx_word' id='word_1_458' title='bbox 1324 483 1393 505; x_wconf 86' lang='lat' dir='ltr'><strong>esse</strong></span> <span class='ocrx_word' id='word_1_459' title='bbox 1416 474 1525 511; x_wconf 79' lang='lat' dir='ltr'><strong>tradit,</strong></span> <span class='ocrx_word' id='word_1_460' title='bbox 1553 484 1615 514; x_wconf 82' lang='lat' dir='ltr'><strong>qua</strong></span> <span class='ocrx_word' id='word_1_461' title='bbox 1645 473 1811 504; x_wconf 90' lang='lat' dir='ltr'><strong>obedimus</strong></span> <span class='ocrx_word' id='word_1_462' title='bbox 1835 473 1914 512; x_wconf 92' lang='lat' dir='ltr'><strong>Deo,</strong></span> <span class='ocrx_word' id='word_1_463' title='bbox 1945 474 2038 505; x_wconf 87' lang='lat' dir='ltr'><strong>Rom.</strong></span> <span class='ocrx_word' id='word_1_464' title='bbox 2064 475 2168 514; x_wconf 92' lang='lat' dir='ltr'><strong>primo</strong></span> <span class='ocrx_word' id='word_1_465' title='bbox 2196 480 2225 506; x_wconf 84' lang='lat' dir='ltr'><strong>et</strong></span> <span class='ocrx_word' id='word_1_466' title='bbox 2252 476 2296 506; x_wconf 92' lang='lat' dir='ltr'><strong>ul-</strong></span> 
     </span>
     <span class='ocr_line' id='line_1_65' title="bbox 1324 516 2295 557; baseline 0.002 -11"><span class='ocrx_word' id='word_1_467' title='bbox 1324 517 1402 548; x_wconf 90' lang='lat' dir='ltr'><strong>timo</strong></span> <span class='ocrx_word' id='word_1_468' title='bbox 1426 517 1539 557; x_wconf 82' lang='lat' dir='ltr'><strong>capito,</strong></span> <span class='ocrx_word' id='word_1_469' title='bbox 1573 522 1604 548; x_wconf 88' lang='lat' dir='ltr'><strong>et</strong></span> <span class='ocrx_word' id='word_1_470' title='bbox 1628 517 1744 548; x_wconf 80' lang='lat' dir='ltr'><strong>Petrus</strong></span> <span class='ocrx_word' id='word_1_471' title='bbox 1773 517 1804 547; x_wconf 92' lang='lat' dir='ltr'><strong>in</strong></span> <span class='ocrx_word' id='word_1_472' title='bbox 1831 518 1900 548; x_wconf 84' lang='lat' dir='ltr'><strong>Act.</strong></span> <span class='ocrx_word' id='word_1_473' title='bbox 1923 516 1971 555; x_wconf 82' lang='lat'><strong>15,</strong></span> <span class='ocrx_word' id='word_1_474' title='bbox 1999 516 2058 548; x_wconf 88' lang='lat' dir='ltr'><strong>hoc</strong></span> <span class='ocrx_word' id='word_1_475' title='bbox 2086 517 2225 557; x_wconf 89' lang='lat' dir='ltr'><strong>elogium</strong></span> <span class='ocrx_word' id='word_1_476' title='bbox 2250 518 2295 549; x_wconf 91' lang='lat' dir='ltr'><strong>illi</strong></span> 
     </span>
     <span class='ocr_line' id='line_1_66' title="bbox 1325 558 2148 600; baseline 0.001 -10"><span class='ocrx_word' id='word_1_477' title='bbox 1325 558 1446 597; x_wconf 89' lang='lat' dir='ltr'><strong>tribuit,</strong></span> <span class='ocrx_word' id='word_1_478' title='bbox 1470 560 1553 599; x_wconf 86' lang='lat' dir='ltr'><strong>quod</strong></span> <span class='ocrx_word' id='word_1_479' title='bbox 1579 570 1634 599; x_wconf 88' lang='lat' dir='ltr'><strong>per</strong></span> <span class='ocrx_word' id='word_1_480' title='bbox 1659 569 1728 590; x_wconf 79' lang='lat' dir='ltr'><strong>eam</strong></span> <span class='ocrx_word' id='word_1_481' title='bbox 1754 558 1845 590; x_wconf 89' lang='lat' dir='ltr'><strong>Deus</strong></span> <span class='ocrx_word' id='word_1_482' title='bbox 1868 560 1966 591; x_wconf 81' lang='lat' dir='ltr'><strong>corda</strong></span> <span class='ocrx_word' id='word_1_483' title='bbox 1989 559 2148 600; x_wconf 87' lang='lat' dir='ltr'><strong>purificet.</strong></span> 
     </span>
    </p>

    <p class='ocr_par' dir='ltr' id='par_1_10' title="bbox 1324 601 2298 1841">
     <span class='ocr_line' id='line_1_67' title="bbox 1410 601 2295 643; baseline 0.002 -11"><span class='ocrx_word' id='word_1_484' title='bbox 1410 601 1451 633; x_wconf 81' lang='lat' dir='ltr'><strong>Iu</strong></span> <span class='ocrx_word' id='word_1_485' title='bbox 1471 603 1646 642; x_wconf 78' lang='lat' dir='ltr'><strong>fraternam</strong></span> <span class='ocrx_word' id='word_1_486' title='bbox 1668 602 1835 633; x_wconf 77' lang='lat' dir='ltr'><strong>caritatem.</strong></span> <span class='ocrx_word' id='word_1_487' title='bbox 1872 602 2023 634; x_wconf 86' lang='lat' dir='ltr'><strong>Breviter</strong></span> <span class='ocrx_word' id='word_1_488' title='bbox 2047 602 2196 634; x_wconf 86' lang='lat' dir='ltr'><strong>admonet</strong></span> <span class='ocrx_word' id='word_1_489' title='bbox 2220 603 2295 643; x_wconf 86' lang='lat' dir='ltr'><strong>quid</strong></span> 
     </span>
     <span class='ocr_line' id='line_1_68' title="bbox 1324 644 2295 685; baseline 0.002 -10"><span class='ocrx_word' id='word_1_490' title='bbox 1324 645 1494 684; x_wconf 80' lang='lat' dir='ltr'><strong>praecipue</strong></span> <span class='ocrx_word' id='word_1_491' title='bbox 1526 646 1557 676; x_wconf 90' lang='lat' dir='ltr'><strong>in</strong></span> <span class='ocrx_word' id='word_1_492' title='bbox 1583 646 1650 676; x_wconf 84' lang='lat' dir='ltr'><strong>vita</strong></span> <span class='ocrx_word' id='word_1_493' title='bbox 1678 649 1789 676; x_wconf 87' lang='lat' dir='ltr'><strong>nostra</strong></span> <span class='ocrx_word' id='word_1_494' title='bbox 1819 644 1928 685; x_wconf 81' lang='lat' dir='ltr'><strong>exigat</strong></span> <span class='ocrx_word' id='word_1_495' title='bbox 1953 645 2051 684; x_wconf 87' lang='lat' dir='ltr'><strong>Deus,</strong></span> <span class='ocrx_word' id='word_1_496' title='bbox 2081 649 2112 676; x_wconf 90' lang='lat' dir='ltr'><strong>et</strong></span> <span class='ocrx_word' id='word_1_497' title='bbox 2144 646 2176 676; x_wconf 91' lang='lat' dir='ltr'><strong>in</strong></span> <span class='ocrx_word' id='word_1_498' title='bbox 2199 656 2295 685; x_wconf 88' lang='lat' dir='ltr'><strong>quem</strong></span> 
     </span>
     <span class='ocr_line' id='line_1_69' title="bbox 1324 686 2294 728; baseline 0.002 -10"><span class='ocrx_word' id='word_1_499' title='bbox 1324 696 1455 727; x_wconf 90' lang='lat' dir='ltr'><strong>scopum</strong></span> <span class='ocrx_word' id='word_1_500' title='bbox 1485 688 1594 719; x_wconf 82' lang='lat' dir='ltr'><strong>studia</strong></span> <span class='ocrx_word' id='word_1_501' title='bbox 1625 688 1733 719; x_wconf 86' lang='lat' dir='ltr'><strong>omnia</strong></span> <span class='ocrx_word' id='word_1_502' title='bbox 1761 687 1929 728; x_wconf 88' lang='lat' dir='ltr'><strong>dirigenda</strong></span> <span class='ocrx_word' id='word_1_503' title='bbox 1959 687 2032 719; x_wconf 88' lang='lat' dir='ltr'><strong>sint.</strong></span> <span class='ocrx_word' id='word_1_504' title='bbox 2080 686 2135 719; x_wconf 84' lang='lat' dir='ltr'><strong>Sic</strong></span> <span class='ocrx_word' id='word_1_505' title='bbox 2165 688 2294 726; x_wconf 84' lang='lat' dir='ltr'><strong>Paulus,</strong></span> 
     </span>
     <span class='ocr_line' id='line_1_70' title="bbox 1324 729 2294 771; baseline 0.002 -11"><span class='ocrx_word' id='word_1_506' title='bbox 1324 739 1422 769; x_wconf 92' lang='lat' dir='ltr'><strong>quum</strong></span> <span class='ocrx_word' id='word_1_507' title='bbox 1446 730 1484 762; x_wconf 89' lang='lat' dir='ltr'><strong>de</strong></span> <span class='ocrx_word' id='word_1_508' title='bbox 1507 730 1650 762; x_wconf 89' lang='lat' dir='ltr'><strong>fidelium</strong></span> <span class='ocrx_word' id='word_1_509' title='bbox 1675 730 1871 770; x_wconf 79' lang='lat' dir='ltr'><strong>perfectione</strong></span> <span class='ocrx_word' id='word_1_510' title='bbox 1886 731 2104 767; x_wconf 85' lang='lat' dir='ltr'><strong>concionatur,</strong></span> <span class='ocrx_word' id='word_1_511' title='bbox 2129 729 2169 761; x_wconf 88' lang='lat' dir='ltr'><strong>ad</strong></span> <span class='ocrx_word' id='word_1_512' title='bbox 2186 730 2294 771; x_wconf 89' lang='lat' dir='ltr'><strong>Ephe-</strong></span> 
     </span>
     <span class='ocr_line' id='line_1_71' title="bbox 1325 772 2294 813; baseline 0.001 -10"><span class='ocrx_word' id='word_1_513' title='bbox 1325 772 1388 803; x_wconf 87' lang='lat' dir='ltr'><strong>sios</strong></span> <span class='ocrx_word' id='word_1_514' title='bbox 1411 773 1525 813; x_wconf 89' lang='lat' dir='ltr'><strong>primo,</strong></span> <span class='ocrx_word' id='word_1_515' title='bbox 1548 784 1618 805; x_wconf 86' lang='lat' dir='ltr'><strong>eam</strong></span> <span class='ocrx_word' id='word_1_516' title='bbox 1643 775 1675 804; x_wconf 91' lang='lat' dir='ltr'><strong>in</strong></span> <span class='ocrx_word' id='word_1_517' title='bbox 1704 775 1836 804; x_wconf 86' lang='lat' dir='ltr'><strong>caritate</strong></span> <span class='ocrx_word' id='word_1_518' title='bbox 1860 774 1982 805; x_wconf 88' lang='lat' dir='ltr'><strong>statuit.</strong></span> <span class='ocrx_word' id='word_1_519' title='bbox 2029 772 2124 812; x_wconf 78' lang='lat' dir='ltr'><strong>Quod</strong></span> <span class='ocrx_word' id='word_1_520' title='bbox 2155 783 2192 805; x_wconf 92' lang='lat' dir='ltr'><strong>eo</strong></span> <span class='ocrx_word' id='word_1_521' title='bbox 2223 773 2294 805; x_wconf 90' lang='lat' dir='ltr'><strong>dili·</strong></span> 
     </span>
     <span class='ocr_line' id='line_1_72' title="bbox 1324 815 2295 856; baseline 0.002 -10"><span class='ocrx_word' id='word_1_522' title='bbox 1324 815 1452 856; x_wconf 86' lang='lat' dir='ltr'><strong>gentius</strong></span> <span class='ocrx_word' id='word_1_523' title='bbox 1476 816 1653 847; x_wconf 88' lang='lat' dir='ltr'><strong>notandum</strong></span> <span class='ocrx_word' id='word_1_524' title='bbox 1678 821 1736 855; x_wconf 87' lang='lat' dir='ltr'><strong>est,</strong></span> <span class='ocrx_word' id='word_1_525' title='bbox 1760 816 1834 856; x_wconf 89' lang='lat' dir='ltr'><strong>quia</strong></span> <span class='ocrx_word' id='word_1_526' title='bbox 1857 816 1997 848; x_wconf 89' lang='lat' dir='ltr'><strong>mundus</strong></span> <span class='ocrx_word' id='word_1_527' title='bbox 2029 826 2118 848; x_wconf 82' lang='lat' dir='ltr'><strong>suam</strong></span> <span class='ocrx_word' id='word_1_528' title='bbox 2142 817 2295 848; x_wconf 87' lang='lat' dir='ltr'><strong>sanctita-</strong></span> 
     </span>
     <span class='ocr_line' id='line_1_73' title="bbox 1325 858 2293 899; baseline 0.002 -11"><span class='ocrx_word' id='word_1_529' title='bbox 1325 862 1388 889; x_wconf 89' lang='lat' dir='ltr'><strong>tem</strong></span> <span class='ocrx_word' id='word_1_530' title='bbox 1406 859 1438 889; x_wconf 92' lang='lat' dir='ltr'><strong>in</strong></span> <span class='ocrx_word' id='word_1_531' title='bbox 1463 859 1556 899; x_wconf 83' lang='lat' dir='ltr'><strong>nugis</strong></span> <span class='ocrx_word' id='word_1_532' title='bbox 1574 859 1680 891; x_wconf 90' lang='lat' dir='ltr'><strong>nescio</strong></span> <span class='ocrx_word' id='word_1_533' title='bbox 1696 858 1811 899; x_wconf 91' lang='lat' dir='ltr'><strong>quibus</strong></span> <span class='ocrx_word' id='word_1_534' title='bbox 1827 859 2030 898; x_wconf 88' lang='lat' dir='ltr'><strong>concludens,</strong></span> <span class='ocrx_word' id='word_1_535' title='bbox 2054 859 2115 890; x_wconf 90' lang='lat' dir='ltr'><strong>hoc</strong></span> <span class='ocrx_word' id='word_1_536' title='bbox 2130 869 2293 890; x_wconf 88' lang='lat' dir='ltr'><strong>summum</strong></span> 
     </span>
     <span class='ocr_line' id='line_1_74' title="bbox 1324 901 2295 942; baseline 0.002 -11"><span class='ocrx_word' id='word_1_537' title='bbox 1324 903 1421 941; x_wconf 89' lang='lat' dir='ltr'><strong>caput</strong></span> <span class='ocrx_word' id='word_1_538' title='bbox 1444 901 1510 932; x_wconf 84' lang='lat' dir='ltr'><strong>fere</strong></span> <span class='ocrx_word' id='word_1_539' title='bbox 1533 902 1677 942; x_wconf 86' lang='lat' dir='ltr'><strong>negligit.</strong></span> <span class='ocrx_word' id='word_1_540' title='bbox 1726 902 1881 933; x_wconf 87' lang='lat' dir='ltr'><strong>Videmus</strong></span> <span class='ocrx_word' id='word_1_541' title='bbox 1910 906 1948 933; x_wconf 90' lang='lat' dir='ltr'><strong>ut</strong></span> <span class='ocrx_word' id='word_1_542' title='bbox 1971 902 2114 942; x_wconf 87' lang='lat' dir='ltr'><strong>papistae</strong></span> <span class='ocrx_word' id='word_1_543' title='bbox 2144 902 2177 932; x_wconf 91' lang='lat' dir='ltr'><strong>in</strong></span> <span class='ocrx_word' id='word_1_544' title='bbox 2208 902 2295 933; x_wconf 91' lang='lat' dir='ltr'><strong>mille</strong></span> 
     </span>
     <span class='ocr_line' id='line_1_75' title="bbox 1324 943 2295 985; baseline 0 -10"><span class='ocrx_word' id='word_1_545' title='bbox 1324 943 1551 975; x_wconf 84' lang='lat' dir='ltr'><strong>commentitiis</strong></span> <span class='ocrx_word' id='word_1_546' title='bbox 1581 945 1864 984; x_wconf 86' lang='lat' dir='ltr'><strong>superstitionibus</strong></span> <span class='ocrx_word' id='word_1_547' title='bbox 1893 955 1927 976; x_wconf 87' lang='lat' dir='ltr'><strong>se</strong></span> <span class='ocrx_word' id='word_1_548' title='bbox 1954 945 2075 985; x_wconf 82' lang='lat' dir='ltr'><strong>absque</strong></span> <span class='ocrx_word' id='word_1_549' title='bbox 2104 944 2200 976; x_wconf 90' lang='lat' dir='ltr'><strong>modo</strong></span> <span class='ocrx_word' id='word_1_550' title='bbox 2227 945 2295 975; x_wconf 86' lang='lat' dir='ltr'><strong>fati-</strong></span> 
     </span>
     <span class='ocr_line' id='line_1_76' title="bbox 1324 986 2295 1028; baseline 0 -10"><span class='ocrx_word' id='word_1_551' title='bbox 1324 991 1418 1026; x_wconf 84' lang='lat' dir='ltr'><strong>gent:</strong></span> <span class='ocrx_word' id='word_1_552' title='bbox 1449 987 1575 1017; x_wconf 85' lang='lat' dir='ltr'><strong>interea</strong></span> <span class='ocrx_word' id='word_1_553' title='bbox 1605 986 1718 1019; x_wconf 89' lang='lat' dir='ltr'><strong>ultima</strong></span> <span class='ocrx_word' id='word_1_554' title='bbox 1748 993 1796 1018; x_wconf 88' lang='lat' dir='ltr'><strong>est</strong></span> <span class='ocrx_word' id='word_1_555' title='bbox 1826 988 1954 1028; x_wconf 84' lang='lat' dir='ltr'><strong>caritas,</strong></span> <span class='ocrx_word' id='word_1_556' title='bbox 1988 997 2083 1028; x_wconf 90' lang='lat' dir='ltr'><strong>quam</strong></span> <span class='ocrx_word' id='word_1_557' title='bbox 2118 988 2151 1018; x_wconf 92' lang='lat' dir='ltr'><strong>in</strong></span> <span class='ocrx_word' id='word_1_558' title='bbox 2181 987 2295 1027; x_wconf 88' lang='lat' dir='ltr'><strong>primis</strong></span> 
     </span>
     <span class='ocr_line' id='line_1_77' title="bbox 1324 1029 2295 1071; baseline 0.001 -11"><span class='ocrx_word' id='word_1_559' title='bbox 1324 1029 1415 1061; x_wconf 88' lang='lat' dir='ltr'><strong>Deus</strong></span> <span class='ocrx_word' id='word_1_560' title='bbox 1438 1029 1651 1060; x_wconf 86' lang='lat' dir='ltr'><strong>commendat.</strong></span> <span class='ocrx_word' id='word_1_561' title='bbox 1690 1030 1780 1062; x_wconf 87' lang='lat' dir='ltr'><strong>Haeo</strong></span> <span class='ocrx_word' id='word_1_562' title='bbox 1804 1040 1880 1071; x_wconf 84' lang='lat' dir='ltr'><strong>ergo</strong></span> <span class='ocrx_word' id='word_1_563' title='bbox 1903 1040 1999 1062; x_wconf 87' lang='lat' dir='ltr'><strong>causa</strong></span> <span class='ocrx_word' id='word_1_564' title='bbox 2021 1035 2070 1061; x_wconf 88' lang='lat' dir='ltr'><strong>est</strong></span> <span class='ocrx_word' id='word_1_565' title='bbox 2092 1039 2150 1061; x_wconf 83' lang='lat' dir='ltr'><strong>eur</strong></span> <span class='ocrx_word' id='word_1_566' title='bbox 2173 1039 2231 1061; x_wconf 86' lang='lat' dir='ltr'><strong>nos</strong></span> <span class='ocrx_word' id='word_1_567' title='bbox 2255 1029 2295 1061; x_wconf 90' lang='lat' dir='ltr'><strong>ad</strong></span> 
     </span>
     <span class='ocr_line' id='line_1_78' title="bbox 1324 1071 2295 1114; baseline 0 -11"><span class='ocrx_word' id='word_1_568' title='bbox 1324 1072 1393 1103; x_wconf 89' lang='lat' dir='ltr'><strong>eius</strong></span> <span class='ocrx_word' id='word_1_569' title='bbox 1415 1071 1557 1102; x_wconf 90' lang='lat' dir='ltr'><strong>studium</strong></span> <span class='ocrx_word' id='word_1_570' title='bbox 1581 1075 1710 1104; x_wconf 88' lang='lat' dir='ltr'><strong>revocet</strong></span> <span class='ocrx_word' id='word_1_571' title='bbox 1732 1073 1860 1111; x_wconf 86' lang='lat' dir='ltr'><strong>Petrus,</strong></span> <span class='ocrx_word' id='word_1_572' title='bbox 1888 1084 1986 1114; x_wconf 90' lang='lat' dir='ltr'><strong>quum</strong></span> <span class='ocrx_word' id='word_1_573' title='bbox 2011 1073 2049 1105; x_wconf 91' lang='lat' dir='ltr'><strong>de</strong></span> <span class='ocrx_word' id='word_1_574' title='bbox 2073 1073 2141 1104; x_wconf 84' lang='lat' dir='ltr'><strong>vita</strong></span> <span class='ocrx_word' id='word_1_575' title='bbox 2164 1073 2224 1104; x_wconf 87' lang='lat' dir='ltr'><strong>rite</strong></span> <span class='ocrx_word' id='word_1_576' title='bbox 2247 1072 2295 1104; x_wconf 89' lang='lat' dir='ltr'><strong>in-</strong></span> 
     </span>
     <span class='ocr_line' id='line_1_79' title="bbox 1324 1114 2296 1154; baseline 0.001 -9"><span class='ocrx_word' id='word_1_577' title='bbox 1324 1114 1488 1146; x_wconf 81' lang='lat' dir='ltr'><strong>stituenda</strong></span> <span class='ocrx_word' id='word_1_578' title='bbox 1512 1115 1629 1154; x_wconf 84' lang='lat' dir='ltr'><strong>agitur.</strong></span> <span class='ocrx_word' id='word_1_579' title='bbox 1666 1115 1764 1148; x_wconf 88' lang='lat' dir='ltr'><strong>Prius</strong></span> <span class='ocrx_word' id='word_1_580' title='bbox 1787 1116 1826 1147; x_wconf 88' lang='lat' dir='ltr'><strong>de</strong></span> <span class='ocrx_word' id='word_1_581' title='bbox 1850 1117 1956 1148; x_wconf 87' lang='lat' dir='ltr'><strong>carnis</strong></span> <span class='ocrx_word' id='word_1_582' title='bbox 1980 1115 2227 1148; x_wconf 87' lang='lat' dir='ltr'><strong>mortificatione</strong></span> <span class='ocrx_word' id='word_1_583' title='bbox 2251 1115 2296 1146; x_wconf 93' lang='lat' dir='ltr'><strong>lo-</strong></span> 
     </span>
     <span class='ocr_line' id='line_1_80' title="bbox 1324 1158 2296 1198; baseline 0.001 -10"><span class='ocrx_word' id='word_1_584' title='bbox 1324 1162 1446 1198; x_wconf 89' lang='lat' dir='ltr'><strong>quutus</strong></span> <span class='ocrx_word' id='word_1_585' title='bbox 1469 1162 1527 1194; x_wconf 89' lang='lat' dir='ltr'><strong>est,</strong></span> <span class='ocrx_word' id='word_1_586' title='bbox 1550 1162 1582 1188; x_wconf 91' lang='lat' dir='ltr'><strong>et</strong></span> <span class='ocrx_word' id='word_1_587' title='bbox 1600 1162 1712 1189; x_wconf 82' lang='lat' dir='ltr'><strong>nostra</strong></span> <span class='ocrx_word' id='word_1_588' title='bbox 1730 1169 1802 1190; x_wconf 92' lang='lat' dir='ltr'><strong>cum</strong></span> <span class='ocrx_word' id='word_1_589' title='bbox 1819 1158 1890 1190; x_wconf 91' lang='lat' dir='ltr'><strong>Deo</strong></span> <span class='ocrx_word' id='word_1_590' title='bbox 1912 1159 2186 1190; x_wconf 84' lang='lat' dir='ltr'><strong>conformatione:</strong></span> <span class='ocrx_word' id='word_1_591' title='bbox 2210 1168 2296 1190; x_wconf 85' lang='lat' dir='ltr'><strong>nunc</strong></span> 
     </span>
     <span class='ocr_line' id='line_1_81' title="bbox 1324 1199 2295 1240; baseline 0.003 -10"><span class='ocrx_word' id='word_1_592' title='bbox 1324 1205 1431 1231; x_wconf 92' lang='lat' dir='ltr'><strong>autem</strong></span> <span class='ocrx_word' id='word_1_593' title='bbox 1463 1199 1615 1231; x_wconf 84' lang='lat' dir='ltr'><strong>admonet</strong></span> <span class='ocrx_word' id='word_1_594' title='bbox 1641 1210 1704 1240; x_wconf 88' lang='lat' dir='ltr'><strong>qua</strong></span> <span class='ocrx_word' id='word_1_595' title='bbox 1734 1201 1767 1231; x_wconf 92' lang='lat' dir='ltr'><strong>in</strong></span> <span class='ocrx_word' id='word_1_596' title='bbox 1791 1212 1824 1233; x_wconf 91' lang='lat' dir='ltr'><strong>re</strong></span> <span class='ocrx_word' id='word_1_597' title='bbox 1847 1202 1990 1233; x_wconf 85' lang='lat' dir='ltr'><strong>exerceri</strong></span> <span class='ocrx_word' id='word_1_598' title='bbox 2021 1211 2078 1233; x_wconf 87' lang='lat' dir='ltr'><strong>nos</strong></span> <span class='ocrx_word' id='word_1_599' title='bbox 2102 1201 2182 1233; x_wconf 86' lang='lat' dir='ltr'><strong>velit</strong></span> <span class='ocrx_word' id='word_1_600' title='bbox 2204 1200 2295 1233; x_wconf 86' lang='lat' dir='ltr'><strong>Deus</strong></span> 
     </span>
     <span class='ocr_line' id='line_1_82' title="bbox 1326 1242 2296 1283; baseline 0 -9"><span class='ocrx_word' id='word_1_601' title='bbox 1326 1248 1390 1274; x_wconf 82' lang='lat' dir='ltr'><strong>tota</strong></span> <span class='ocrx_word' id='word_1_602' title='bbox 1414 1242 1497 1274; x_wconf 88' lang='lat' dir='ltr'><strong>vita:</strong></span> <span class='ocrx_word' id='word_1_603' title='bbox 1530 1253 1645 1283; x_wconf 88' lang='lat' dir='ltr'><strong>nempe</strong></span> <span class='ocrx_word' id='word_1_604' title='bbox 1669 1247 1704 1274; x_wconf 93' lang='lat' dir='ltr'><strong>ut</strong></span> <span class='ocrx_word' id='word_1_605' title='bbox 1727 1249 1874 1275; x_wconf 88' lang='lat' dir='ltr'><strong>mutuam</strong></span> <span class='ocrx_word' id='word_1_606' title='bbox 1899 1245 1985 1275; x_wconf 90' lang='lat' dir='ltr'><strong>inter</strong></span> <span class='ocrx_word' id='word_1_607' title='bbox 2011 1254 2068 1275; x_wconf 84' lang='lat' dir='ltr'><strong>nos</strong></span> <span class='ocrx_word' id='word_1_608' title='bbox 2092 1243 2296 1276; x_wconf 88' lang='lat' dir='ltr'><strong>dilectionem</strong></span> 
     </span>
     <span class='ocr_line' id='line_1_83' title="bbox 1325 1286 2296 1327; baseline 0 -10"><span class='ocrx_word' id='word_1_609' title='bbox 1325 1286 1483 1317; x_wconf 88' lang='lat' dir='ltr'><strong>colamus:</strong></span> <span class='ocrx_word' id='word_1_610' title='bbox 1514 1295 1589 1316; x_wconf 87' lang='lat' dir='ltr'><strong>nam</strong></span> <span class='ocrx_word' id='word_1_611' title='bbox 1613 1295 1650 1316; x_wconf 86' lang='lat' dir='ltr'><strong>ea</strong></span> <span class='ocrx_word' id='word_1_612' title='bbox 1674 1290 1830 1317; x_wconf 86' lang='lat' dir='ltr'><strong>testamur</strong></span> <span class='ocrx_word' id='word_1_613' title='bbox 1854 1297 1910 1318; x_wconf 88' lang='lat' dir='ltr'><strong>nos</strong></span> <span class='ocrx_word' id='word_1_614' title='bbox 1934 1286 2039 1318; x_wconf 91' lang='lat' dir='ltr'><strong>Deum</strong></span> <span class='ocrx_word' id='word_1_615' title='bbox 2073 1297 2199 1327; x_wconf 90' lang='lat' dir='ltr'><strong>quoque</strong></span> <span class='ocrx_word' id='word_1_616' title='bbox 2223 1286 2296 1317; x_wconf 91' lang='lat' dir='ltr'><strong>dili-</strong></span> 
     </span>
     <span class='ocr_line' id='line_1_84' title="bbox 1325 1328 2296 1370; baseline 0.001 -11"><span class='ocrx_word' id='word_1_617' title='bbox 1325 1339 1410 1370; x_wconf 85' lang='lat' dir='ltr'><strong>gere.</strong></span> <span class='ocrx_word' id='word_1_618' title='bbox 1450 1330 1558 1368; x_wconf 89' lang='lat' dir='ltr'><strong>Atque</strong></span> <span class='ocrx_word' id='word_1_619' title='bbox 1582 1328 1642 1359; x_wconf 85' lang='lat' dir='ltr'><strong>hoo</strong></span> <span class='ocrx_word' id='word_1_620' title='bbox 1665 1329 1887 1370; x_wconf 88' lang='lat' dir='ltr'><strong>experimento</strong></span> <span class='ocrx_word' id='word_1_621' title='bbox 1911 1330 2026 1370; x_wconf 90' lang='lat' dir='ltr'><strong>probat</strong></span> <span class='ocrx_word' id='word_1_622' title='bbox 2049 1329 2141 1361; x_wconf 89' lang='lat' dir='ltr'><strong>Deus</strong></span> <span class='ocrx_word' id='word_1_623' title='bbox 2164 1330 2296 1369; x_wconf 87' lang='lat' dir='ltr'><strong>quinam</strong></span> 
     </span>
     <span class='ocr_line' id='line_1_85' title="bbox 1324 1371 2297 1414; baseline 0 -12"><span class='ocrx_word' id='word_1_624' title='bbox 1324 1372 1429 1411; x_wconf 91' lang='lat' dir='ltr'><strong>ipsum</strong></span> <span class='ocrx_word' id='word_1_625' title='bbox 1453 1381 1528 1402; x_wconf 88' lang='lat' dir='ltr'><strong>vere</strong></span> <span class='ocrx_word' id='word_1_626' title='bbox 1552 1371 1697 1412; x_wconf 89' lang='lat' dir='ltr'><strong>diligant.</strong></span> <span class='ocrx_word' id='word_1_627' title='bbox 1744 1371 1847 1404; x_wconf 87' lang='lat' dir='ltr'><strong>Vocat</strong></span> <span class='ocrx_word' id='word_1_628' title='bbox 1871 1382 1941 1404; x_wconf 89' lang='lat' dir='ltr'><strong>eam</strong></span> <span class='ocrx_word' id='word_1_629' title='bbox 1965 1372 2186 1414; x_wconf 79' lang='grc' dir='ltr'>ἀνυπόκριτον,</span> <span class='ocrx_word' id='word_1_630' title='bbox 2214 1373 2297 1403; x_wconf 88' lang='lat' dir='ltr'><strong>sicut</strong></span> 
     </span>
     <span class='ocr_line' id='line_1_86' title="bbox 1326 1413 2296 1456; baseline -0.001 -10"><span class='ocrx_word' id='word_1_631' title='bbox 1326 1414 1448 1446; x_wconf 88' lang='lat' dir='ltr'><strong>Paulus</strong></span> <span class='ocrx_word' id='word_1_632' title='bbox 1472 1414 1587 1453; x_wconf 89' lang='lat' dir='ltr'><strong>prioris</strong></span> <span class='ocrx_word' id='word_1_633' title='bbox 1610 1414 1649 1445; x_wconf 91' lang='lat' dir='ltr'><strong>ad</strong></span> <span class='ocrx_word' id='word_1_634' title='bbox 1674 1414 1890 1454; x_wconf 79' lang='lat' dir='ltr'><strong>Timotheum,</strong></span> <span class='ocrx_word' id='word_1_635' title='bbox 1914 1425 1983 1456; x_wconf 88' lang='lat' dir='ltr'><strong>cap.</strong></span> <span class='ocrx_word' id='word_1_636' title='bbox 2005 1416 2031 1453; x_wconf 89' lang='lat'><strong>1,</strong></span> <span class='ocrx_word' id='word_1_637' title='bbox 2054 1415 2085 1453; x_wconf 84' lang='lat'><strong>5,</strong></span> <span class='ocrx_word' id='word_1_638' title='bbox 2116 1415 2190 1456; x_wconf 89' lang='lat' dir='ltr'><strong>quia</strong></span> <span class='ocrx_word' id='word_1_639' title='bbox 2214 1413 2296 1445; x_wconf 87' lang='lat' dir='ltr'><strong>nihil</strong></span> 
     </span>
     <span class='ocr_line' id='line_1_87' title="bbox 1326 1456 2296 1499; baseline 0.001 -12"><span class='ocrx_word' id='word_1_640' title='bbox 1326 1456 1489 1488; x_wconf 88' lang='lat' dir='ltr'><strong>difficilius</strong></span> <span class='ocrx_word' id='word_1_641' title='bbox 1513 1466 1608 1496; x_wconf 85' lang='lat' dir='ltr'><strong>quam</strong></span> <span class='ocrx_word' id='word_1_642' title='bbox 1633 1458 1757 1489; x_wconf 88' lang='lat' dir='ltr'><strong>sincere</strong></span> <span class='ocrx_word' id='word_1_643' title='bbox 1780 1458 1922 1490; x_wconf 90' lang='lat' dir='ltr'><strong>animum</strong></span> <span class='ocrx_word' id='word_1_644' title='bbox 1945 1458 2110 1499; x_wconf 87' lang='lat' dir='ltr'><strong>applicare</strong></span> <span class='ocrx_word' id='word_1_645' title='bbox 2132 1458 2172 1488; x_wconf 90' lang='lat' dir='ltr'><strong>ad</strong></span> <span class='ocrx_word' id='word_1_646' title='bbox 2189 1457 2296 1497; x_wconf 88' lang='lat' dir='ltr'><strong>proxi-</strong></span> 
     </span>
     <span class='ocr_line' id='line_1_88' title="bbox 1327 1499 2297 1541; baseline 0 -11"><span class='ocrx_word' id='word_1_647' title='bbox 1327 1510 1394 1531; x_wconf 91' lang='lat' dir='ltr'><strong>mos</strong></span> <span class='ocrx_word' id='word_1_648' title='bbox 1418 1499 1605 1540; x_wconf 88' lang='lat' dir='ltr'><strong>diligendos.</strong></span> <span class='ocrx_word' id='word_1_649' title='bbox 1640 1500 1771 1541; x_wconf 88' lang='lat' dir='ltr'><strong>Regnat</strong></span> <span class='ocrx_word' id='word_1_650' title='bbox 1793 1501 1879 1532; x_wconf 89' lang='lat' dir='ltr'><strong>enim</strong></span> <span class='ocrx_word' id='word_1_651' title='bbox 1904 1511 1994 1533; x_wconf 88' lang='lat' dir='ltr'><strong>amor</strong></span> <span class='ocrx_word' id='word_1_652' title='bbox 2016 1500 2128 1537; x_wconf 88' lang='lat' dir='ltr'><strong>nostri,</strong></span> <span class='ocrx_word' id='word_1_653' title='bbox 2153 1501 2206 1540; x_wconf 91' lang='lat' dir='ltr'><strong>qui</strong></span> <span class='ocrx_word' id='word_1_654' title='bbox 2229 1499 2297 1539; x_wconf 87' lang='lat' dir='ltr'><strong>ple-</strong></span> 
     </span>
     <span class='ocr_line' id='line_1_89' title="bbox 1325 1542 2296 1584; baseline -0.001 -10"><span class='ocrx_word' id='word_1_655' title='bbox 1325 1553 1387 1574; x_wconf 86' lang='lat' dir='ltr'><strong>nus</strong></span> <span class='ocrx_word' id='word_1_656' title='bbox 1409 1548 1457 1574; x_wconf 84' lang='lat' dir='ltr'><strong>est</strong></span> <span class='ocrx_word' id='word_1_657' title='bbox 1479 1542 1701 1574; x_wconf 89' lang='lat' dir='ltr'><strong>simulatione:</strong></span> <span class='ocrx_word' id='word_1_658' title='bbox 1726 1543 1842 1575; x_wconf 90' lang='lat' dir='ltr'><strong>deinde</strong></span> <span class='ocrx_word' id='word_1_659' title='bbox 1865 1554 1959 1576; x_wconf 90' lang='lat' dir='ltr'><strong>suum</strong></span> <span class='ocrx_word' id='word_1_660' title='bbox 1983 1543 2119 1584; x_wconf 89' lang='lat' dir='ltr'><strong>quisque</strong></span> <span class='ocrx_word' id='word_1_661' title='bbox 2142 1552 2296 1580; x_wconf 84' lang='lat' dir='ltr'><strong>amorem,</strong></span> 
     </span>
     <span class='ocr_line' id='line_1_90' title="bbox 1325 1585 2298 1627; baseline 0 -11"><span class='ocrx_word' id='word_1_662' title='bbox 1325 1596 1388 1626; x_wconf 89' lang='lat' dir='ltr'><strong>quo</strong></span> <span class='ocrx_word' id='word_1_663' title='bbox 1422 1586 1502 1617; x_wconf 88' lang='lat' dir='ltr'><strong>alios</strong></span> <span class='ocrx_word' id='word_1_664' title='bbox 1540 1587 1761 1626; x_wconf 86' lang='lat' dir='ltr'><strong>prosequitur,</strong></span> <span class='ocrx_word' id='word_1_665' title='bbox 1801 1587 1929 1627; x_wconf 86' lang='lat' dir='ltr'><strong>proprio</strong></span> <span class='ocrx_word' id='word_1_666' title='bbox 1964 1585 2130 1619; x_wconf 91' lang='lat' dir='ltr'><strong>commodo</strong></span> <span class='ocrx_word' id='word_1_667' title='bbox 2163 1585 2298 1617; x_wconf 88' lang='lat' dir='ltr'><strong>metitur</strong></span> 
     </span>
     <span class='ocr_line' id='line_1_91' title="bbox 1326 1628 2297 1669; baseline 0 -10"><span class='ocrx_word' id='word_1_668' title='bbox 1326 1629 1432 1669; x_wconf 84' lang='lat' dir='ltr'><strong>potius</strong></span> <span class='ocrx_word' id='word_1_669' title='bbox 1455 1638 1551 1669; x_wconf 88' lang='lat' dir='ltr'><strong>quam</strong></span> <span class='ocrx_word' id='word_1_670' title='bbox 1575 1629 1627 1669; x_wconf 93' lang='lat' dir='ltr'><strong>pio</strong></span> <span class='ocrx_word' id='word_1_671' title='bbox 1649 1629 1906 1661; x_wconf 87' lang='lat' dir='ltr'><strong>communicandi</strong></span> <span class='ocrx_word' id='word_1_672' title='bbox 1926 1629 2041 1661; x_wconf 87' lang='lat' dir='ltr'><strong>studio.</strong></span> <span class='ocrx_word' id='word_1_673' title='bbox 2087 1628 2199 1666; x_wconf 90' lang='lat' dir='ltr'><strong>Addit,</strong></span> <span class='ocrx_word' id='word_1_674' title='bbox 2220 1628 2297 1659; x_wconf 90' lang='lat' dir='ltr'><strong>im-</strong></span> 
     </span>
     <span class='ocr_line' id='line_1_92' title="bbox 1326 1671 2298 1713; baseline 0 -11"><span class='ocrx_word' id='word_1_675' title='bbox 1326 1682 1465 1712; x_wconf 84' lang='lat' dir='ltr'><strong>pense,</strong></span> <span class='ocrx_word' id='word_1_676' title='bbox 1491 1682 1566 1703; x_wconf 88' lang='lat' dir='ltr'><strong>nam</strong></span> <span class='ocrx_word' id='word_1_677' title='bbox 1589 1682 1652 1712; x_wconf 90' lang='lat' dir='ltr'><strong>quo</strong></span> <span class='ocrx_word' id='word_1_678' title='bbox 1675 1682 1786 1704; x_wconf 89' lang='lat' dir='ltr'><strong>sumus</strong></span> <span class='ocrx_word' id='word_1_679' title='bbox 1810 1677 1927 1704; x_wconf 86' lang='lat' dir='ltr'><strong>natura</strong></span> <span class='ocrx_word' id='word_1_680' title='bbox 1942 1673 2116 1713; x_wconf 85' lang='lat' dir='ltr'><strong>segniores,</strong></span> <span class='ocrx_word' id='word_1_681' title='bbox 2139 1681 2175 1703; x_wconf 93' lang='lat' dir='ltr'><strong>eo</strong></span> <span class='ocrx_word' id='word_1_682' title='bbox 2194 1671 2298 1712; x_wconf 87' lang='lat' dir='ltr'><strong>magis</strong></span> 
     </span>
     <span class='ocr_line' id='line_1_93' title="bbox 1327 1714 2297 1754; baseline -0.001 -8"><span class='ocrx_word' id='word_1_683' title='bbox 1327 1714 1367 1746; x_wconf 89' lang='lat' dir='ltr'><strong>ad</strong></span> <span class='ocrx_word' id='word_1_684' title='bbox 1405 1715 1568 1746; x_wconf 88' lang='lat' dir='ltr'><strong>fervorem</strong></span> <span class='ocrx_word' id='word_1_685' title='bbox 1600 1720 1631 1746; x_wconf 92' lang='lat' dir='ltr'><strong>et</strong></span> <span class='ocrx_word' id='word_1_686' title='bbox 1668 1716 1906 1747; x_wconf 79' lang='lat' dir='ltr'><strong>contentionem</strong></span> <span class='ocrx_word' id='word_1_687' title='bbox 1947 1725 2062 1747; x_wconf 85' lang='lat' dir='ltr'><strong>acuere</strong></span> <span class='ocrx_word' id='word_1_688' title='bbox 2093 1724 2127 1746; x_wconf 90' lang='lat' dir='ltr'><strong>se</strong></span> <span class='ocrx_word' id='word_1_689' title='bbox 2163 1715 2297 1754; x_wconf 88' lang='lat' dir='ltr'><strong>quisque</strong></span> 
     </span>
     <span class='ocr_line' id='line_1_94' title="bbox 1328 1756 2298 1797; baseline 0 -9"><span class='ocrx_word' id='word_1_690' title='bbox 1328 1757 1435 1789; x_wconf 88' lang='lat' dir='ltr'><strong>debet:</strong></span> <span class='ocrx_word' id='word_1_691' title='bbox 1463 1767 1569 1797; x_wconf 85' lang='lat' dir='ltr'><strong>neque</strong></span> <span class='ocrx_word' id='word_1_692' title='bbox 1591 1758 1625 1789; x_wconf 89' lang='lat' dir='ltr'><strong>id</strong></span> <span class='ocrx_word' id='word_1_693' title='bbox 1648 1757 1746 1790; x_wconf 89' lang='lat' dir='ltr'><strong>semel</strong></span> <span class='ocrx_word' id='word_1_694' title='bbox 1770 1759 1938 1796; x_wconf 81' lang='lat' dir='ltr'><strong>duntaxat,</strong></span> <span class='ocrx_word' id='word_1_695' title='bbox 1968 1757 2024 1790; x_wconf 91' lang='lat' dir='ltr'><strong>sed</strong></span> <span class='ocrx_word' id='word_1_696' title='bbox 2048 1758 2080 1789; x_wconf 91' lang='lat' dir='ltr'><strong>in</strong></span> <span class='ocrx_word' id='word_1_697' title='bbox 2105 1757 2171 1789; x_wconf 90' lang='lat' dir='ltr'><strong>dies</strong></span> <span class='ocrx_word' id='word_1_698' title='bbox 2194 1756 2298 1797; x_wconf 79' lang='lat' dir='ltr'><strong>magis</strong></span> 
     </span>
     <span class='ocr_line' id='line_1_95' title="bbox 1328 1810 1498 1841; baseline 0.006 -10"><span class='ocrx_word' id='word_1_699' title='bbox 1328 1810 1364 1831; x_wconf 87' lang='lat' dir='ltr'><strong>ac</strong></span> <span class='ocrx_word' id='word_1_700' title='bbox 1387 1811 1498 1841; x_wconf 81' lang='lat' dir='ltr'><strong>magls.</strong></span> 
     </span>
    </p>
   </div>
   <div class='ocr_carea' id='block_1_8' title="bbox 1328 1885 2300 2184">
    <p class='ocr_par' dir='ltr' id='par_1_11' title="bbox 1328 1885 2300 2184">
     <span class='ocr_line' id='line_1_96' title="bbox 1414 1885 2299 1927; baseline 0.001 -10"><span class='ocrx_word' id='word_1_701' title='bbox 1414 1886 1464 1918; x_wconf 80' lang='lat'><strong>23.</strong></span> <span class='ocrx_word' id='word_1_702' title='bbox 1489 1886 1631 1927; x_wconf 72' lang='lat' dir='ltr'><strong>Reqeriiti</strong></span> <span class='ocrx_word' id='word_1_703' title='bbox 1652 1896 1714 1919; x_wconf 79' lang='lat' dir='ltr'><strong>non</strong></span> <span class='ocrx_word' id='word_1_704' title='bbox 1736 1897 1774 1919; x_wconf 77' lang='lat' dir='ltr'><strong>ex</strong></span> <span class='ocrx_word' id='word_1_705' title='bbox 1795 1887 1911 1919; x_wconf 79' lang='lat' dir='ltr'><strong>semiue</strong></span> <span class='ocrx_word' id='word_1_706' title='bbox 1939 1885 2143 1927; x_wconf 79' lang='lat' dir='ltr'><strong>corruptibili,</strong></span> <span class='ocrx_word' id='word_1_707' title='bbox 2173 1886 2227 1918; x_wconf 82' lang='lat' dir='ltr'><strong>sed</strong></span> <span class='ocrx_word' id='word_1_708' title='bbox 2248 1885 2299 1918; x_wconf 79' lang='lat' dir='ltr'><strong>in-</strong></span> 
     </span>
     <span class='ocr_line' id='line_1_97' title="bbox 1328 1929 2299 1970; baseline -0.001 -9"><span class='ocrx_word' id='word_1_709' title='bbox 1328 1929 1531 1970; x_wconf 76' lang='lat' dir='ltr'><strong>corruptibili,</strong></span> <span class='ocrx_word' id='word_1_710' title='bbox 1559 1939 1620 1969; x_wconf 75' lang='lat' dir='ltr'><strong>per</strong></span> <span class='ocrx_word' id='word_1_711' title='bbox 1648 1939 1817 1963; x_wconf 78' lang='lat' dir='ltr'><strong>sermonem</strong></span> <span class='ocrx_word' id='word_1_712' title='bbox 1847 1930 1977 1962; x_wconf 80' lang='lat' dir='ltr'><strong>viventis</strong></span> <span class='ocrx_word' id='word_1_713' title='bbox 1999 1929 2063 1962; x_wconf 86' lang='lat' dir='ltr'><strong>Dei</strong></span> <span class='ocrx_word' id='word_1_714' title='bbox 2091 1931 2118 1961; x_wconf 84' lang='lat' dir='ltr'><strong>et</strong></span> <span class='ocrx_word' id='word_1_715' title='bbox 2146 1929 2299 1961; x_wconf 77' lang='lat' dir='ltr'><strong>manentis</strong></span> 
     </span>
     <span class='ocr_line' id='line_1_98' title="bbox 1329 1972 2300 2013; baseline 0 -10"><span class='ocrx_word' id='word_1_716' title='bbox 1329 1973 1362 2004; x_wconf 79' lang='lat' dir='ltr'><strong>in</strong></span> <span class='ocrx_word' id='word_1_717' title='bbox 1385 1975 1554 2004; x_wconf 82' lang='lat' dir='ltr'><strong>aeternum.</strong></span> <span class='ocrx_word' id='word_1_718' title='bbox 1587 1972 1639 2004; x_wconf 83' lang='lat'><strong>24.</strong></span> <span class='ocrx_word' id='word_1_719' title='bbox 1666 1973 1920 2013; x_wconf 79' lang='lat' dir='ltr'><strong>Quandoquidem</strong></span> <span class='ocrx_word' id='word_1_720' title='bbox 1942 1973 2042 2005; x_wconf 73' lang='lat' dir='ltr'><strong>omnis</strong></span> <span class='ocrx_word' id='word_1_721' title='bbox 2059 1982 2131 2005; x_wconf 84' lang='lat' dir='ltr'><strong>caro</strong></span> <span class='ocrx_word' id='word_1_722' title='bbox 2152 1974 2300 2012; x_wconf 78' lang='lat' dir='ltr'><strong>tanquam</strong></span> 
     </span>
     <span class='ocr_line' id='line_1_99' title="bbox 1328 2014 2300 2056; baseline 0 -10"><span class='ocrx_word' id='word_1_723' title='bbox 1328 2015 1432 2054; x_wconf 76' lang='lat' dir='ltr'><strong>herba,</strong></span> <span class='ocrx_word' id='word_1_724' title='bbox 1454 2018 1482 2047; x_wconf 87' lang='lat' dir='ltr'><strong>et</strong></span> <span class='ocrx_word' id='word_1_725' title='bbox 1504 2016 1603 2048; x_wconf 76' lang='lat' dir='ltr'><strong>omnis</strong></span> <span class='ocrx_word' id='word_1_726' title='bbox 1622 2016 1725 2056; x_wconf 75' lang='lat' dir='ltr'><strong>ytoria</strong></span> <span class='ocrx_word' id='word_1_727' title='bbox 1748 2016 1815 2047; x_wconf 85' lang='lat' dir='ltr'><strong>eius</strong></span> <span class='ocrx_word' id='word_1_728' title='bbox 1829 2018 1978 2056; x_wconf 77' lang='lat' dir='ltr'><strong>tanquam</strong></span> <span class='ocrx_word' id='word_1_729' title='bbox 1989 2016 2049 2054; x_wconf 75' lang='lat' dir='ltr'><strong>fios</strong></span> <span class='ocrx_word' id='word_1_730' title='bbox 2063 2015 2182 2047; x_wconf 79' lang='lat' dir='ltr'><strong>herbae.</strong></span> <span class='ocrx_word' id='word_1_731' title='bbox 2211 2014 2300 2046; x_wconf 71' lang='lat' dir='ltr'><strong><em>Exa-</em></strong></span> 
     </span>
     <span class='ocr_line' id='line_1_100' title="bbox 1328 2057 2300 2097; baseline -0.001 -8"><span class='ocrx_word' id='word_1_732' title='bbox 1328 2059 1393 2089; x_wconf 86' lang='lat' dir='ltr'><strong>ruit</strong></span> <span class='ocrx_word' id='word_1_733' title='bbox 1418 2057 1520 2096; x_wconf 81' lang='lat' dir='ltr'><strong>herba,</strong></span> <span class='ocrx_word' id='word_1_734' title='bbox 1550 2060 1576 2089; x_wconf 84' lang='lat' dir='ltr'><strong>et</strong></span> <span class='ocrx_word' id='word_1_735' title='bbox 1601 2058 1660 2097; x_wconf 81' lang='lat' dir='ltr'><strong>flos</strong></span> <span class='ocrx_word' id='word_1_736' title='bbox 1689 2059 1756 2091; x_wconf 81' lang='lat' dir='ltr'><strong>eius</strong></span> <span class='ocrx_word' id='word_1_737' title='bbox 1786 2058 1913 2091; x_wconf 82' lang='lat' dir='ltr'><strong>decidit:</strong></span> <span class='ocrx_word' id='word_1_738' title='bbox 1956 2058 2008 2090; x_wconf 82' lang='lat'><strong>25.</strong></span> <span class='ocrx_word' id='word_1_739' title='bbox 2039 2058 2170 2090; x_wconf 83' lang='lat' dir='ltr'><strong>Verbum</strong></span> <span class='ocrx_word' id='word_1_740' title='bbox 2199 2059 2300 2088; x_wconf 80' lang='lat' dir='ltr'><strong>autem</strong></span> 
     </span>
     <span class='ocr_line' id='line_1_101' title="bbox 1329 2099 2300 2133; baseline -0.002 -1"><span class='ocrx_word' id='word_1_741' title='bbox 1329 2101 1464 2133; x_wconf 78' lang='lat' dir='ltr'><strong>Domini</strong></span> <span class='ocrx_word' id='word_1_742' title='bbox 1484 2103 1586 2133; x_wconf 78' lang='lat' dir='ltr'><strong>manet</strong></span> <span class='ocrx_word' id='word_1_743' title='bbox 1616 2101 1651 2132; x_wconf 77' lang='lat' dir='ltr'><strong>in</strong></span> <span class='ocrx_word' id='word_1_744' title='bbox 1672 2104 1836 2133; x_wconf 79' lang='lat' dir='ltr'><strong>aeternum.</strong></span> <span class='ocrx_word' id='word_1_745' title='bbox 1884 2101 1950 2133; x_wconf 90' lang='lat' dir='ltr'><strong>Hoc</strong></span> <span class='ocrx_word' id='word_1_746' title='bbox 1975 2103 2076 2133; x_wconf 85' lang='lat' dir='ltr'><strong>autem</strong></span> <span class='ocrx_word' id='word_1_747' title='bbox 2102 2103 2148 2132; x_wconf 82' lang='lat' dir='ltr'><strong>est</strong></span> <span class='ocrx_word' id='word_1_748' title='bbox 2175 2099 2300 2131; x_wconf 82' lang='lat' dir='ltr'><strong>verbwm</strong></span> 
     </span>
     <span class='ocr_line' id='line_1_102' title="bbox 1329 2143 1835 2184; baseline -0.002 -9"><span class='ocrx_word' id='word_1_749' title='bbox 1329 2144 1411 2184; x_wconf 79' lang='lat' dir='ltr'><strong>quod</strong></span> <span class='ocrx_word' id='word_1_750' title='bbox 1432 2144 1651 2176; x_wconf 77' lang='lat' dir='ltr'><strong>annuntiatum</strong></span> <span class='ocrx_word' id='word_1_751' title='bbox 1673 2147 1717 2176; x_wconf 78' lang='lat' dir='ltr'><strong>est</strong></span> <span class='ocrx_word' id='word_1_752' title='bbox 1738 2143 1835 2175; x_wconf 84' lang='lat' dir='ltr'><strong>vobis.</strong></span> 
     </span>
    </p>
   </div>
   <div class='ocr_carea' id='block_1_9' title="bbox 1331 2228 2301 2699">
    <p class='ocr_par' dir='ltr' id='par_1_12' title="bbox 1331 2228 2301 2699">
     <span class='ocr_line' id='line_1_103' title="bbox 1415 2228 2301 2271; baseline -0.002 -9"><span class='ocrx_word' id='word_1_753' title='bbox 1415 2229 1465 2262; x_wconf 83' lang='lat'><strong>23.</strong></span> <span class='ocrx_word' id='word_1_754' title='bbox 1491 2230 1642 2271; x_wconf 72' lang='lat' dir='ltr'><strong>Reqeniti,</strong></span> <span class='ocrx_word' id='word_1_755' title='bbox 1664 2232 1717 2262; x_wconf 86' lang='lat' dir='ltr'><strong>etc.</strong></span> <span class='ocrx_word' id='word_1_756' title='bbox 1752 2229 1851 2261; x_wconf 89' lang='lat' dir='ltr'><strong>Aliud</strong></span> <span class='ocrx_word' id='word_1_757' title='bbox 1875 2228 2111 2261; x_wconf 85' lang='lat' dir='ltr'><strong>exhortationis</strong></span> <span class='ocrx_word' id='word_1_758' title='bbox 2130 2238 2301 2269; x_wconf 83' lang='lat' dir='ltr'><strong>argumen-</strong></span> 
     </span>
     <span class='ocr_line' id='line_1_104' title="bbox 1331 2271 2301 2314; baseline -0.001 -11"><span class='ocrx_word' id='word_1_759' title='bbox 1331 2276 1410 2313; x_wconf 86' lang='lat' dir='ltr'><strong>tum,</strong></span> <span class='ocrx_word' id='word_1_760' title='bbox 1434 2273 1518 2314; x_wconf 91' lang='lat' dir='ltr'><strong>quod</strong></span> <span class='ocrx_word' id='word_1_761' title='bbox 1542 2282 1642 2313; x_wconf 89' lang='lat' dir='ltr'><strong>quum</strong></span> <span class='ocrx_word' id='word_1_762' title='bbox 1665 2272 1742 2304; x_wconf 85' lang='lat' dir='ltr'><strong>novi</strong></span> <span class='ocrx_word' id='word_1_763' title='bbox 1765 2272 1829 2304; x_wconf 85' lang='lat' dir='ltr'><strong>sint</strong></span> <span class='ocrx_word' id='word_1_764' title='bbox 1851 2271 1999 2304; x_wconf 87' lang='lat' dir='ltr'><strong>homines</strong></span> <span class='ocrx_word' id='word_1_765' title='bbox 2022 2277 2054 2304; x_wconf 91' lang='lat' dir='ltr'><strong>et</strong></span> <span class='ocrx_word' id='word_1_766' title='bbox 2077 2282 2095 2303; x_wconf 88' lang='lat' dir='ltr'><strong>a</strong></span> <span class='ocrx_word' id='word_1_767' title='bbox 2119 2271 2189 2303; x_wconf 91' lang='lat' dir='ltr'><strong>Deo</strong></span> <span class='ocrx_word' id='word_1_768' title='bbox 2212 2281 2301 2312; x_wconf 87' lang='lat' dir='ltr'><strong>rege-</strong></span> 
     </span>
     <span class='ocr_line' id='line_1_105' title="bbox 1331 2314 2299 2356; baseline -0.002 -10"><span class='ocrx_word' id='word_1_769' title='bbox 1331 2316 1401 2356; x_wconf 83' lang='lat' dir='ltr'><strong>niti,</strong></span> <span class='ocrx_word' id='word_1_770' title='bbox 1433 2317 1533 2348; x_wconf 87' lang='lat' dir='ltr'><strong>vitam</strong></span> <span class='ocrx_word' id='word_1_771' title='bbox 1557 2316 1626 2347; x_wconf 89' lang='lat' dir='ltr'><strong>Deo</strong></span> <span class='ocrx_word' id='word_1_772' title='bbox 1653 2321 1684 2347; x_wconf 89' lang='lat' dir='ltr'><strong>et</strong></span> <span class='ocrx_word' id='word_1_773' title='bbox 1705 2314 1866 2356; x_wconf 87' lang='lat' dir='ltr'><strong>spirituali</strong></span> <span class='ocrx_word' id='word_1_774' title='bbox 1892 2315 2138 2356; x_wconf 87' lang='lat' dir='ltr'><strong>regeneratione</strong></span> <span class='ocrx_word' id='word_1_775' title='bbox 2168 2314 2299 2354; x_wconf 86' lang='lat' dir='ltr'><strong>dignam</strong></span> 
     </span>
     <span class='ocr_line' id='line_1_106' title="bbox 1331 2357 2300 2398; baseline -0.002 -9"><span class='ocrx_word' id='word_1_776' title='bbox 1331 2359 1416 2398; x_wconf 87' lang='lat' dir='ltr'><strong>ipsos</strong></span> <span class='ocrx_word' id='word_1_777' title='bbox 1450 2359 1622 2391; x_wconf 87' lang='lat' dir='ltr'><strong>instituere</strong></span> <span class='ocrx_word' id='word_1_778' title='bbox 1656 2358 1776 2390; x_wconf 88' lang='lat' dir='ltr'><strong>deceat.</strong></span> <span class='ocrx_word' id='word_1_779' title='bbox 1833 2357 1972 2390; x_wconf 89' lang='lat' dir='ltr'><strong>Videtur</strong></span> <span class='ocrx_word' id='word_1_780' title='bbox 2009 2362 2116 2389; x_wconf 88' lang='lat' dir='ltr'><strong>autem</strong></span> <span class='ocrx_word' id='word_1_781' title='bbox 2152 2357 2300 2389; x_wconf 83' lang='lat' dir='ltr'><strong>connecti</strong></span> 
     </span>
     <span class='ocr_line' id='line_1_107' title="bbox 1332 2400 2299 2442; baseline -0.003 -9"><span class='ocrx_word' id='word_1_782' title='bbox 1332 2400 1391 2433; x_wconf 90' lang='lat' dir='ltr'><strong>hoc</strong></span> <span class='ocrx_word' id='word_1_783' title='bbox 1421 2401 1537 2433; x_wconf 88' lang='lat' dir='ltr'><strong>debere</strong></span> <span class='ocrx_word' id='word_1_784' title='bbox 1567 2411 1639 2433; x_wconf 85' lang='lat' dir='ltr'><strong>cum</strong></span> <span class='ocrx_word' id='word_1_785' title='bbox 1669 2401 1833 2432; x_wconf 87' lang='lat' dir='ltr'><strong>sententia</strong></span> <span class='ocrx_word' id='word_1_786' title='bbox 1860 2411 1941 2441; x_wconf 89' lang='lat' dir='ltr'><strong>quae</strong></span> <span class='ocrx_word' id='word_1_787' title='bbox 1972 2401 2118 2442; x_wconf 90' lang='lat' dir='ltr'><strong>proxime</strong></span> <span class='ocrx_word' id='word_1_788' title='bbox 2147 2404 2299 2440; x_wconf 89' lang='lat' dir='ltr'><strong>sequetur</strong></span> 
     </span>
     <span class='ocr_line' id='line_1_108' title="bbox 1332 2443 2300 2484; baseline -0.002 -9"><span class='ocrx_word' id='word_1_789' title='bbox 1332 2443 1370 2475; x_wconf 91' lang='lat' dir='ltr'><strong>de</strong></span> <span class='ocrx_word' id='word_1_790' title='bbox 1397 2444 1547 2476; x_wconf 86' lang='lat' dir='ltr'><strong>rationali</strong></span> <span class='ocrx_word' id='word_1_791' title='bbox 1576 2444 1657 2476; x_wconf 88' lang='lat' dir='ltr'><strong>lacte</strong></span> <span class='ocrx_word' id='word_1_792' title='bbox 1687 2443 1876 2484; x_wconf 88' lang='lat' dir='ltr'><strong>appetendo,</strong></span> <span class='ocrx_word' id='word_1_793' title='bbox 1906 2447 1942 2475; x_wconf 91' lang='lat' dir='ltr'><strong>ut</strong></span> <span class='ocrx_word' id='word_1_794' title='bbox 1970 2443 2103 2475; x_wconf 85' lang='lat' dir='ltr'><strong>vivendi</strong></span> <span class='ocrx_word' id='word_1_795' title='bbox 2132 2443 2215 2475; x_wconf 88' lang='lat' dir='ltr'><strong>ratio</strong></span> <span class='ocrx_word' id='word_1_796' title='bbox 2245 2452 2300 2483; x_wconf 87' lang='lat' dir='ltr'><strong>ge-</strong></span> 
     </span>
     <span class='ocr_line' id='line_1_109' title="bbox 1331 2484 2298 2528; baseline -0.002 -11"><span class='ocrx_word' id='word_1_797' title='bbox 1331 2487 1459 2519; x_wconf 76' lang='lat' dir='ltr'><strong>niturae</strong></span> <span class='ocrx_word' id='word_1_798' title='bbox 1496 2486 1697 2528; x_wconf 87' lang='lat' dir='ltr'><strong>respondeat.</strong></span> <span class='ocrx_word' id='word_1_799' title='bbox 1749 2487 1864 2518; x_wconf 86' lang='lat' dir='ltr'><strong>Potest</strong></span> <span class='ocrx_word' id='word_1_800' title='bbox 1893 2491 2001 2518; x_wconf 88' lang='lat' dir='ltr'><strong>tamen</strong></span> <span class='ocrx_word' id='word_1_801' title='bbox 2031 2486 2127 2517; x_wconf 87' lang='lat' dir='ltr'><strong>latius</strong></span> <span class='ocrx_word' id='word_1_802' title='bbox 2157 2484 2298 2523; x_wconf 88' lang='lat' dir='ltr'><strong>extendi,</strong></span> 
     </span>
     <span class='ocr_line' id='line_1_110' title="bbox 1332 2528 2300 2570; baseline -0.001 -10"><span class='ocrx_word' id='word_1_803' title='bbox 1332 2534 1367 2561; x_wconf 83' lang='lat' dir='ltr'><strong>ut</strong></span> <span class='ocrx_word' id='word_1_804' title='bbox 1388 2530 1559 2562; x_wconf 86' lang='lat' dir='ltr'><strong>cohaereat</strong></span> <span class='ocrx_word' id='word_1_805' title='bbox 1588 2530 1686 2561; x_wconf 89' lang='lat' dir='ltr'><strong>etiam</strong></span> <span class='ocrx_word' id='word_1_806' title='bbox 1709 2538 1783 2561; x_wconf 83' lang='lat' dir='ltr'><strong>cum</strong></span> <span class='ocrx_word' id='word_1_807' title='bbox 1807 2529 2034 2570; x_wconf 87' lang='lat' dir='ltr'><strong>superioribus.</strong></span> <span class='ocrx_word' id='word_1_808' title='bbox 2078 2528 2163 2560; x_wconf 91' lang='lat' dir='ltr'><strong>Nam</strong></span> <span class='ocrx_word' id='word_1_809' title='bbox 2190 2528 2223 2559; x_wconf 91' lang='lat' dir='ltr'><strong>in</strong></span> <span class='ocrx_word' id='word_1_810' title='bbox 2247 2537 2300 2569; x_wconf 88' lang='lat' dir='ltr'><strong>ge-</strong></span> 
     </span>
     <span class='ocr_line' id='line_1_111' title="bbox 1331 2572 2300 2614; baseline -0.002 -11"><span class='ocrx_word' id='word_1_811' title='bbox 1331 2582 1410 2605; x_wconf 88' lang='lat' dir='ltr'><strong>nere</strong></span> <span class='ocrx_word' id='word_1_812' title='bbox 1432 2573 1554 2614; x_wconf 85' lang='lat' dir='ltr'><strong>colligit</strong></span> <span class='ocrx_word' id='word_1_813' title='bbox 1569 2572 1687 2605; x_wconf 88' lang='lat' dir='ltr'><strong>Petrus</strong></span> <span class='ocrx_word' id='word_1_814' title='bbox 1709 2582 1792 2613; x_wconf 87' lang='lat' dir='ltr'><strong>quae</strong></span> <span class='ocrx_word' id='word_1_815' title='bbox 1810 2572 1850 2604; x_wconf 85' lang='lat' dir='ltr'><strong>ad</strong></span> <span class='ocrx_word' id='word_1_816' title='bbox 1873 2572 2016 2604; x_wconf 87' lang='lat' dir='ltr'><strong>studium</strong></span> <span class='ocrx_word' id='word_1_817' title='bbox 2032 2576 2139 2604; x_wconf 89' lang='lat' dir='ltr'><strong>rectae</strong></span> <span class='ocrx_word' id='word_1_818' title='bbox 2154 2574 2186 2603; x_wconf 86' lang='lat' dir='ltr'><strong>et</strong></span> <span class='ocrx_word' id='word_1_819' title='bbox 2208 2580 2300 2602; x_wconf 83' lang='lat' dir='ltr'><strong>sanc-</strong></span> 
     </span>
     <span class='ocr_line' id='line_1_112' title="bbox 1332 2611 2298 2656; baseline -0.003 -10"><span class='ocrx_word' id='word_1_820' title='bbox 1332 2619 1382 2646; x_wconf 89' lang='lat' dir='ltr'><strong>tae</strong></span> <span class='ocrx_word' id='word_1_821' title='bbox 1404 2616 1490 2648; x_wconf 83' lang='lat' dir='ltr'><strong>vitae</strong></span> <span class='ocrx_word' id='word_1_822' title='bbox 1512 2616 1647 2648; x_wconf 89' lang='lat' dir='ltr'><strong>incitare</strong></span> <span class='ocrx_word' id='word_1_823' title='bbox 1670 2625 1728 2647; x_wconf 92' lang='lat' dir='ltr'><strong>nos</strong></span> <span class='ocrx_word' id='word_1_824' title='bbox 1751 2618 1895 2656; x_wconf 88' lang='lat' dir='ltr'><strong>possunt.</strong></span> <span class='ocrx_word' id='word_1_825' title='bbox 1941 2615 2013 2647; x_wconf 86' lang='lat' dir='ltr'><strong>Hoc</strong></span> <span class='ocrx_word' id='word_1_826' title='bbox 2035 2624 2112 2656; x_wconf 86' lang='lat' dir='ltr'><strong>ergo</strong></span> <span class='ocrx_word' id='word_1_827' title='bbox 2135 2617 2184 2646; x_wconf 84' lang='lat' dir='ltr'><strong>est</strong></span> <span class='ocrx_word' id='word_1_828' title='bbox 2206 2611 2298 2646; x_wconf 84' lang='lat' dir='ltr'><strong>Petri</strong></span> 
     </span>
     <span class='ocr_line' id='line_1_113' title="bbox 1331 2657 2297 2699; baseline -0.003 -10"><span class='ocrx_word' id='word_1_829' title='bbox 1331 2659 1510 2698; x_wconf 87' lang='lat' dir='ltr'><strong>consilium,</strong></span> <span class='ocrx_word' id='word_1_830' title='bbox 1533 2661 1569 2691; x_wconf 87' lang='lat' dir='ltr'><strong>ut</strong></span> <span class='ocrx_word' id='word_1_831' title='bbox 1588 2658 1699 2690; x_wconf 84' lang='lat' dir='ltr'><strong>doceat</strong></span> <span class='ocrx_word' id='word_1_832' title='bbox 1714 2668 1772 2691; x_wconf 89' lang='lat' dir='ltr'><strong>nos</strong></span> <span class='ocrx_word' id='word_1_833' title='bbox 1796 2669 1860 2689; x_wconf 89' lang='lat' dir='ltr'><strong>non</strong></span> <span class='ocrx_word' id='word_1_834' title='bbox 1883 2658 1952 2690; x_wconf 89' lang='lat' dir='ltr'><strong>sine</strong></span> <span class='ocrx_word' id='word_1_835' title='bbox 1968 2657 2212 2699; x_wconf 85' lang='lat' dir='ltr'><strong>regeneratione</strong></span> <span class='ocrx_word' id='word_1_836' title='bbox 2227 2664 2297 2687; x_wconf 86' lang='lat' dir='ltr'><strong>esse</strong></span> 
     </span>
    </p>
   </div>
   <div class='ocr_carea' id='block_1_10' title="bbox 2509 161 2513 741">
    <p class='ocr_par' dir='ltr' id='par_1_13' title="bbox 2509 161 2513 741">
     <span class='ocr_line' id='line_1_114' title="bbox 2509 161 2513 741; baseline 0 0"><span class='ocrx_word' id='word_1_837' title='bbox 2509 161 2513 741; x_wconf 95' lang='lat' dir='ltr'><strong> </strong></span> 
     </span>
    </p>
   </div>
   <div class='ocr_carea' id='block_1_11' title="bbox 2463 979 2513 3126">
    <p class='ocr_par' dir='ltr' id='par_1_14' title="bbox 2463 979 2513 3126">
     <span class='ocr_line' id='line_1_115' title="bbox 2463 979 2513 3126; baseline 0 0"><span class='ocrx_word' id='word_1_838' title='bbox 2463 979 2513 3126; x_wconf 95' lang='lat' dir='ltr'><strong> </strong></span> 
     </span>
    </p>
   </div>
  </div>
 </body>
</html>
