2513 3126
178 195 238 226 105

178 297 322 332 pastores
345 296 376 322 et
399 291 555 331 doctores,
578 294 638 323 etc.
676 291 764 323 Hinc
782 298 914 332 apparet
937 292 1017 322 nihil
1041 293 1148 323 minus

177 334 352 375 prophetae
375 335 502 366 venisse
533 335 564 365 in
593 340 742 369 mentem.
774 345 868 374 quam
892 335 1029 374 spoliare
1053 334 1149 365 eccle-

178 378 258 409 siam
284 382 349 407 tam
374 378 553 408 necessario
577 377 668 408 bono.
706 377 844 408 Tantum
870 378 1010 408 indicare
1035 376 1148 413 voluit,

179 419 285 450 Deum
315 420 425 460 parvis
448 430 485 451 ac
514 420 641 460 magnis
665 431 697 451 se
721 421 967 459 patefacturum,
997 418 1149 459 quemad-

178 462 309 493 modum
341 468 373 493 et
403 462 467 493 Ioel
498 462 652 502 praedicit
681 463 785 502 capite
808 462 836 496 2,
861 462 912 493 28.
958 462 1017 492 Est
1040 468 1149 492 autem

180 506 283 536 obiter
306 505 365 535 hoc
381 515 509 545 quoque
526 505 712 542 notandum,
735 505 939 545 peculiariter
955 504 1038 535 hanc
1053 513 1150 534 sanae

180 547 412 588 intelligentiae
443 548 545 579 lucem
579 548 731 579 ecclesiae
760 547 914 586 promitti.
960 546 1069 584 Quare
1099 545 1150 576 hic

179 591 267 622 locus
291 590 420 621 nonnisi
443 591 481 620 ad
506 590 694 621 domesticos
718 588 790 619 fidei
816 589 964 627 pertinet.

269 633 317 663 13.
362 632 500 664 Dicendo
530 642 651 663 novum.
696 631 745 661 Ab
773 631 869 661 unius
888 630 1039 662 contrarii
1057 630 1149 669 posi-

179 677 258 708 tione
274 675 401 707 atterius
415 675 595 706 eversionem
611 674 739 713 colliyit:
753 677 814 711 eta,
831 683 869 703 ex
887 674 1018 703 nomine
1032 673 1150 704 veteris

181 719 374 755 testamenti,
405 722 631 757 argumentum
664 716 809 755 assumit,
841 715 1019 754 oportuisse
1043 719 1147 755 ipsum

182 761 339 800 abrogari.
392 759 547 790 Vetustas
576 760 660 789 enim
692 757 731 788 ad
762 757 929 788 interitum
961 758 1149 798 propendet.

182 802 307 835 Deinde
339 802 413 841 quia
446 810 566 831 novum
600 800 822 836 substituitur,
858 811 987 831 necesse
1027 807 1074 832 est
1114 806 1149 832 ut

181 846 269 886 prius
286 843 365 875 illud
382 843 523 874 desinat:
548 843 625 882 quia
650 843 710 873 hoc
733 843 920 878 secundum,
945 843 1078 875 alterius
1101 849 1149 874 est

180 888 316 928 generis,
339 885 606 925 quemadmodum
632 885 751 916 dictum
776 891 834 916 est.
879 885 973 924 Quod
997 887 1023 917 si
1043 892 1146 918 totum

180 930 280 962 Mosis
303 928 533 968 ministerium,
556 934 714 968 quatenus
738 928 863 959 Christi
887 929 1066 961 ministerio
1090 940 1146 969 op-

179 973 318 1013 ponitur,
340 971 468 1002 interit:
493 974 620 1003 cessant
643 971 739 1002 etiam
763 972 993 1003 caeremoniae.

522 1099 703 1138 CAPUT
726 1099 798 1139 IX.

264 1186 291 1217 1.
316 1185 455 1216 Habebat
471 1184 595 1224 quidem
605 1184 702 1224 prius
722 1184 804 1216 illud
826 1185 1062 1223 iustificationes
1083 1187 1146 1218 cul-

176 1231 236 1269 tus,
266 1231 293 1259 et
320 1230 461 1259 sanctum
489 1227 693 1258 mundanum.
739 1227 768 1258 2.
794 1227 1040 1260 Tabernaculum
1065 1230 1147 1261 enim

171 1272 311 1311 primum
347 1270 546 1310 compositum
582 1272 663 1308 erat,
700 1270 734 1301 in
771 1280 829 1310 quo
865 1271 1084 1303 candelabrum
1121 1275 1148 1303 et

175 1323 291 1353 mensa,
329 1315 356 1344 et
388 1323 509 1352 panum
540 1313 722 1353 propositio,
760 1313 840 1353 quod
881 1313 996 1345 dicitur
1029 1318 1146 1346 sancta.

176 1356 206 1388 3.
238 1355 314 1387 Post
343 1356 510 1387 secundum
539 1358 642 1387 autem
670 1355 779 1395 velum,
811 1355 1041 1388 tabernaculum
1068 1358 1148 1397 quod

175 1402 281 1431 sancta
303 1401 480 1430 sanctorum
502 1398 627 1437 dicitur,
671 1399 702 1430 4.
725 1409 855 1430 aureum
871 1398 985 1431 liabens
1007 1400 1146 1431 thuribu-

175 1442 249 1479 lum,
283 1444 311 1473 et
338 1451 445 1473 aream
470 1442 606 1482 foederis
635 1442 772 1482 undique
798 1445 971 1481 coopertam
992 1453 1080 1483 auro,
1112 1444 1147 1475 in

175 1495 238 1525 qua
258 1495 341 1516 urna
363 1495 459 1516 aurea
482 1484 595 1516 habens
617 1495 741 1523 manna,
771 1487 797 1516 et
824 1486 913 1525 virya
937 1486 1045 1517 Aaron
1068 1497 1147 1526 quae

172 1528 328 1566 floruerat,
350 1530 377 1558 et
391 1527 513 1558 tabulae
528 1529 706 1559 testamenti.
743 1527 772 1559 5.
794 1527 899 1567 Supra
914 1531 1017 1560 autem
1032 1529 1146 1568 ipsam,

177 1569 342 1602 Cherubim
361 1570 479 1610 ,alariae
500 1569 712 1602 obumbrantes
730 1571 999 1610 propitiatorium:
1020 1572 1058 1604 de
1078 1573 1147 1612 qui-

176 1612 233 1645 bus
254 1623 316 1645 non
338 1613 445 1644 attinet
465 1623 547 1644 nunc
567 1613 666 1645 dicere
686 1613 861 1654 sigillatim.

262 1699 290 1731 1.
314 1698 452 1730 Habebat
475 1698 598 1738 quidem
614 1698 720 1738 prius.
766 1699 943 1739 Postquam
971 1700 1004 1731 in
1028 1710 1147 1741 genere

176 1742 216 1773 de
231 1741 439 1782 abrogatione
455 1742 575 1773 veteris
594 1742 779 1773 testamenti
803 1742 956 1782 loquutus
979 1748 1036 1781 est,
1061 1754 1146 1775 nunc

175 1784 359 1825 specialiter
387 1785 427 1815 ad
460 1784 678 1816 caeremonias
702 1795 883 1816 sermonem
908 1785 999 1816 illum
1024 1796 1146 1818 accom-

175 1827 295 1859 modat.
341 1826 524 1859 Consilium
555 1834 663 1858 autem
686 1829 755 1858 eius
777 1833 835 1864 est,
870 1829 1041 1860 ostendere
1064 1829 1146 1860 nihil

177 1874 255 1901 tunc
274 1870 371 1901 fuisse
389 1870 422 1901 in
446 1880 508 1901 usu
531 1870 583 1901 cui
605 1870 704 1901 finem
729 1880 794 1901 non
817 1871 1006 1910 imposuerit
1023 1871 1147 1904 Christi

176 1912 345 1944 adventus.
391 1912 553 1952 Principio
583 1913 660 1944 dicit
683 1913 717 1944 in
742 1920 844 1945 veteri
867 1919 1061 1946 testamento
1083 1925 1148 1946 cer-

177 1959 244 1986 tam
258 1955 354 1987 fuisse
366 1954 481 1986 Divini
493 1955 600 1987 cultus
612 1955 769 1996 regulam,
786 1962 817 1987 et
830 1967 910 1996 quae
927 1957 1148 1996 pecculiariter

179 1999 316 2038 tempori
347 2003 548 2038 congrueret.
594 1998 713 2030 Postea.
735 2010 776 2030 ex
799 2001 1039 2038 comparatione
1063 2007 1148 2041 pate-

177 2040 233 2081 bit,
256 2041 367 2081 quales
382 2041 502 2072 fuerint
517 2052 629 2072 omnes
651 2041 697 2072 illi
721 2043 803 2072 ritus
826 2043 882 2082 qui
905 2043 939 2073 in
963 2043 1034 2083 lege
1057 2053 1149 2083 prae-

177 2084 289 2123 scripti
320 2090 422 2115 erunt.
467 2083 636 2123 Quaedam
666 2084 864 2124 exemplaria
895 2084 1016 2116 habent
1038 2085 1148 2128 πρώτη

177 2125 290 2168 σκηνή,
315 2127 454 2166 primum
471 2126 724 2165 tabernaculum,
747 2127 802 2158 sed
821 2128 972 2159 mendum
997 2129 1147 2160 existimo

176 2169 211 2200 in
242 2169 439 2201 tabernaculi
471 2170 614 2201 nomine:
646 2180 704 2201 nec
727 2170 838 2202 dubito
861 2171 937 2210 quin
961 2170 1078 2211 aliquis
1100 2173 1147 2203 in-

177 2211 290 2243 doctus
323 2212 440 2249 lector,
479 2222 577 2252 quum
612 2212 806 2244 adiectivum
841 2214 910 2244 sine
944 2213 1147 2246 substantivo

176 2253 308 2295 legeret,
340 2265 397 2294 pro
428 2265 486 2286 sua
518 2256 645 2287 inscitia
672 2256 710 2286 ad
739 2256 981 2287 tabernaculum
1005 2258 1148 2288 referens

177 2297 260 2336 quod
278 2298 316 2329 de
331 2297 457 2329 foedere
473 2297 593 2329 dictum
618 2305 695 2334 erat,
720 2299 841 2340 σκηνὴν
866 2309 1034 2339 perperam
1059 2300 1147 2331 addi-

178 2339 270 2372 derit.
317 2340 493 2372 Invaluisse
514 2350 584 2372 vero
606 2351 742 2373 errorem
764 2343 864 2381 ictum,
887 2344 920 2373 ut
947 2352 1058 2382 mayno
1079 2352 1147 2374 con-

178 2391 270 2413 sensu
291 2383 336 2414 ita
357 2383 475 2424 Ieyatur
495 2384 582 2422 apud
607 2383 751 2420 Graecos,
781 2384 869 2416 valde
891 2385 1013 2424 quidem
1035 2386 1148 2417 miror.-

179 2424 232 2455 sed
252 2426 416 2457 necessitas
443 2427 522 2467 coqit
541 2429 692 2458 vetustam
713 2427 867 2458 lectionem
888 2428 985 2467 sequi.
1032 2427 1118 2459 Nam
1126 2429 1148 2466 ¹)

181 2467 342 2506 apostolus
373 2467 424 2509 (ut.
463 2470 525 2500 iam
561 2469 640 2511 dixi)
678 2471 827 2510 loquutus
857 2470 895 2501 de
927 2472 1027 2501 veteri
1052 2476 1147 2502 testa-

181 2516 301 2549 mento,
331 2520 416 2542 nunc
445 2512 485 2543 ad
514 2514 731 2544 caeremonias
762 2513 926 2544 descendit
949 2523 1031 2553 quae
1054 2520 1146 2545 erant

181 2551 281 2590 ipsius
320 2552 419 2583 veluti
459 2556 665 2586 accessiones.
723 2556 895 2596 Significat
934 2566 1024 2596 erg0,
1066 2557 1146 2588 ritus

268 2643 288 2675 ¹)
306 2642 396 2675 Atqui.

1060 194 1208 227 CAPUT
1239 194 1288 226 IX

2111 199 2169 230 106

1202 302 1313 323 omnes
1348 293 1428 333 legis
1463 294 1619 324 mosaicae
1655 299 1776 332 partem
1819 304 1888 325 esse
1920 295 2038 324 veteris
2071 300 2166 326 testa-

1202 336 1317 366 menti:
1353 342 1384 366 οι
1418 335 1551 366 eandem
1585 345 1697 374 sapere
1730 340 1931 371 vetustatem.
1967 342 2002 367 ut
2036 337 2169 368 interire

1203 378 1287 417 ipsos
1319 384 1472 417 oporteat.
1518 377 1671 418 Λατρείας
1703 379 1794 409 multi
1825 379 1856 409 in
1888 380 2071 410 accusativo
2100 380 2168 419 plu-

1203 420 1259 450 rali
1291 421 1460 459 accipiunt.
1507 421 1576 461 Ego
1606 421 1645 451 iis
1672 421 1777 460 potius
1799 422 1956 452 assentior
1979 422 2031 461 qui
2052 421 2168 452 δικαιό-

1203 472 1287 502 ματα
1309 462 1453 504 λατρείας
1476 463 1571 494 simul
1594 463 1803 503 coniungunt.
1844 464 1923 494 Nam
1948 465 2094 496 instituta
2119 466 2167 495 vel

1203 506 1283 535 ritus
1312 517 1391 545 quos
1414 506 1554 537 Hebraei
1578 511 1670 553 ΒῬἹΠ
1695 512 1821 546 vocant,
1846 506 1961 538 Graeci
1981 507 2169 548 δικαιὸματα

1204 552 1383 587 verterunt.
1429 548 1551 580 Sensus
1574 557 1631 585 est,
1663 548 1765 580 veteri
1790 552 1983 580 testamento
2006 560 2168 581 annexam

1203 588 1299 620 fuisse
1321 596 1419 621 totam
1443 591 1530 621 illam
1555 592 1712 623 rationem
1734 591 1858 622 colendi
1878 591 1946 628 Dei,
1971 603 2051 632 quae
2074 592 2170 624 sacri-

1204 632 1293 671 ficiis,
1327 633 1552 670 ablutionibus,
1587 640 1619 665 et
1651 634 1780 674 reliquis
1810 633 1967 675 symbolis
1995 636 2170 673 constabat,

1204 684 1267 704 una
1290 685 1362 705 cum
1387 677 1579 708 sanctuario.
1625 677 1676 708 Et
1707 683 1888 708 sanctum
1921 677 2169 709 mundanum

1204 722 1303 754 vocat,
1334 718 1407 756 quia
1436 719 1500 749 illis
1532 719 1674 750 nondum
1704 720 1833 751 suberat.
1862 719 2008 751 coelestis
2039 721 2168 752 veritas.

1203 758 1409 798 Quamquam
1427 762 1511 791 enim
1531 762 1637 802 imago
1662 768 1730 793 erat
1751 762 1847 802 primi
1870 762 2062 802 exemplaris
2086 762 2169 802 quod

1204 800 1286 831 Mosi
1310 808 1379 831 erat
1400 808 1576 841 ostensum,
1600 811 1705 835 tamen
1730 805 1837 845 imago
1866 815 1884 835 a
1915 805 2020 845 reipsa
2048 805 2168 835 differt:

1203 843 1392 883 praesertim
1425 855 1498 875 vero
1529 847 1582 876 ubi
1613 847 1696 878 inter
1725 858 1758 878 se
1785 847 1994 879 conferuntur
2016 852 2170 887 tanquam

1202 896 1252 916 res
1282 886 1457 925 oppositae,
1487 887 1581 918 sicuti
1613 889 1671 920 hoc
1696 890 1771 920 loco.
1817 890 1926 928 Quare
1949 890 2168 922 sanctuarium

1201 929 1234 959 in
1267 939 1301 959 se
1331 928 1458 968 quidem
1483 933 1646 961 terrenum
1671 932 1739 968 fuit,
1768 939 1798 963 et
1822 933 1890 963 iure
1914 938 2063 964 censetur
2086 934 2170 964 inter

1202 971 1312 1002 mundi
1343 971 1518 1003 elementa:
1549 973 1684 1004 coeleste
1708 981 1815 1005 tamen
1846 975 1904 1005 fuit
1937 975 2039 1016 quoad
2069 976 2168 1016 signi-

1200 1014 1391 1046 ficationem.

1285 1057 1315 1087 2.
1342 1057 1588 1089 Tabernaculum
1610 1059 1701 1099 enim,
1729 1061 1779 1090 etc.
1825 1059 1909 1098 Quia
1932 1060 1984 1092 hic
2007 1061 2170 1100 apostolus

1201 1099 1396 1131 tabernaculi
1413 1107 1605 1132 structuram
1623 1101 1739 1132 leviter
1754 1105 1880 1133 tantum
1904 1104 2042 1143 attingit,
2067 1114 2169 1143 neque

1202 1143 1273 1182 plus
1297 1143 1328 1173 in
1355 1153 1391 1173 ea
1414 1144 1608 1174 immoratur
1631 1153 1726 1183 quam
1750 1144 1832 1175 ferat
1856 1147 2037 1185 argumenti
2062 1155 2169 1177 neces·

1200 1186 1292 1216 sitas:
1317 1196 1375 1225 ego
1398 1187 1495 1217 etiam
1519 1187 1558 1217 ab
1582 1196 1618 1217 ea
1641 1186 1793 1217 subtilius
1816 1188 2005 1226 explicanda
2023 1188 2169 1220 consulto

1200 1229 1401 1268 supersedeo.
1446 1229 1534 1269 Ergo
1564 1229 1649 1269 quod
1673 1229 1712 1260 ad
1737 1236 1936 1269 praesentem
1962 1231 2067 1261 locum
2090 1232 2169 1263 satis

1200 1277 1257 1307 est,
1282 1270 1525 1303 tabernaculum
1543 1271 1725 1303 dividamus
1743 1273 1775 1302 in
1796 1278 1860 1303 tres
1886 1278 2007 1312 partes:
2032 1284 2168 1313 quarum

1202 1315 1304 1354 prima
1338 1315 1380 1344 sit
1413 1314 1532 1345 atrium
1567 1314 1690 1355 populi:
1735 1315 1840 1346 media
1874 1316 1915 1346 sit
1949 1317 2167 1348 sanctuarium

1200 1358 1415 1388 communiter
1444 1357 1657 1397 appellatum:
1692 1363 1854 1397 postrema
1877 1359 2098 1389 sanctuarium
2122 1360 2168 1390 in-

1201 1400 1311 1439 terius,
1342 1399 1425 1439 quod
1448 1406 1594 1431 sancta
1616 1405 1857 1432 sanctorum
1885 1400 1958 1432 κατ’
1979 1400 2095 1443 ἐξοχὴν
2118 1412 2170 1433 vo-

1200 1448 1281 1473 cant.
1314 1441 1408 1481 Quod
1426 1442 1465 1473 ad
1483 1443 1570 1482 prius
1586 1444 1807 1475 sanctuarium
1831 1444 1955 1481 attinet,
1979 1445 2063 1485 quod
2087 1445 2169 1476 atrio

1201 1485 1309 1525 populi
1341 1485 1529 1525 contiguum
1559 1490 1637 1523 erat,
1671 1486 1748 1517 dicit
1770 1486 1836 1517 illic
1859 1487 1958 1518 fuisse
1979 1487 2170 1519 candela-

1201 1529 1329 1566 brum,
1352 1532 1391 1559 et
1414 1538 1588 1560 mensam
1612 1529 1644 1559 in
1668 1539 1730 1569 qua
1754 1539 1882 1568 panes
1910 1535 2004 1561 erant
2026 1530 2170 1562 collocati

1199 1570 1254 1602 sed
1285 1571 1389 1602 locum
1420 1571 1510 1602 illum
1542 1571 1575 1602 in
1602 1571 1720 1612 plurali
1744 1577 1838 1603 vocat
1860 1573 1899 1603 τὰ
1922 1573 2006 1614 ἅγια.
2052 1572 2171 1605 Subse-

1199 1614 1360 1653 quebatur
1376 1613 1510 1654 adytum
1526 1613 1606 1645 illud
1626 1614 1708 1654 quod
1731 1620 1843 1646 sancta
1866 1622 2051 1647 sanctorum
2076 1625 2170 1647 voca-

1200 1657 1287 1696 bant,
1310 1657 1413 1696 magis
1430 1662 1588 1688 remotum
1605 1666 1623 1687 a
1639 1657 1748 1697 populi
1767 1661 1960 1697 conspectu:
1984 1659 2050 1690 imo
2072 1659 2168 1690 etiam

1199 1699 1401 1731 sacerdotum
1431 1700 1486 1739 qui
1517 1700 1550 1730 in
1580 1700 1688 1739 priore
1719 1700 1904 1731 sanctuario
1928 1701 2168 1733 ministrabant.

1200 1743 1283 1774 Nam
1305 1752 1404 1782 quum
1432 1742 1622 1782 interposito
1644 1742 1717 1774 velo
1740 1742 1945 1774 clauderetur
1966 1744 2058 1783 prius
2081 1754 2171 1775 sanc-

1200 1786 1349 1822 tuarium,
1382 1784 1518 1816 alterum
1552 1785 1660 1816 velum
1688 1785 1871 1817 sacerdotes
1894 1796 1913 1816 a
1935 1788 2055 1818 sanctis
2077 1797 2170 1819 sanc-

1200 1833 1304 1859 torum
1328 1828 1465 1859 arcebat.
1511 1827 1583 1859 Illic
1610 1828 1773 1868 apostolus
1797 1828 1873 1859 dicit
1896 1828 1993 1860 fuisse
2014 1828 2171 1871 θυμιατή-

1200 1881 1280 1913 ριον,
1314 1881 1375 1910 quo
1409 1870 1540 1901 nomine
1573 1871 1674 1902 altare
1709 1871 1836 1902 suffitus
1861 1871 1911 1902 vel
1946 1872 2169 1912 thymiamatis

1200 1915 1305 1954 potius
1328 1913 1484 1954 intelligo,
1516 1923 1614 1954 quam
1638 1913 1910 1946 thuribulum.
1956 1913 2083 1946 Deinde
2107 1925 2170 1946 ar—

1199 1967 1285 1989 cam
1309 1955 1495 1987 foederis
1517 1966 1589 1988 cum
1613 1966 1670 1987 suo
1692 1956 1851 1997 operculo,
1879 1956 1958 1988 duos
1981 1956 2170 1995 Cherubim,

1201 2009 1341 2031 urnam
1376 2009 1544 2030 auream
1578 2009 1727 2030 manna
1760 2000 1972 2039 refertam,
2014 2000 2170 2041 virgam

1200 2045 1335 2074 Aaron
1370 2046 1409 2072 et
1441 2041 1543 2073 duas
1578 2041 1752 2074 tabulas.
1799 2041 1975 2082 Hucusque
2006 2042 2171 2083 apostolus

1201 2086 1234 2116 in
1266 2084 1461 2116 tabernaculi
1492 2084 1708 2125 descriptione
1731 2085 1948 2124 propreditur.
1995 2085 2169 2117 Caeterum

1199 2128 1283 2168 quod
1299 2137 1413 2158 urnam
1431 2127 1484 2158 ubi
1501 2137 1618 2158 manna
1641 2133 1827 2167 reposuerat
1844 2127 1961 2164 Moses,
1986 2131 2019 2159 et
2043 2129 2167 2169 virgam

1200 2173 1308 2202 Aaron
1333 2180 1413 2210 quae
1436 2170 1599 2208 floruerat,
1622 2170 1698 2201 dicit
1722 2171 1754 2201 in
1779 2180 1854 2202 arca
1877 2171 1975 2202 fuisse
1998 2181 2072 2202 cum
2093 2171 2167 2202 dua-

1200 2215 1258 2245 bus
1293 2213 1424 2250 tabulis,
1459 2212 1588 2244 videtur
1623 2223 1767 2254 pugnare
1801 2222 1874 2244 cum
1908 2223 2001 2245 sacra
2036 2214 2169 2245 historia

1199 2267 1278 2297 quae
1302 2256 1407 2295 priore
1431 2255 1557 2296 Regum
1581 2255 1673 2294 libro,
1697 2256 1801 2296 capite
1818 2256 1847 2296 8,
1871 2256 1900 2294 9,
1924 2257 2022 2287 refert
2038 2256 2118 2287 nihil
2134 2257 2168 2287 in

1199 2309 1272 2330 arca
1305 2298 1403 2329 fuisse
1437 2305 1565 2338 praeter
1598 2298 1679 2330 duas
1712 2299 1846 2330 tabulas.
1891 2298 1957 2330 Sed
1990 2299 2091 2331 facilis
2121 2304 2170 2330 est

1200 2342 1314 2373 horum
1335 2341 1476 2372 locorum
1492 2341 1688 2373 conciliatio:
1713 2352 1830 2372 urnam
1854 2346 1887 2372 et
1911 2342 2036 2382 virgam
2061 2343 2169 2373 Aaron

1200 2385 1288 2416 Deus
1303 2384 1439 2415 iusserat
1461 2393 1568 2415 coram
1592 2384 1780 2416 testimonio
1804 2385 1925 2424 reponi.
1966 2384 2077 2423 Quare
2100 2395 2170 2424 pro-

1200 2427 1302 2458 babile
1318 2432 1375 2464 est,
1399 2426 1432 2457 iu
1450 2436 1523 2457 arca
1541 2426 1637 2458 simul
1660 2437 1733 2458 cum
1758 2427 1875 2458 tabulis
1898 2427 1995 2458 fuisse
2019 2428 2169 2459 inclusas.

1200 2470 1307 2509 Quum
1332 2476 1440 2500 autem
1464 2469 1619 2510 templum
1643 2475 1846 2501 exstructum
1871 2476 1929 2508 est,
1961 2475 2036 2501 tunc
2058 2469 2171 2502 ordine

1198 2512 1325 2553 singula
1358 2511 1559 2552 digeruntur.
1614 2512 1660 2543 Et
1696 2518 1782 2544 certe
1816 2513 1951 2544 historia
1985 2512 2044 2545 hoc
2078 2512 2168 2553 quasi

1200 2565 1318 2586 novum
1342 2559 1582 2593 commemorat,
1618 2554 1703 2595 quod
1725 2565 1800 2587 arca
1830 2555 1911 2587 nihil
1935 2560 2065 2596 praeter
2088 2556 2168 2586 duas

1199 2597 1325 2629 tabulas
1350 2597 1507 2628 habuerit.

1284 2640 1314 2671 ὃ.
1337 2639 1387 2671 De
1415 2640 1524 2680 quibus
1550 2650 1613 2671 non
1642 2640 1748 2671 attinet
1776 2650 1866 2680 nune,
1902 2643 1955 2673 etc.
2006 2640 2167 2679 Quoniam
