2513 3126
155 226 218 258 469

157 323 252 355 titulo
290 334 324 355 se
356 323 543 354 Libertinos
577 324 703 354 vocant.
759 319 843 351 Nam
878 319 981 360 plenis
1016 319 1123 352 buccis

157 367 307 406 spiritum
331 370 363 397 et
383 365 562 405 spiritualia
585 366 762 404 crepantes,
785 363 874 402 quasi
898 373 998 403 supra
1021 362 1123 394 nubes

160 414 317 447 tonarent,
340 409 458 440 multos
481 408 548 439 suis
571 406 753 447 praestigiis
776 405 951 437 fascinant:
979 409 1015 436 ut
1038 405 1123 436 dicas

159 452 336 492 apostolum
369 451 409 483 de
439 451 489 482 his
519 449 646 490 proprie
676 448 887 480 vaticinatum
918 459 997 480 esse.
1048 448 1123 479 Ioco

158 494 242 525 enim
267 499 300 525 et
322 494 433 526 sannis
449 492 556 524 omnia
573 491 751 532 excipiunt:
775 495 806 522 et
822 491 967 530 quamvis
984 491 1124 522 maxime

159 538 226 568 sint
256 537 379 574 insulsi,
409 536 483 576 quia
511 538 618 565 tamen
643 533 732 565 vitiis
762 533 914 564 omnibus
944 533 1124 573 indulgent,

159 579 297 620 gratiam
330 580 364 610 in
398 578 465 610 suis
499 577 606 608 nescio
640 576 755 616 quibus
786 576 909 607 facetiis
941 576 1123 608 inveniunt.

159 622 284 662 Scopus
313 627 370 659 est,
400 624 436 651 ut
463 619 589 651 sublato
613 619 687 650 boni
711 624 744 650 et
766 619 843 650 mali
878 619 1003 651 delectu
1033 618 1124 659 quid-

158 665 209 696 vis
238 665 347 696 liceat:
381 662 420 694 ab
450 662 540 693 omni
571 662 679 703 legum
710 661 910 694 subiectione
939 662 1036 693 soluti
1067 661 1124 692 ho-

159 708 279 746 mines,
320 705 444 737 libidini
485 715 561 736 suae
601 705 830 744 obsequantur.
898 704 1008 743 Quare
1046 704 1125 735 haec

159 750 293 790 epistola
315 758 380 780 non
403 758 516 788 parum
541 748 638 779 aetati
662 752 790 778 nostrae
813 747 953 787 prodest.

242 792 386 824 Inescant
410 801 469 831 per
497 791 766 831 concupiscentias.
812 790 991 830 Eleganter
1021 788 1125 820 hamis

157 840 321 875 comparat
349 835 521 874 impiorum
545 833 722 872 illecebras,
752 833 827 864 dum
852 832 978 873 quidvis
1002 832 1124 864 licitum

157 878 287 910 faciunt.
333 876 417 908 Nam
447 881 484 907 ut
510 875 701 916 cupiditates
724 875 892 907 hominum
916 885 1028 907 caecae
1051 879 1126 905 sunt

156 931 192 952 ac
214 920 388 959 famelicae,
419 919 515 950 simul
538 929 576 950 ac
598 919 705 950 oblata
729 925 777 950 est
800 918 940 955 licentia,
968 928 1038 949 eam
1062 917 1123 948 fer-

156 962 228 995 vido
244 963 366 1003 impetu
382 962 557 1002 arripiunt:
581 962 637 992 sed
654 961 750 1002 paulo
766 965 839 1002 post
856 961 994 992 sentitur
1010 960 1126 991 hamus

155 1006 242 1037 intus
286 1005 504 1046 strangulans.
569 1004 740 1036 Caeterum
786 1004 969 1044 expendere
1009 1013 1126 1042 operae

154 1049 295 1088 pretium
325 1054 375 1079 est
403 1052 503 1078 totam
533 1047 668 1087 apostoli
700 1048 907 1078 sententiam.
956 1046 1044 1077 Dicit
1073 1056 1126 1077 eos

155 1091 210 1130 qui
234 1102 268 1122 re
290 1091 359 1131 ipsa
382 1090 421 1121 ab
445 1091 622 1121 errantium
646 1092 809 1121 consortio
826 1089 1030 1130 aufugerant,
1054 1098 1125 1119 rur-

155 1144 211 1165 sus
240 1145 325 1165 novo
356 1134 474 1164 erroris
502 1143 620 1173 genere
651 1133 773 1172 decipi:
806 1142 922 1172 nempe
955 1132 1031 1162 dum
1061 1131 1126 1162 illis

156 1176 196 1208 ad
219 1187 346 1208 omnem
371 1176 655 1216 intemperantiam
680 1176 823 1207 habenae
846 1175 1008 1206 laxantur.
1054 1174 1127 1212 Quo

156 1219 308 1251 admonet
345 1229 440 1260 quam
478 1219 676 1259 periculosae
713 1219 778 1250 sint
811 1219 946 1250 istorum
981 1217 1125 1248 insidiae.

156 1262 242 1293 Illud
264 1263 350 1294 enim
374 1263 438 1293 iam
461 1267 531 1293 erat
554 1261 708 1293 horribile
731 1260 925 1300 exemplum,
950 1260 1034 1300 quod
1057 1269 1125 1291 cae-

157 1305 236 1337 citas
259 1311 291 1336 et
313 1305 431 1336 densae
454 1305 604 1336 tenebrae
629 1310 728 1336 totum
746 1305 812 1335 fere
828 1303 1007 1334 humanum
1023 1312 1127 1343 genus

155 1348 361 1388 occupabant.
406 1347 479 1379 Hoc
508 1349 616 1388 itaque
646 1347 766 1387 duplex
796 1346 1033 1387 quodammodo
1056 1348 1127 1376 erat

155 1393 354 1431 portentum,
381 1391 529 1422 homines
552 1401 569 1421 a
592 1390 756 1422 communi
779 1390 893 1421 mundi
917 1399 1025 1420 errore
1049 1388 1125 1419 libe-

155 1438 241 1465 ratos
271 1439 343 1474 post
373 1438 556 1474 perceptam
581 1434 644 1464 Dei
671 1433 775 1464 lucem
799 1433 832 1463 in
856 1432 1035 1463 belluinum
1059 1437 1126 1463 stu-

155 1487 266 1517 porem
290 1476 423 1509 revolvi.
465 1476 552 1508 Hinc
577 1487 746 1507 monemur
770 1475 848 1516 quid
872 1475 1012 1506 maxime
1035 1474 1126 1505 nobis

155 1519 334 1550 cavendum
359 1521 411 1559 sit,
435 1525 605 1559 postquam
625 1518 724 1550 semel
742 1518 915 1549 illuminati
932 1526 1059 1548 sumus:
1086 1527 1126 1547 ne

157 1562 279 1594 scilicet
312 1562 460 1593 licentiae
495 1565 668 1602 praetextu
699 1572 756 1593 nos
787 1561 908 1592 alliciat
937 1560 1056 1597 Satan,
1090 1562 1126 1591 ut

155 1614 214 1644 pro
243 1606 350 1636 carnis
381 1604 513 1636 libidine
543 1604 688 1636 lasciviis
718 1614 778 1636 nos
807 1603 971 1635 dedamus.
1023 1603 1126 1634 Porro

155 1647 196 1678 ab
223 1647 283 1678 hoc
314 1647 455 1688 periculo
485 1648 547 1679 tuti
577 1652 676 1679 erunt
699 1647 752 1688 qui
776 1647 859 1678 serio
883 1646 1069 1678 incumbent
1092 1646 1125 1676 in

155 1691 417 1722 sanctificationis
441 1690 596 1722 studium.

241 1733 291 1765 19.
315 1733 403 1765 Dum
425 1733 599 1765 libertatem.
639 1734 667 1765 A
690 1732 949 1774 repugnantibus
972 1730 1124 1768 ostendit,

155 1774 235 1807 falso
265 1787 317 1808 eos
346 1777 535 1816 promittere
563 1776 757 1814 libertatem,
788 1785 888 1816 quum
911 1774 972 1814 ipsi
995 1780 1125 1814 peccato

155 1828 189 1849 se
211 1818 245 1849 in
268 1820 442 1860 pessimam
466 1819 658 1850 servitutem
681 1818 874 1850 addixerint.
913 1817 1016 1849 Nemo
1039 1817 1124 1848 enim

157 1860 234 1892 dare
264 1870 370 1902 potest
400 1861 485 1902 quod
517 1873 580 1893 non
613 1862 720 1893 habet.
766 1861 904 1892 Videtur
927 1866 1036 1891 tamen
1060 1871 1125 1892 non

157 1904 235 1935 satis
262 1906 354 1936 firma
377 1915 447 1936 esse
471 1906 570 1935 ratio:
602 1905 679 1945 quia
702 1904 818 1936 accidit
841 1904 1004 1935 interdum
1031 1909 1064 1934 ut
1088 1903 1126 1934 de

158 1946 281 1979 Christi
310 1947 473 1979 beneficiis
501 1947 622 1979 utiliter
645 1948 878 1980 concionentur
901 1947 1049 1978 homines
1073 1956 1126 1977 ne-

157 2000 263 2030 quam,
291 1994 324 2021 et
352 2001 371 2022 a
394 1990 525 2022 Christo
552 2000 683 2030 prorsus
707 1991 814 2021 alieni.
860 1989 926 2021 Sed
949 1989 1125 2020 notandum

156 2039 214 2070 est,
241 2033 435 2073 reprehendi
459 2034 609 2065 vitiosam
634 2033 814 2065 doctrinam
837 2043 919 2073 quae
942 2042 1015 2064 011111
1040 2032 1127 2063 vitae

156 2076 345 2116 impuritate
368 2078 540 2108 coniuncta
563 2082 642 2108 erat.
680 2077 859 2108 Consilium
883 2076 970 2106 enim
988 2075 1124 2115 apostoli

157 2123 214 2155 est,
247 2129 414 2150 occurrere
444 2119 549 2150 fallaci
581 2120 750 2151 illecebrae
781 2129 844 2159 qua
868 2118 983 2149 stultos
1006 2119 1125 2148 inesca-

155 2160 243 2192 bant.
288 2161 393 2193 Dulce
416 2167 464 2193 est
487 2162 646 2194 libertatis
669 2171 802 2194 nomen:
826 2172 863 2193 eo
886 2164 994 2201 itaque
1017 2160 1125 2192 abute-

159 2203 287 2245 bantur,
318 2210 355 2235 ut
383 2205 509 2236 solutus
539 2205 668 2237 auditor
698 2206 828 2236 divinae
859 2205 938 2245 legis
962 2208 1061 2241 metu,
1092 2204 1125 2234 in

156 2246 331 2279 effraenem
358 2248 521 2279 licentiam
545 2258 580 2279 se
603 2248 787 2289 proiiceret:
818 2248 919 2288 Atqui
943 2247 1039 2287 longe
1062 2246 1126 2278 alia

157 2294 206 2320 est
234 2290 367 2322 libertas
397 2301 495 2331 quam
523 2290 614 2322 nobis
637 2292 761 2331 peperit
785 2291 947 2328 Christus,
975 2292 1007 2320 et
1030 2300 1125 2329 quam

157 2331 251 2364 offert
273 2333 414 2374 quotidie
435 2344 491 2373 per
507 2334 724 2374 evangelium.
765 2334 819 2366 Sic
835 2334 922 2365 enim
940 2343 996 2364 nos
1012 2332 1127 2363 eximit

157 2384 177 2404 a
205 2375 286 2416 legis
315 2377 390 2417 iugo
417 2381 577 2417 quatenus
606 2387 663 2408 nos
692 2377 917 2408 maledictione
944 2376 1125 2416 obstringit,

156 2420 193 2447 ut
223 2419 317 2465 simul
347 2430 365 2450 a
395 2420 518 2460 peccati
549 2420 736 2460 tyrannide,
767 2425 926 2460 quatenus
959 2419 1025 2449 suis
1052 2429 1126 2450 con-

157 2463 363 2499 cupiscentiis
401 2472 459 2493 nos
497 2463 709 2503 constringit,
748 2463 871 2494 liberet.
928 2461 1038 2500 Quare
1072 2462 1126 2493 ubi

158 2500 366 2535 dominantur
388 2504 549 2546 libidines,
574 2505 716 2545 adeoque
739 2505 792 2537 ubi
816 2515 891 2537 caro
916 2514 1053 2545 regnum
1076 2514 1126 2535 oc-

156 2552 260 2585 cupat,
290 2547 421 2579 minime
452 2548 556 2579 locum
588 2548 684 2579 habet
715 2548 846 2580 libertas
876 2547 1009 2579 Christi.
1061 2546 1125 2578 De-

157 2590 287 2620 nuntiat
310 2599 385 2629 ergo
408 2591 570 2629 apostolus
593 2591 740 2623 omnibus
765 2592 827 2632 piis
851 2601 892 2621 ne
915 2590 1011 2621 aliam
1033 2590 1127 2621 liber-

155 2632 256 2678 tatem
286 2637 441 2672 appetant
470 2643 566 2672 quam
597 2645 678 2674 quae
705 2634 921 2665 manumissos
946 2644 964 2664 a
999 2638 1126 2673 peccato

157 2683 190 2704 1n
214 2673 350 2706 liberum
375 2675 517 2706 iustitiae
537 2677 726 2717 obsequium
748 2678 833 2718 ipsos
853 2676 1000 2708 adducat.
1038 2675 1125 2708 Hinc

1051 222 1200 255 CAPUT
1230 223 1272 255 II.

2083 223 2146 254 470

1175 320 1372 360 colligimus,
1415 329 1542 359 semper
1586 320 1682 351 fuisse
1720 321 1866 360 impuros
1905 320 2051 351 homines
2090 320 2143 360 qui

1175 373 1291 394 nomen
1323 362 1480 394 libertatis
1503 362 1581 393 falso
1604 363 1833 394 obtenderent:
1861 366 1958 402 atque
1983 362 2066 393 hanc
2089 373 2143 393 ve-

1175 407 1296 437 tustam
1328 405 1424 437 fuisse
1449 404 1589 437 Satanae
1613 405 1774 436 fraudem:
1805 416 1846 436 ne
1868 406 2026 436 miremur
2050 404 2146 436 hodie

1176 448 1311 479 eandem
1340 458 1359 479 a
1388 448 1535 479 fanaticis
1564 446 1750 478 hominibus
1772 448 1980 479 Camarinam
2010 448 2145 479 moveri.

1177 490 1273 529 Quod
1296 495 1404 522 autem
1428 490 1572 530 papistae
1595 490 1680 521 hunc
1703 490 1857 521 adversus
1881 502 1937 522 nos
1957 491 2061 522 locum
2080 495 2144 521 tor-

1177 538 1286 572 quent,
1310 534 1343 564 in
1367 544 1404 565 eo
1428 533 1595 564 ridiculam
1620 542 1712 564 suam
1736 533 1969 572 impudentiam
1994 533 2144 574 produnt.

1178 576 1324 607 Primum
1356 576 1442 608 enim
1472 575 1699 616 spurcissimae
1723 576 1808 606 vitae
1841 575 1988 607 homines
2015 586 2054 608 ex
2078 577 2145 607 suis

1177 617 1304 650 foetidis
1335 619 1463 659 popinis
1486 623 1517 649 et
1540 618 1750 658 lupanaribus
1773 617 1833 649 hoc
1856 619 2032 649 convitium
2055 628 2145 651 eruc-

1178 666 1258 698 tant,
1281 662 1365 702 quod
1389 661 1489 693 simus
1511 661 1727 700 corruptionis
1750 660 1845 698 servi,
1869 670 2005 700 quorum
2028 660 2061 692 in
2080 662 2147 693 vita

1177 704 1304 735 nullum
1338 705 1490 743 probrum
1520 708 1633 734 notare
1657 708 1788 743 queunt.
1834 703 1962 734 Deinde
1986 714 2084 743 quum
2108 704 2147 735 de

1178 746 1325 777 libertate
1347 746 1525 778 christiana
1548 746 1629 777 nihil
1653 746 1818 777 tradamus
1842 746 1903 777 nisi
1927 756 1945 776 a
1961 745 2092 778 Christo
2115 752 2147 778 et

1178 789 1333 829 apostolis
1355 794 1531 830 sumptum,
1554 794 1587 820 et
1605 789 1730 820 interea
1746 789 1852 820 earnis
1868 789 2145 820 mortificationem

1179 842 1317 872 veraque
1354 834 1422 863 eius
1461 831 1640 863 domandae
1677 832 1830 863 exercitia
1867 831 1969 862 multo
2002 832 2146 863 severius

1178 875 1348 915 exigamus
1382 885 1479 914 quam
1514 875 1561 906 illi
1596 875 1656 914 ipsi
1690 875 1746 914 qui
1780 884 1839 905 nos
1873 874 2050 905 infamant:
2089 885 2147 906 sua

1179 918 1350 949 maledicta
1373 927 1438 948 non
1462 923 1528 948 tam
1552 918 1585 948 in
1609 928 1667 948 nos
1689 921 1854 957 evomunt,
1877 927 1971 957 quam
1993 918 2025 948 in
2044 916 2146 948 filium

1179 960 1241 991 Dei
1265 971 1359 1000 quem
1384 960 1539 991 habemus
1562 964 1686 992 certum
1711 964 1865 990 autorem.

1266 1004 1297 1034 A
1329 1013 1387 1043 quo
1416 1003 1499 1034 enim
1526 1003 1606 1042 quis.
1653 1002 1792 1042 Sumpta
1814 1009 1861 1034 est
1885 1002 1962 1034 haec
1986 1003 2147 1034 sententia

1179 1058 1219 1078 ex
1254 1046 1324 1077 iure
1352 1045 1501 1077 militari:
1538 1046 1591 1076 sed
1623 1049 1730 1076 tamen
1761 1045 1821 1077 hoc
1852 1046 1993 1085 profanis
2023 1055 2148 1085 quoque

1179 1089 1389 1130 scriptoribus
1419 1089 1532 1119 tritum
1565 1097 1621 1127 est,
1653 1088 1774 1119 nullam
1802 1098 1871 1119 esse
1900 1089 2001 1129 magis
2033 1088 2147 1119 duram

1180 1137 1235 1164 aut
1258 1132 1409 1163 miseram
1429 1131 1627 1170 servitutem,
1652 1141 1749 1171 quam
1765 1130 1817 1161 ubi
1835 1138 1972 1171 regnant
1988 1130 2146 1162 libidines.

1180 1174 1268 1214 Quid
1292 1185 1368 1215 ergo
1393 1175 1483 1205 nobis
1508 1174 1668 1215 agendum
1693 1179 1751 1210 est,
1775 1173 1890 1214 quibus
1910 1174 1981 1204 ideo
1997 1174 2147 1213 spiritum

1179 1229 1273 1249 suum
1297 1217 1433 1249 contulit
1456 1217 1541 1248 filius
1558 1217 1630 1255 Dei,
1653 1221 1689 1248 ut
1711 1226 1776 1247 non
1795 1216 1888 1248 modo
1907 1217 2149 1256 emancipemur

1180 1271 1198 1292 a
1221 1261 1343 1301 peccati
1367 1261 1513 1300 imperio,
1537 1260 1591 1291 sed
1616 1260 1722 1292 carnis
1745 1260 1841 1290 etiam
1866 1265 1898 1290 et
1920 1259 2032 1290 mundi
2050 1261 2151 1290 simus

1180 1303 1340 1335 victores?

1266 1389 1316 1419 20.
1351 1389 1436 1420 Narn
1458 1389 1487 1419 si
1509 1388 1535 1419 ii
1557 1389 1611 1428 qui
1634 1389 1821 1428 aufugerant
1844 1387 1881 1418 ab
1910 1387 2151 1427 inquinamentis

1179 1433 1287 1463 mundi
1319 1442 1379 1471 per
1414 1432 1615 1471 coynitioncrn
1649 1431 1783 1463 Domini
1815 1433 1843 1462 ct
1873 1431 2041 1462 servatoris
2076 1431 2150 1460 Iesu

1182 1475 1316 1515 Christi,
1350 1485 1478 1506 rursum
1512 1475 1622 1505 iisdem
1655 1474 1800 1513 impliciti
1829 1476 2034 1513 superantur.-
2065 1473 2150 1513 facta

1179 1520 1253 1549 sunt
1275 1518 1340 1549 ilus
1356 1520 1512 1557 postrema
1533 1518 1643 1556 peiora
1654 1516 1823 1557 prioribus.
1862 1517 1913 1547 21.
1938 1516 2151 1548 Meliuscnim

1179 1561 1260 1600 ipsis
1290 1564 1367 1592 essct
1397 1571 1457 1592 non
1486 1560 1662 1600 cognovisse
1689 1560 1774 1591 viani
1804 1559 1950 1596 iustitiae,
1982 1568 2076 1598 quani
2097 1559 2151 1590 ubi

1180 1605 1389 1645 coynoverunt,
1420 1604 1554 1634 converti
1584 1603 1621 1634 ab
1644 1613 1685 1641 eo,
1715 1602 1795 1641 quod
1817 1602 1884 1633 illis
1906 1602 2057 1633 traditum
2077 1601 2150 1641 fuit,

1180 1650 1283 1678 sancto
1302 1649 1471 1686 praecepto.
1510 1646 1560 1677 22.
1586 1646 1646 1677 Sed
1668 1646 1779 1677 accidit
1801 1645 1864 1676 iltis
1887 1645 1966 1684 quod
1988 1654 2058 1675 vero
2076 1654 2150 1684 pro-

1179 1690 1280 1721 verbio
1309 1690 1433 1728 dicitur,
1461 1690 1551 1721 canis
1577 1699 1717 1720 reversus
1740 1688 1782 1719 acl
1798 1688 1965 1728 proprium
1987 1688 2151 1719 vomitum:

1178 1735 1214 1772 ct,
1237 1743 1292 1764 sus
1313 1733 1386 1772 lota,
1411 1733 1453 1764 ad
1475 1731 1673 1764 volutabrum
1693 1731 1786 1763 coeni.

1265 1819 1317 1849 20.
1342 1818 1428 1850 Nam
1449 1818 1479 1849 si
1500 1818 1536 1857 ii,
1559 1820 1609 1850 etc.
1647 1817 1772 1849 Iterum
1795 1816 1934 1848 ostendit
1957 1826 2052 1856 quam
2076 1826 2150 1856 per-

1179 1862 1300 1894 niciosa
1330 1863 1372 1893 sit
1401 1863 1480 1893 haec
1503 1866 1591 1892 secta
1614 1870 1695 1901 quae
1719 1860 1868 1891 homines
1892 1859 1961 1890 Deo
1985 1869 2151 1890 consecra-

1179 1910 1228 1936 tos
1252 1904 1291 1936 ad
1316 1905 1485 1945 pristinam
1505 1903 1743 1935 immunditiem
1764 1908 1797 1934 et
1823 1902 1935 1933 mundi
1952 1901 2150 1942 corruptelas

1179 1947 1325 1979 retrahit.
1375 1949 1424 1979 Ac
1453 1947 1530 1978 mali
1561 1947 1753 1987 gravitatem
1785 1946 2022 1985 comparatione
2052 1954 2150 1985 exag-

1179 1995 1285 2031 gerat:
1310 1991 1384 2031 quia
1407 2001 1471 2021 non
1488 1990 1623 2030 vulgare
1642 1990 1683 2021 sit
1709 1990 1831 2020 crimen
1856 1987 1990 2019 defectio
2006 1997 2025 2018 a
2039 1991 2151 2019 sancta

1180 2034 1241 2065 Dei
1265 2034 1480 2065 institutione.
1527 2033 1723 2070 Praestaret,
1754 2031 1868 2071 inquit,
1900 2041 2067 2071 nunquam
2091 2040 2150 2062 no-

1179 2077 1264 2108 visse
1295 2076 1437 2107 iustitiae
1460 2076 1559 2107 viam.
1604 2075 1689 2106 Nam
1719 2074 1779 2106 etsi
1810 2073 1898 2104 nulla
1923 2078 1972 2105 est
1994 2074 2146 2114 ignoran-

1179 2120 1242 2150 tiae
1273 2120 1456 2151 excusatio:
1487 2129 1600 2151 servus
1630 2122 1737 2149 tamen
1768 2117 1823 2156 qui
1846 2116 1951 2148 sciens
1974 2126 2011 2148 ac
2034 2116 2148 2148 volens

1179 2162 1357 2194 contemnit
1372 2161 1505 2193 Domini
1529 2161 1689 2198 mandata,
1714 2160 1873 2200 duplicem
1896 2169 2033 2200 poenam
2049 2170 2149 2191 mere-

1179 2211 1243 2236 tur.
1292 2205 1368 2237 Huc
1396 2204 1518 2236 accedit
1548 2203 1754 2245 ingratitud0
1785 2202 1869 2242 quod
1899 2207 2013 2242 sponte
2043 2202 2148 2233 lucem

1180 2248 1243 2279 Dei
1266 2248 1469 2288 exstingunt,
1501 2247 1657 2279 abiiciunt
1679 2246 1815 2287 gratiam
1844 2245 1905 2277 sibi
1934 2245 2058 2283 datam,
2092 2255 2147 2276 ex-

1179 2301 1273 2323 cusso
1296 2292 1373 2332 iugo
1396 2291 1629 2323 contumaciter
1652 2289 1808 2320 adversus
1828 2288 1935 2320 Deum
1958 2287 2147 2319 lasciviunt:

1179 2335 1242 2365 imo
1274 2338 1429 2374 quantum
1460 2334 1494 2365 in
1518 2343 1552 2364 se
1575 2337 1632 2370 est,
1663 2331 1849 2363 inviolabile
1872 2331 1935 2362 Dei
1959 2330 2080 2370 foedus,
2111 2341 2148 2363 ac

1179 2377 1338 2408 sancitum
1361 2376 1485 2408 Christi
1517 2376 1685 2416 sanguine,
1716 2374 1890 2414 profanant
1919 2378 1951 2404 et
1980 2374 2147 2413 abrogant.

1179 2420 1253 2459 Quo
1276 2420 1378 2460 magis
1402 2419 1544 2451 intentos
1567 2428 1636 2450 esse
1658 2427 1717 2449 nos
1741 2417 1833 2448 decet
1856 2422 1892 2448 ut
1915 2422 2102 2447 reverenter
2118 2421 2150 2448 et

1178 2463 1312 2495 sollicite
1336 2464 1370 2494 in
1391 2473 1487 2494 cursu
1506 2461 1681 2493 vocationis
1704 2466 1834 2491 nostrae
1855 2469 2038 2499 pergamus.
2078 2459 2148 2490 Iam

1179 2506 1324 2546 singulas
1351 2510 1458 2546 partes
1491 2504 1638 2545 proprius
1661 2502 1843 2543 expendere
1866 2512 1983 2542 operae
2006 2502 2149 2542 pretium

1179 2553 1236 2580 est.
1282 2548 1392 2587 Quum
1420 2548 1785 2587 inquinamenta
1814 2545 1969 2576 mundi
1993 2545 2150 2585 nominat,

1179 2601 1238 2622 nos
1261 2591 1294 2622 in
1310 2590 1457 2622 sordibus
1474 2589 1621 2624 volutari,
1646 2593 1791 2628 totosque
1807 2598 1876 2619 esse
1893 2587 2032 2628 pollutos
2049 2588 2149 2626 docet,

1180 2635 1280 2665 donec
1305 2633 1426 2664 mundo
1450 2632 1683 2664 renuntiemus.
1730 2631 1793 2662 Per
1823 2641 1839 2662 0
1852 2642 1870 2661 o
1883 2641 1904 2671 g
1917 2641 1938 2661 n
1951 2631 1960 2661 i
1974 2636 1985 2661 t
1999 2631 2008 2661 i
2022 2640 2040 2661 o
2054 2641 2073 2661 n
2087 2641 2104 2662 e
2117 2640 2149 2661 m

1180 2676 1387 2714 Christi,
1421 2686 1484 2707 non
1514 2674 1645 2706 dubium
1676 2678 1726 2706 est
1755 2674 1834 2714 quin
1864 2673 2070 2714 evangelium
2100 2674 2150 2704 in-

1897 2732 1947 2759 30*
