2513 3126
304 200 368 232 359

305 297 476 334 eruciatus,
518 295 598 326 nihil
633 294 736 334 magis
770 292 912 333 optabile
945 295 995 324 est
1029 302 1126 333 quam
1164 291 1275 324 sedata

305 338 499 372 conscientia
522 342 555 368 et
577 337 684 368 animo
706 336 881 376 composito
904 345 974 367 sese
997 335 1030 366 in
1048 335 1110 366 Dei
1126 345 1273 376 conspec-

307 387 375 413 tum
407 382 531 412 offerro.
585 378 678 418 Quod
702 379 755 409 alii
780 378 903 416 dieunt,
928 378 1041 409 timere
1065 387 1176 409 servos
1200 378 1275 418 quin

306 434 442 465 poenum
472 427 502 454 et
532 421 659 462 flagella
688 421 748 453 sibi
772 425 847 452 unte
869 420 976 452 oculos
999 424 1192 460 proponunt,
1217 431 1274 452 nec

305 467 394 498 obire
423 475 516 496 suum
546 464 685 496 officium
710 464 773 496 nisi
796 467 938 495 coactos:
963 462 1043 494 nihil
1068 463 1107 494 ad
1135 466 1273 494 mentem

306 508 452 549 apostoli,
487 511 521 538 ut
556 506 676 538 dietum
712 511 770 538 est.
816 506 868 537 Ita
891 506 925 537 in
949 506 1096 546 proximo
1119 505 1272 543 membro,

306 561 401 591 quum
418 554 596 590 exponunt,
615 560 679 580 11011
703 560 771 581 0880
795 548 974 590 perfectum
998 548 1031 579 in
1055 548 1196 587 caritate,
1219 549 1272 589 qui

305 593 413 624 timet:
443 593 519 634 quia
551 603 614 624 non
647 592 732 623 ultro
755 602 790 624 se
820 591 948 623 subiicit
972 590 1042 623 Deo
1065 591 1143 632 quin
1167 591 1274 632 potius

303 636 446 667 libenter
468 645 502 667 se
523 635 757 675 emanciparet:
782 635 947 666 contextui
963 634 1098 665 minime
1113 634 1274 666 convenit.

306 678 420 710 Potius
444 678 530 710 enim
555 678 709 709 admonet
725 677 897 718 apostolus.
914 676 974 708 1100
989 687 1059 709 0880
1075 676 1274 708 infidelitatis

307 721 433 760 vitium,
450 731 549 761 quum
578 720 692 761 aliquis
709 721 810 758 timet,
828 719 888 752 hoc
905 724 963 760 est,
979 720 1160 760 inquietum
1177 719 1274 750 habet

305 765 467 796 animum:
501 764 576 803 quia
609 773 700 795 umor
734 762 797 794 Dei
832 762 929 804 probe
962 762 1120 804 cognitus,
1150 763 1274 794 animos

306 806 507 848 tranquillat.

392 908 441 940 19.
466 908 534 940 Nos
562 908 728 948 diliyimus
758 917 838 946 eum,
865 908 942 948 quia
965 908 1057 948 prior
1077 907 1188 939 ditescit
1209 917 1274 939 nos.

306 952 358 983 20.
382 951 419 983 Si
446 952 518 990 quis
546 951 629 988 dicit,
660 950 764 982 Deum
793 950 907 991 diliyo:
934 953 961 982 et
976 950 1162 990 proximum
1183 959 1276 981 suum

306 995 375 1026 odio
403 993 519 1030 habeat,
549 993 683 1025 mendax
709 997 761 1025 est.
811 992 873 1032 Qui
894 994 978 1025 enim
999 1003 1058 1025 non
1081 992 1185 1032 diligit
1205 993 1275 1032 fra·

302 1040 379 1069 trem
425 1046 517 1068 suum
555 1046 645 1076 quem
684 1036 773 1076 vidit,
808 1036 954 1076 quomodo
990 1038 1086 1076 potest
1125 1035 1277 1075 diliyere?

304 1080 357 1112 21.
382 1079 424 1110 Et
445 1079 499 1111 hoc
515 1081 716 1119 praeceptum
736 1078 883 1111 habemus
908 1078 946 1111 ab
961 1079 1039 1119 ipso,
1055 1081 1089 1109 ut
1103 1078 1158 1118 qui
1174 1077 1276 1110 Deum

302 1123 415 1163 diliyit,
439 1122 551 1163 diliyat
572 1125 600 1154 et
619 1122 751 1162 fratrem
773 1132 875 1153 suum.

392 1233 441 1265 19.
468 1233 535 1266 Nos
557 1233 730 1274 diliqimus.
775 1233 921 1264 Verbum
945 1232 1119 1273 ἀγαπῶμεν
1147 1234 1213 1262 tam
1229 1232 1274 1262 in-

306 1277 455 1315 dicativ0‚
488 1286 583 1316 quam
622 1275 775 1307 hortandi
811 1275 902 1307 modo
937 1275 1000 1315 legi
1034 1277 1158 1314 potest:
1188 1274 1274 1314 prior

305 1325 415 1351 tamen
438 1329 552 1351 sensus
575 1318 670 1359 longe
694 1318 809 1349 melius
833 1317 978 1358 quadrat,
1023 1316 1158 1358 Repetit
1185 1316 1273 1347 enim

303 1362 390 1403 (meo
410 1360 542 1403 iudicio)
558 1360 724 1402 apostolus
748 1361 948 1401 superiorem
972 1360 1176 1398 sententiam,
1199 1359 1274 1400 quia

304 1404 396 1436 Deus
425 1414 485 1436 nos
519 1404 660 1445 gratuito
691 1413 800 1435 amore
828 1403 1019 1440 antevertit,
1053 1402 1187 1434 reddere
1214 1412 1273 1434 nos

305 1447 352 1479 illi
387 1446 512 1478 debitas
543 1447 643 1478 vices:
671 1450 706 1477 ut
729 1456 805 1477 mox
828 1445 1006 1484 subsumat,
1028 1445 1134 1486 ipsum
1158 1445 1192 1476 in
1215 1444 1274 1477 ho·

306 1489 448 1521 minibus
478 1499 547 1521 esse
578 1488 790 1529 diligendum,
820 1488 872 1519 vel
906 1488 1092 1520 testandum
1114 1498 1191 1529 erga
1215 1487 1272 1519 ho-

306 1533 410 1564 mines
439 1541 536 1571 quem
559 1531 606 1562 illi
630 1541 772 1563 amorem
796 1531 981 1562 deferimus.
1027 1530 1062 1563 Si
1088 1530 1140 1563 cui
1167 1535 1272 1562 tamen

305 1574 410 1615 placet
438 1574 591 1606 hortandi
617 1573 741 1612 modus,
771 1574 883 1605 eodem
915 1573 1026 1605 tendet
1051 1574 1164 1613 oratio,
1188 1573 1273 1612 Quia

304 1627 364 1649 nos
386 1618 487 1658 gratis
503 1617 594 1649 Deus
617 1617 749 1654 amavit,
773 1620 886 1648 mutuo
909 1627 998 1648 nunc
1021 1626 1094 1648 eum
1118 1626 1273 1648 amemus.

306 1661 407 1701 Atqui
430 1670 520 1691 amor
550 1660 604 1691 ille
627 1664 713 1691 stare
736 1660 856 1700 nequit,
880 1660 958 1700 quin
980 1659 1159 1691 fraternum
1189 1659 1274 1690 inter

305 1713 364 1734 nos
397 1713 540 1735 amorem
574 1707 721 1744 generet:
752 1702 823 1734 ideo
858 1703 990 1734 mentiri
1024 1712 1078 1734 eos
1109 1701 1195 1742 dicit,
1218 1702 1273 1742 qui

304 1744 410 1777 Deum
433 1755 541 1777 amare
562 1746 693 1783 iactant,
718 1755 816 1786 quum
839 1745 1005 1786 proximos
1028 1745 1165 1777 oderint.
1207 1744 1273 1777 Sed

304 1789 436 1820 videtur
466 1798 580 1829 parum
612 1789 704 1820 firma
734 1798 804 1820 esse
831 1790 914 1820 ratio
937 1798 1034 1829 quam
1058 1787 1274 1820 subiicitt'est

305 1831 389 1863 enim
423 1831 619 1871 comparatio
648 1832 784 1862 minoris
807 1836 839 1862 et
861 1831 1002 1863 maioris
1048 1830 1086 1862 Si
1101 1830 1275 1871 proximos,

305 1875 421 1914 inquit,
452 1875 641 1914 quibuscum
672 1883 854 1914 versamur,
877 1884 942 1905 non
970 1873 1151 1914 diligimus:
1171 1873 1273 1904 multo

306 1917 416 1948 minus
444 1916 553 1948 Deum
583 1917 759 1958 poterimus
776 1916 921 1958 diligere,
944 1917 998 1957 qui
1021 1921 1069 1948 est
1093 1915 1273 1948 invisibilis.

306 1959 439 2000 Duplex
473 1964 582 1991 autem
617 1960 763 2000 exceptio
796 1959 830 1990 in
862 1963 1013 2000 promptu
1036 1963 1093 1990 est.
1139 1958 1220 1989 Nam
1243 1962 1275 1989 et

307 2012 407 2042 amor,
436 2012 498 2042 quo
520 2002 626 2034 Deum
651 2002 887 2043 prosequimur,
910 2013 951 2034 ex
972 2002 1046 2039 fide,
1070 2012 1135 2033 non
1158 2012 1199 2034 ex
1220 2000 1275 2033 ad-

307 2048 419 2084 spectu
440 2050 567 2076 manat:
592 2045 863 2085 quemadmodum
880 2045 1018 2076 habetur
1042 2045 1070 2075 l.
1087 2044 1176 2076 Petri
1201 2044 1229 2082 1,
1245 2044 1274 2075 8.

307 2087 436 2118 Deinde
459 2088 554 2128 longe
578 2088 706 2119 diversa
733 2093 782 2119 est
797 2087 860 2119 Dei
876 2098 972 2128 quam
989 2088 1159 2119 hominum
1175 2086 1272 2118 ratio:

307 2130 385 2170 quia
413 2139 514 2170 quum
543 2130 578 2161 in
605 2140 746 2162 amorem
770 2131 820 2162 sui
844 2140 902 2163 nos
925 2131 1015 2162 Deus
1038 2140 1095 2171 pro
1118 2130 1274 2161 immensa

307 2183 366 2204 sua
389 2172 532 2204 bonitate
555 2173 668 2213 rapiat,
691 2183 786 2213 saepe
810 2173 882 2205 odio
905 2173 994 2214 digni
1017 2178 1094 2204 sunt
1117 2173 1275 2204 homines.

306 2215 518 2256 Respondeo,
542 2215 734 2256 apostolum,
758 2215 843 2256 quod
866 2215 1074 2256 proculdubio
1097 2216 1183 2247 inter
1215 2225 1275 2246 nos

307 2263 456 2290 constare
484 2258 588 2296 debet,
620 2267 678 2298 pro
706 2258 851 2290 confesso
874 2259 926 2289 hic
949 2268 1086 2298 sumere,
1110 2258 1218 2290 Deum
1241 2267 1275 2289 se

307 2300 400 2332 nobis
429 2301 463 2331 in
492 2300 679 2332 hominibus
709 2300 835 2339 offerre,
862 2301 917 2341 qui
940 2301 1133 2341 insculptam
1156 2304 1276 2342 gerunt

307 2344 377 2375 eius
406 2344 599 2384 imaginem:
630 2348 662 2374 et
685 2344 800 2383 officia,
823 2343 938 2383 quibus
961 2344 1030 2384 ipse
1053 2354 1118 2375 non
1142 2343 1275 2384 indiget,

307 2388 344 2417 ut
367 2385 431 2418 illis
454 2391 667 2427 praestemus,
683 2386 831 2426 exigere:
859 2386 1129 2426 quemadmodum
1145 2386 1274 2417 Psalmo

309 2429 357 2466 16,
373 2429 404 2468 2,
438 2429 586 2470 legimus,
621 2428 841 2461 Beneficentia
875 2439 946 2460 mea
979 2429 1018 2460 ad
1052 2433 1083 2460 te
1117 2439 1181 2460 non
1204 2439 1275 2470 per-

307 2471 406 2509 venit,
440 2472 589 2503 Domine.
634 2472 724 2512 Erga
753 2476 888 2508 sanctos,
924 2472 978 2512 qui
1011 2472 1046 2503 in
1077 2475 1165 2503 terra
1188 2475 1275 2510 sunt,

307 2514 441 2546 affectus
470 2524 571 2546 meus.
624 2515 669 2546 Et
691 2518 778 2546 certe
802 2514 947 2545 eiusdem
970 2517 1107 2546 naturae
1130 2514 1274 2555 societas,

307 2561 355 2588 tot
389 2567 498 2588 rerum
533 2568 621 2598 usus,
655 2562 770 2589 mutua
799 2557 1055 2595 communicatio,
1086 2557 1150 2589 nisi
1181 2556 1274 2589 valde

308 2600 403 2630 ferrei
432 2610 586 2640 essemus,
617 2599 658 2631 ad
688 2610 830 2632 amorem
861 2610 919 2631 nos
942 2600 1125 2632 allicerent:
1148 2600 1203 2632 sed
1226 2599 1274 2631 Io—

306 2641 431 2675 hannes
453 2642 535 2674 nihil
559 2642 646 2677 aliud
663 2643 774 2682 voluit,
792 2652 888 2683 quam
905 2642 1050 2675 fallacem
1066 2653 1136 2675 esse
1151 2643 1272 2675 iactan-

1107 195 1248 227 EPIS'I‘.
1274 195 1498 227 IOHANNIS

2234 198 2298 229 360

1330 292 1416 330 tiam,
1441 292 1466 322 si
1492 292 1562 331 quis
1586 290 1691 322 Deum
1709 302 1743 323 se
1755 302 1864 323 amare
1878 293 1971 331 dicat,
1985 297 2018 325 et
2030 294 2099 325 01118
2111 294 2295 334 imaginem,

1328 345 1409 376 quae
1433 339 1507 365 ante
1529 333 1640 365 oculos
1663 338 1719 371 est,
1744 334 1897 376 negligat.

1414 377 1464 408 21.
1489 375 1531 406 Et
1560 375 1614 407 hoc
1640 380 1845 416 praeceptum.
1891 377 2034 410 Firmius
2057 382 2296 420 argumentum,

1328 420 1368 452 ab
1395 419 1570 451 autoritate
1599 422 1631 450 et
1661 419 1809 451 doctrina
1840 419 1973 452 Christi.
2027 420 2108 452 Nam
2139 421 2208 462 ipse
2230 431 2295 452 non

1328 463 1366 494 de
1391 462 1475 493 nudo
1498 461 1561 492 Dei
1583 471 1694 493 amore
1717 462 1889 503 praecipit:
1913 463 1969 494 sed
1993 463 2108 495 fratres
2135 464 2232 495 etiam
2249 463 2296 495 di·

1327 506 1426 546 ligere
1466 504 1563 536 iubet.
1617 504 1727 544 Quare
1760 506 1805 537 sic
1836 505 2057 546 incipiendum
2089 510 2137 538 est
2168 517 2186 537 a
2216 506 2297 547 Deo,

1328 554 1362 580 ut
1385 547 1480 579 simul
1505 547 1561 578 fiat
1584 547 1742 579 transitus
1765 547 1804 579 ad
1826 548 1980 580 homines.

1688 676 1870 716 CAPUT
1895 676 1938 717 V.

1415 760 1443 791 1.
1470 759 1580 792 Omnis
1609 761 1663 801 qui
1684 760 1780 792 credit
1801 761 1882 801 quod
1905 760 1996 793 Iesus
2017 764 2062 794 est
2086 761 2240 803 Christus,
2261 772 2300 794 ea:

1328 803 1393 835 Deo
1420 802 1541 843 yenitus
1562 805 1621 835 est:
1643 806 1669 835 et
1691 803 1791 835 omm’s
1813 804 1867 843 qui
1888 804 1992 845 diliyic
2013 814 2084 836 eum
2105 804 2160 844 qui
2179 805 2296 845 yenuit,

1328 846 1428 886 diligit
1456 846 1549 877 etiam
1575 856 1644 878 eum
1671 846 1725 885 qui
1752 847 1875 886 yenitus
1905 850 1950 878 est
1977 847 2015 879 ab
2037 857 2080 879 eo.
2125 847 2156 878 2.
2180 847 2222 879 In
2243 847 2297 879 hoc

1328 888 1534 930 coynoscimus
1565 889 1646 929 quod
1679 889 1841 929 diliyimus
1871 889 1954 929 filios
1976 889 2050 928 Dei,
2071 890 2102 922 si
2123 889 2228 922 Deum
2248 890 2298 922 di-

1329 932 1463 972 liyimus‚
1488 933 1513 962 et
1530 934 1699 971 praecepta
1722 932 1788 963 eius
1810 942 1980 964 servamus.
2026 932 2054 964 3.
2077 932 2164 964 Haec
2186 935 2230 964 est
2250 933 2297 964 di-

1329 975 1412 1006 lectio
1440 973 1503 1005 Dei
1532 976 1565 1005 ut
1582 976 1747 1014 praecepta
1769 975 1837 1006 eius
1859 985 2022 1007 servemus.
2067 975 2111 1007 Et
2128 978 2295 1015 praecepta

1329 1018 1395 1049 eius
1419 1017 1534 1057 yravia
1560 1027 1621 1048 non
1647 1019 1727 1049 sunt.
1779 1017 1807 1048 4.
1841 1018 1994 1057 Quoniam
2023 1028 2118 1057 omne,
2146 1018 2229 1057 quod
2259 1028 2298 1049 ex

1330 1060 1395 1092 Deo
1415 1060 1552 1101 qenitum
1574 1062 1627 1100 est,
1649 1060 1742 1092 vincit
1759 1060 1917 1092 mundum.
1963 1060 2006 1092 Et
2020 1060 2093 1092 haec
2107 1063 2152 1092 est
2169 1061 2298 1094 victoria

1329 1113 1407 1142 quae
1439 1102 1532 1134 vincit
1564 1102 1723 1140 mundum,
1756 1102 1833 1141 sides
1868 1105 1977 1135 vestra.
2023 1103 2053 1136 5.
2080 1103 2158 1143 Quis
2179 1105 2223 1135 est
2244 1103 2299 1143 qui

1329 1146 1420 1220 vssncipt
1453 1145 1613 1184 mundum,
1643 1145 1708 1176 nisi
1737 1146 1792 1186 qui
1813 1146 1909 1178 credit
1930 1146 2010 1186 quod
2032 1146 2123 1178 Iesus
2145 1148 2189 1178 est
2208 1145 2299 1185 filius

1364 1199 1410 1220 ez.

1413 1274 1440 1305 1.
1468 1273 1578 1305 Omm's
1612 1274 1666 1313 qui
1697 1273 1802 1306 credit.
1859 1274 1935 1305 Alia
1968 1274 2092 1305 ratione
2126 1274 2297 1306 confirmat

1327 1326 1377 1348 res
1411 1326 1480 1348 esse
1514 1316 1715 1356 coniunctas,
1749 1316 1845 1348 fidem
1879 1322 1910 1348 et
1936 1315 2117 1348 fraternum
2141 1327 2295 1349 amorem.

1326 1359 1408 1390 Nam
1443 1370 1542 1400 quum
1576 1359 1639 1391 fide
1673 1369 1732 1391 nos
1766 1359 1854 1391 Deus
1887 1365 2065 1401 regeneret,
2094 1369 2225 1391 necesse
2247 1364 2297 1391 est

1326 1402 1425 1433 amari
1457 1413 1475 1433 a
1496 1402 1590 1434 nobis
1614 1407 1648 1433 ut
1671 1407 1813 1442 putrem:
1837 1403 1925 1442 atqui
1949 1412 2039 1433 amor
2062 1402 2116 1434 ille
2139 1402 2296 1443 complec-

1326 1445 1406 1476 titur
1428 1455 1542 1477 omnes
1565 1444 1635 1476 01118
1657 1444 1756 1477 filios:
1781 1454 1846 1476 non
1870 1448 1975 1485 potest
1997 1445 2098 1486 igitur
2120 1445 2200 1476 fides
2216 1444 2295 1476 cari-

1326 1490 1392 1519 tate
1416 1487 1568 1529 disiungi.
1614 1487 1725 1519 Prima
1749 1488 1910 1519 sententia
1933 1492 1992 1528 est,
2015 1498 2056 1519 ex
2072 1487 2145 1519 Deo
2167 1488 2295 1527 genitos

1326 1540 1393 1562 esse
1428 1530 1610 1571 quicunque
1644 1530 1780 1562 credunt
1813 1530 1897 1571 quod
1930 1530 2023 1562 Iesus
2054 1531 2095 1561 sit
2132 1530 2296 1562 Christus.

1325 1573 1389 1605 Ubi
1423 1574 1541 1605 iterum
1577 1572 1676 1610 vides,
1711 1583 1812 1604 unum
1846 1573 2024 1610 Christum,
2055 1572 2129 1604 fidei
2162 1582 2296 1613 scopum

1326 1616 1476 1657 proponi:
1518 1615 1788 1657 quemadmodum
1829 1616 1862 1647 in
1904 1625 1942 1647 eo
1984 1615 2151 1654 iustitiam,
2183 1615 2297 1656 vitam,

1326 1658 1481 1699 quidquid
1516 1659 1621 1700 optari
1655 1663 1762 1699 potest
1794 1658 1962 1697 bonorum,
1996 1663 2028 1689 et
2057 1663 2162 1690 totum
2190 1658 2296 1690 Deum

1326 1702 1457 1734 invenit.
1502 1701 1614 1741 Quare
1637 1701 1716 1733 haec
1739 1711 1815 1733 vera
1838 1706 1886 1733 est
1909 1700 2060 1733 credendi
2083 1701 2175 1740 ratio,
2193 1710 2296 1741 quum

1327 1746 1359 1776 in
1382 1745 1488 1786 ipsum
1511 1749 1638 1776 mentes
1660 1748 1789 1776 nostras
1812 1744 1992 1785 dirigimus.
2030 1743 2206 1776 Caeterum
2229 1753 2295 1776 ere-

1327 1787 1400 1819 dere
1434 1787 1518 1828 quod
1553 1788 1594 1818 sit
1627 1786 1789 1826 Christus,
1822 1792 1871 1818 est
1904 1786 1944 1818 ab
1977 1796 2014 1818 eo
2048 1796 2178 1827 sperare
2201 1796 2296 1827 quae-

1327 1840 1452 1871 cunque
1486 1830 1525 1861 de
1557 1830 1678 1861 Messia
1712 1830 1869 1870 promissa
1902 1834 1988 1862 sunt.
2055 1829 2169 1869 Neque
2209 1828 2297 1860 enim

1326 1873 1433 1904 inanis
1466 1873 1496 1904 ei
1530 1872 1653 1905 Christi
1688 1872 1803 1904 titulus
1837 1872 1889 1904 hic
1913 1872 2085 1904 tribuitur:
2109 1872 2165 1903 sed
2189 1871 2299 1912 potius

1327 1926 1444 1947 munus
1474 1915 1560 1957 quod
1590 1925 1609 1946 a
1636 1918 1729 1955 patre
1756 1915 1803 1946 illi
1826 1915 2006 1947 iniunctum
2029 1919 2087 1946 est.
2133 1913 2297 1954 Quemad-

1327 1959 1457 1990 modum
1492 1962 1601 1990 autem
1633 1958 1667 1988 in
1702 1958 1773 1999 lege
1809 1958 1905 1998 plena
1939 1968 2048 1989 rerum
2082 1957 2227 1989 omnium
2249 1956 2298 1988 in·

1327 2002 1493 2040 stauratio,
1516 2000 1643 2038 iustitia
1666 2005 1698 2031 et
1722 2001 1857 2032 felicitas
1880 2010 1939 2041 per
1960 2000 2115 2032 Messiam
2138 1999 2299 2040 promissa.

1326 2049 1389 2075 est:
1402 2044 1448 2075 ita
1460 2043 1554 2075 hodie
1562 2043 1623 2075 hoc
1633 2047 1735 2074 totum
1744 2043 1778 2074 in
1786 2043 1956 2084 evangelio
1965 2043 2083 2075 clarius
2092 2042 2296 2083 exprimitur.

1328 2087 1414 2128 Ergo
1444 2087 1536 2118 Iesus
1565 2096 1622 2127 pro
1651 2085 1783 2118 Christo
1806 2086 1904 2125 recipi
1928 2096 1992 2117 non
2015 2090 2131 2126 potest,
2155 2085 2232 2125 quin
2255 2084 2296 2115 ab

1327 2140 1364 2161 eo
1387 2134 1515 2170 petatur
1537 2129 1634 2167 salus,
1671 2128 1798 2168 quando
1821 2128 1853 2158 in
1876 2128 1964 2160 hunc
1985 2129 2083 2159 finem
2106 2127 2224 2159 missus
2245 2130 2298 2158 est

1327 2183 1346 2204 a
1380 2179 1479 2212 patre,
1514 2176 1546 2203 et
1580 2171 1721 2212 quotidie
1755 2170 1848 2202 nobis
1873 2171 2017 2202 offertur.
2063 2169 2158 2202 Unde
2180 2169 2297 2200 merito

1329 2214 1494 2256 apostolus
1528 2224 1641 2246 omnes
1672 2224 1714 2245 ex
1737 2213 1808 2244 Deo
1843 2213 1969 2253 genitos
1992 2223 2065 2244 esse
2096 2212 2297 2254 pronuntiat,

1326 2258 1381 2298 qui
1413 2268 1488 2289 vere
1514 2257 1660 2290 credunt.
1705 2256 1766 2288 Est
1787 2256 1874 2287 enim
1897 2256 1978 2287 fides
2000 2256 2094 2296 longe
2117 2265 2214 2295 supra
2238 2254 2296 2286 hu-

1327 2301 1415 2331 mani
1444 2300 1567 2341 ingenii
1595 2304 1725 2340 captum
1759 2299 1879 2339 posita:
1911 2303 1945 2330 ut
1971 2308 2030 2329 nos
2052 2297 2139 2329 trahi
2162 2307 2181 2328 a
2204 2302 2296 2337 patre

1328 2343 1455 2375 coelesti
1485 2343 1525 2374 ad
1557 2342 1725 2374 Christum
1748 2345 1911 2381 oporteat:
1936 2341 2011 2381 quia
2032 2349 2199 2380 nunquam
2222 2349 2295 2380 pro-

1328 2386 1398 2426 prio
1422 2391 1525 2417 marte
1551 2386 1722 2426 quisquam
1739 2389 1886 2415 nostrum
1902 2383 2140 2415 conscenderet.
2184 2382 2295 2422 Atque

1328 2428 1389 2460 hoc
1412 2434 1470 2469 est,
1496 2428 1579 2470 quod
1595 2427 1680 2459 idem
1697 2426 1867 2467 apostolus,
1885 2426 2043 2466 evangelii
2061 2426 2110 2457 sui
2126 2435 2194 2466 cap.
2206 2425 2234 2463 1,
2245 2424 2296 2463 13,

1328 2471 1436 2503 docet:
1470 2482 1533 2503 non
1563 2482 1604 2503 ex
1637 2469 1857 2510 sanguinibus,
1891 2479 1994 2509 neque
2028 2478 2067 2500 ex
2098 2478 2196 2500 carne
2225 2478 2296 2500 esse

1327 2515 1454 2553 genitos
1477 2515 1530 2555 qui
1551 2512 1687 2545 credunt
1708 2512 1742 2543 in
1769 2522 1888 2543 nomen
1905 2511 2074 2552 unigeniti.
2112 2511 2156 2542 Et
2172 2510 2296 2542 Paulus

1327 2556 1368 2597 (1.
1385 2556 1495 2589 Corin.
1519 2557 1549 2595 2,
1567 2555 1630 2597 12),
1651 2565 1716 2587 11011
1739 2555 1857 2595 spiritu
1880 2553 1977 2586 huius
2000 2553 2122 2594 mundi,
2146 2553 2201 2585 sed
2224 2554 2290 2593 spi-

1327 2600 1401 2638 ritu,
1426 2600 1480 2640 qui
1500 2609 1540 2631 ex
1558 2600 1626 2630 Deo
1648 2600 1706 2636 est,
1731 2607 1789 2629 nos
1812 2607 1881 2628 esse
1903 2597 2076 2638 praeditos,
2103 2601 2139 2627 ut
2154 2596 2296 2627 sciamus

1300 2647 1301 2656 ¹
1327 2652 1408 2682 quae
1431 2642 1470 2674 ab
1494 2652 1531 2674 00
1560 2641 1650 2673 nobis
1674 2640 1792 2672 donata
1814 2645 1900 2672 sunt.
1947 2639 2031 2679 Quia
2054 2649 2159 2680 neque
2181 2637 2294 2670 oculus
