2513 3126
254 197 293 229 75
1003 195 1140 226 tcPIS'P.
1166 196 1228 227 At)

254 295 339 327 inter
371 295 431 326 Dei
464 296 602 326 iusitium
638 301 669 324 ot
703 303 835 332 operum
872 297 1055 324 nostrorum
1091 294 1226 326 merita:

253 348 352 378 quum
378 339 480 377 potius
503 348 536 367 se
560 342 590 367 et
615 346 673 366 sua
697 335 780 366 dona
804 336 955 374 respiciat
974 335 1073 372 Deus,
1098 341 1133 367 ut
1157 347 1228 376 pro-

253 387 406 420 sequntur
430 391 530 418 usque
554 379 586 409 in
612 379 708 409 tinem
737 378 820 418 quod
844 384 970 418 sponte,
1004 379 1092 409 nullo
1116 386 1227 410 nostro

253 424 358 455 officio
390 426 590 462 provocatus,
626 422 658 451 in
690 421 781 452 nobis
811 421 924 461 coepit.
971 421 1060 452 Haec
1095 422 1224 461 inquam

254 465 315 496 Dei
344 465 464 496 iustitia
488 469 536 494 est
556 463 589 494 in
613 464 861 504 compensandis
876 464 1035 504 operibus,
1059 465 1136 504 quia
1152 464 1228 496 tide-

253 508 292 539 lis
322 515 370 539 est
392 518 428 537 ue
461 517 577 537 verax:
613 518 646 538 se
681 514 787 537 autem
819 506 910 537 nobis
937 506 1112 538 debitorem
1145 508 1226 546 fecit,

253 561 317 582 non
343 549 462 588 aliquid
491 560 510 580 a
541 550 633 581 uobis
664 549 859 589 accipiendo.
890 549 945 581 sed
976 550 1083 580 omnia
1115 549 1227 581 libera-

255 594 326 624 liter
351 592 579 632 promittendo,
604 599 638 623 ut
665 592 869 632 Augustinus
893 593 1005 632 inquit.

338 635 478 667 Laboris
511 635 541 666 ιή
576 637 744 667 caritate-m.
790 635 841 666 Ad
879 636 1011 666 verbum
1047 640 1103 672 est,
1139 634 1229 667 labor

252 678 415 710 caritatis:
439 688 500 717 quo
524 680 653 709 nomine
677 678 839 717 signifieat
862 678 961 709 labori
979 689 1042 709 non
1067 688 1137 709 esso
1156 688 1226 718 par-

252 721 401 758 cendum,
434 721 461 752 si
493 721 626 752 officiosi
658 731 727 751 esse
758 721 909 752 volumus
943 731 1020 761 erga
1052 721 1226 760 proximos.

252 763 367 804 Neque
397 764 484 794 enim
515 764 650 803 pecunia
681 763 774 794 modo
804 764 936 794 iuvandi
960 770 1046 800 sunt,
1078 764 1132 794 sed
1157 774 1227 795 eon-

251 806 333 845 eilio,
356 817 462 847 opera,
486 813 518 837 et
542 807 636 838 rebus
660 807 767 837 variis.
805 806 906 837 Multa
925 807 1026 847 igitur
1046 806 1228 838 adhibenda

252 854 301 882 est
316 849 485 888 sedulitas,
505 849 709 880 devorandae
726 849 848 880 multae
865 849 1039 887 molestiae,
1059 849 1226 881 subeunda

251 893 349 924 etiam
374 892 537 923 interdum
562 891 666 922 multa
689 891 886 924 discrimina.
930 892 981 923 Ita
1006 892 1060 932 qui
1083 903 1117 924 se
1141 893 1227 924 volet

253 945 404 967 exercere
438 935 470 965 iu
505 934 619 966 officiis
650 935 807 973 caritatis,
841 935 881 966 ad
912 935 1105 966 laboriosum
1142 937 1226 967 vitae

252 988 354 1019 genus
377 988 410 1009 se
433 982 607 1017 comparet.
653 977 831 1010 Caritatem
856 989 965 1009 eorum
990 977 1104 1018 probat
1126 988 1166 1009 ex
1190 988 1226 1010 eo

252 1021 335 1061 quod
367 1020 489 1051 sanctis
519 1021 790 1058 ministraverint,
820 1031 857 1053 ac
885 1021 1079 1052 ministrent.
1132 1021 1226 1054 Unde

252 1064 461 1094 admonemur
495 1073 559 1094 non
595 1074 665 1095 csse
699 1064 914 1095 recusandum
955 1064 1032 1104 quin
1072 1064 1226 1096 fratribus

251 1106 370 1137 nostris
392 1106 582 1137 serviamus.
628 1106 738 1146 Quum
766 1111 936 1139 sanctos
966 1107 1130 1147 exprimit,
1161 1118 1226 1139 non

251 1149 412 1189 signifieat
437 1148 488 1180 his
510 1148 587 1181 solis
609 1159 667 1181 nos
698 1160 768 1181 esse
793 1150 970 1181 debitores:
1001 1150 1118 1181 caritas
1141 1151 1226 1181 enim

252 1197 362 1223 nostra
392 1198 504 1231 patere
534 1197 566 1223 et
596 1192 735 1223 diffundi
759 1193 799 1224 ad
831 1193 1018 1224 universum
1049 1192 1226 1224 humanum

250 1244 353 1274 genus
382 1234 486 1265 debet.
538 1234 604 1266 Sed
636 1236 711 1275 quia
742 1235 833 1267 nobis
863 1236 1034 1276 praecipue
1065 1245 1227 1267 commen-

251 1279 371 1308 dantur
404 1276 571 1309 domestici
607 1278 692 1317 fidei,
727 1278 841 1310 horum
872 1279 1043 1319 peculiaris
1078 1279 1228 1311 habenda

250 1326 300 1351 est
322 1330 410 1352 cura.
455 1320 538 1351 Nam
563 1331 662 1361 quum
689 1322 808 1353 caritas
836 1326 872 1353 ut
899 1321 938 1353 ad
963 1322 1226 1354 benefaciendum

250 1368 455 1403 provocetur,
478 1363 598 1403 partim
623 1364 730 1395 Deum
757 1365 919 1404 respiciat,
948 1365 1066 1405 partim
1088 1375 1227 1397 commu-

251 1416 325 1437 nem
349 1410 516 1437 naturam:
544 1417 607 1447 quo
630 1407 765 1447 propius
787 1409 921 1448 quisque
944 1407 983 1439 ad
1008 1407 1116 1439 Deum
1140 1418 1227 1440 acee-

252 1448 309 1487 dit,
333 1458 369 1479 eo
393 1448 522 1490 dignior
545 1454 593 1480 est
616 1450 670 1490 qui
693 1460 712 1480 a
727 1450 819 1482 nobis
841 1451 980 1482 iuvetur.
1019 1451 1171 1491 Denique
1194 1455 1228 1482 ut

252 1501 411 1532 quemque
442 1493 648 1532 agnoscimus
672 1493 735 1524 Dei
764 1493 877 1532 filium,
912 1494 957 1524 ita
985 1494 1127 1525 fraterno
1155 1504 1227 1525 eum

252 1544 362 1565 amore
386 1534 535 1575 amplecti
559 1535 658 1567 decet.
705 1536 810 1573 Quum
839 1535 924 1573 dicit,
956 1537 1227 1568 ministrasse

252 1585 290 1608 et
325 1577 460 1609 adhuc
498 1578 760 1616 ministrare,
799 1581 1073 1619 perseverantiam
1107 1579 1226 1620 laudat,

252 1630 333 1660 quae
367 1619 428 1652 hac
461 1621 495 1651 in
526 1627 618 1661 parte
647 1623 788 1653 maxime
819 1623 1000 1654 necessaria
1034 1627 1092 1655 est.
1139 1623 1228 1654 Nihil

252 1663 337 1693 enim
361 1662 537 1702 proclivius
553 1669 602 1695 est
625 1675 722 1705 quam
740 1665 968 1697 benefaciendo
985 1666 1125 1707 fatigari.
1164 1666 1228 1697 Ita-

253 1715 315 1745 que
343 1716 443 1746 quum
473 1707 553 1738 satis
582 1708 675 1739 multi
706 1709 909 1748 reperiantur
939 1710 1082 1750 prompti
1111 1709 1151 1740 ad
1178 1710 1226 1740 iu-

253 1748 376 1780 vandos
399 1748 530 1780 fratres:
552 1749 631 1782 adeo
655 1757 765 1782 tamen
788 1762 862 1783 rara
884 1755 934 1783 est
956 1753 1061 1784 virtus
1079 1756 1226 1783 constan-

253 1791 309 1830 tia,
332 1797 367 1822 ut
391 1791 474 1822 bona
496 1803 571 1832 pars
595 1803 671 1824 mox
695 1794 787 1834 quasi
811 1794 1002 1835 refrigerato
1025 1795 1130 1827 calore
1152 1795 1227 1827 flac-

252 1838 368 1866 cescat.
413 1835 517 1874 Atqui
541 1835 592 1867 vel
616 1836 697 1867 haee
719 1848 786 1868 una
816 1848 878 1869 vox
902 1838 1030 1869 assidue
1060 1838 1228 1869 stimulare

253 1887 311 1908 nos
327 1877 471 1916 debebat,
491 1888 589 1918 quum
607 1884 746 1911 testatur
761 1881 933 1920 apostolus,
953 1881 1131 1920 caritatem,
1147 1890 1228 1921 quae

252 1919 426 1951 exhibetur
444 1922 574 1959 sanctis,
591 1922 720 1953 ostendi
737 1932 815 1964 erga
830 1933 950 1955 nomen
962 1924 1106 1956 Domini.
1144 1924 1227 1955 Nam

252 1962 415 2002 significat
439 1963 545 1995 Deum
570 1965 662 1996 nobis
685 1972 853 2006 acceptum
885 1967 968 1998 ferre
991 1966 1147 2007 quidquid
1170 1967 1227 1997 im-

253 2005 423 2044 pendimus
463 2007 636 2046 proximis:
677 2009 854 2041 secundum
892 2009 981 2040 illam
1022 2010 1227 2047 sentent-iam,

253 2047 348 2086 Quod
385 2048 442 2079 uni
475 2059 516 2080 ex
548 2051 693 2082 minimis
727 2052 798 2083 istis
832 2052 961 2092 fecistis,
996 2052 1077 2083 mihi
1111 2052 1227 2084 fecistis

253 2089 386 2131 (Matth.
403 2091 454 2129 25,
477 2092 542 2134 40).
588 2093 681 2132 Item,
705 2094 771 2133 Qui
795 2094 932 2136 largitur
954 2096 1098 2136 pauperi,
1122 2096 1226 2127 foene-

253 2137 345 2165 ratur
367 2134 517 2167 Domino.
562 2135 673 2177 (Prov.
693 2137 742 2175 19,
768 2137 832 2179 17.)

340 2220 389 2250 11.
424 2220 652 2254 Desideramus
684 2226 787 2255 autem
815 2234 1061 2264 unumquemque
1094 2226 1229 2256 vestrum

252 2263 333 2295 idem
354 2264 508 2296 ostendere
530 2266 670 2297 studium
692 2266 735 2298 ad
756 2267 967 2299 certitudinem
989 2268 1054 2308 spei
1076 2277 1173 2307 usque
1193 2268 1228 2298 in

252 2306 354 2346 finem,
393 2306 443 2338 12.
466 2318 503 2339 ne
524 2318 630 2348 seyne-s
651 2309 845 2341 reddamini:
866 2310 920 2341 sed
936 2311 1045 2350 potius
1059 2311 1229 2342 imitatores

253 2359 356 2380 eorum
379 2350 435 2388 qui
451 2360 511 2390 per
538 2351 631 2389 fidem
660 2355 687 2383 et
703 2353 891 2392 patientiam
920 2353 1129 2385 haereditario
1157 2353 1230 2385 obti-

255 2394 390 2423 nuerunt
406 2394 642 2433 promissimies.
690 2395 740 2426 13.
773 2395 921 2428 Abrahae
943 2396 1024 2427 enim
1048 2397 1230 2436 promittens

255 2433 353 2472 Deus,
376 2436 625 2476 quandoquidem
646 2439 804 2476 maiorem,
824 2449 881 2479 per
903 2449 991 2479 quem
1013 2439 1140 2477 iuraret,
1169 2448 1230 2470 non

256 2476 390 2524 habebat,
413 2479 532 2510 iuravit
547 2490 608 2519 per
632 2491 665 2512 se
688 2481 802 2521 ipsum,
849 2481 898 2513 14.
928 2482 1048 2514 dicens:
1079 2481 1156 2514 Nisi
1185 2481 1231 2514 be-

255 2519 399 2551 ‚redicens
413 2520 591 2554 benedioeero
606 2523 671 2563 tibi,
687 2526 715 2555 et
728 2524 975 2564 multiplicavero
989 2527 1026 2556 te.
1059 2524 1108 2555 15.
1132 2524 1232 2564 Atque

256 2562 303 2609 ita
324 2572 419 2610 quum
437 2565 590 2602 patienter
619 2570 828 2607 exspectasset,
861 2570 1063 2607 consequutus
1093 2570 1138 2599 est
1153 2576 1231 2608 pro-

256 2614 445 2636 miss-ionem.

1254 197 1503 230 HEBRAEOS
1820 184 1822 187 ’
2213 204 2254 236 76

1367 296 1414 327 11.
1451 296 1676 329 Desideramus
1708 300 1818 335 uidem,
1851 300 1902 330 etc.
1969 298 2252 338 Quemadmodum

1280 338 1390 370 laudes
1420 340 1607 379 permiscuit
1635 340 1862 377 exhortationi,
1896 351 1936 372 ne
1966 342 2136 374 immodice
2163 354 2254 375 exas-

1281 388 1408 421 peraret
1438 392 1550 412 eorum
1585 384 1725 415 animos:
1762 385 1806 415 ita
1841 394 1880 414 ne
1913 384 1989 423 quid
2025 387 2254 418 assentationis

1281 424 1398 455 habeat
1430 424 1484 454 illa
1515 426 1658 464 comitas,
1693 427 1792 457 libere
1823 426 1898 467 quid
1934 426 2039 458 adhuc
2069 427 2131 459 illis
2162 428 2254 468 desit,

1280 467 1440 497 admouet.
1487 467 1674 505 Cat-itatem,
1705 470 1818 509 iuquit,
1849 474 1991 500 vestram
2016 470 2129 501 multis
2156 481 2253 511 expe-

1280 511 1426 540 rimentis
1458 516 1606 541 testatam
1632 513 1763 543 fecistis:
1794 519 1940 552 superest
1968 518 2074 543 tamen
2108 518 2143 544 ut
2174 514 2255 546 fides

1281 552 1482 591 respondeat.
1529 552 1649 584 Sedulo
1680 566 1720 586 ne
1751 556 1899 586 deessent
1931 555 2115 586 hominibus
2146 563 2255 588 vestra

1279 596 1393 635 officia,
1419 595 1601 626 laborastis:
1625 597 1680 628 sed
1706 608 1767 628 non
1792 600 1914 629 minore
1938 598 2045 629 studio
2065 599 2253 631 incumbere

1281 648 1337 669 vos
1361 638 1450 668 decet
1473 638 1512 668 ad
1538 639 1611 669 fidei
1635 642 1821 679 profectum,
1850 647 1885 671 ut
1908 641 2036 672 firmam
2062 641 2254 681 plenamque

1280 681 1349 711 eius
1372 681 1597 712 certitudinem
1623 684 1804 723 approbetis
1828 683 1907 714 Deo.
1950 686 2056 723 Atque
2080 684 2129 715 his
2147 685 2254 716 verbis

1280 723 1421 754 ostendit
1455 723 1619 763 apostolus
1653 726 1732 756 duas
1766 737 1835 757 esse
1869 726 2110 758 Christianismi
2146 735 2254 767 partes

1281 776 1361 806 quae
1385 766 1510 797 duabus
1534 766 1614 806 legis
1637 768 1755 799 tabulis
1786 769 2012 808 respondeant.
2058 770 2172 809 Itaque
2196 769 2253 810 qui

1280 810 1414 840 alteram
1439 810 1478 839 ab
1503 809 1605 840 altera
1628 817 1767 851 separat,
1800 811 1878 842 nihil
1911 812 2041 844 habebit
2072 814 2132 843 uisi
2158 814 2253 843 muti-

1280 852 1346 883 lum
1381 858 1411 883 et
1447 852 1597 883 lacerum.
1644 853 1752 893 Atque
1783 854 1858 885 hinc
1885 861 2020 895 apparet
2047 855 2157 895 quales
2188 857 2255 887 sint

1252 923 1253 929 ,
1280 895 1424 936 magistri
1450 895 1503 935 qui
1528 897 1701 934 praeterita
1725 896 1796 928 fidei
1823 898 1994 934 mentione,
2018 898 2115 929 solam
2137 902 2255 939 urgent

1280 938 1496 970 innocentiam
1521 943 1553 968 et
1577 938 1767 978 probitatem
1791 950 1868 980 erga
1893 939 2047 971 homines.
2093 941 2183 973 Haec
2210 942 2257 972 in-

1279 992 1375 1020 quam
1397 982 1533 1021 profana
1556 986 1605 1012 est
1629 981 1842 1022 philosophia,
1865 992 1945 1022 quae
1964 983 1997 1013 in
2019 989 2173 1016 externae
2192 984 2257 1015 ius-

1281 1024 1372 1056 titiae
1406 1024 1498 1055 larva
1532 1024 1688 1055 subsistit.
1741 1024 1777 1057 Si
1813 1031 1922 1056 tamen
1958 1025 2161 1065 philosophia
2195 1027 2257 1059 dici

1281 1073 1432 1104 meretur,
1461 1077 1542 1106 quae
1566 1067 1645 1099 adeo
1671 1078 1838 1108 perperam
1862 1067 1968 1099 officia
1999 1078 2058 1099 sua
2081 1069 2258 1109 distribuit,

1280 1116 1318 1141 ut
1341 1110 1447 1141 Deum
1473 1110 1529 1150 qui
1552 1111 1671 1149 primas
1688 1111 1827 1149 tenebat,
1851 1111 1921 1141 iure
1937 1121 1995 1142 suo
2012 1110 2148 1143 fraudet.
2184 1111 2255 1144 Me·

1282 1153 1473 1184 minerimus
1501 1163 1587 1192 ergo,
1619 1164 1683 1184 non
1714 1154 1810 1184 aliter
1840 1159 1988 1184 constare
2015 1154 2081 1185 suis
2110 1154 2258 1193 partibus

1281 1195 1490 1228 christianam
1527 1196 1645 1236 vitam,
1679 1206 1777 1236 quam
1807 1197 1834 1228 si
1866 1197 2011 1227 studium
2043 1203 2190 1228 nostrum
2224 1197 2257 1228 in

1281 1238 1380 1269 fidem
1403 1238 1499 1269 simul
1522 1242 1554 1269 et
1577 1240 1743 1270 caritatem
1769 1240 1982 1271 conferamus.

1366 1281 1419 1313 Ad
1448 1281 1658 1313 certitudinem
1687 1282 1763 1321 spei.
1814 1282 1888 1321 Qua
1917 1281 2013 1313 fidem
2044 1281 2258 1314 christianam

1281 1324 1424 1363 professi,
1449 1324 1548 1356 variis
1571 1325 1774 1365 opinionibus
1798 1324 2071 1365 distrahebantur,
2101 1324 2151 1356 vel
2176 1324 2259 1356 mul-

1281 1367 1324 1398 tis
1347 1367 1452 1398 adhuc
1476 1368 1759 1408 superstitionibus
1782 1367 1930 1408 impliciti
1960 1374 2069 1399 erant:
2100 1367 2189 1398 iubet
2223 1368 2257 1399 in

1281 1415 1369 1442 certa
1391 1410 1456 1441 fide
1478 1410 1523 1441 ita
1546 1421 1614 1442 esse
1645 1412 1737 1450 fixos,
1767 1417 1802 1442 ut
1831 1410 1968 1450 amplius
1998 1420 2063 1441 non
2090 1410 2258 1449 vacillent,

1283 1463 1384 1492 neque
1414 1454 1564 1492 suspensi
1588 1453 1673 1484 inter
1704 1454 1844 1485 alternos
1872 1453 2113 1484 dubitationum
2144 1458 2257 1484 ventos

1282 1499 1432 1536 agantur.
1479 1495 1641 1528 Omnibus
1671 1502 1780 1528 tamen
1809 1506 1980 1528 commune
2011 1502 2059 1527 est
2083 1496 2143 1527 hoc
2165 1506 2258 1536 prae-

1283 1546 1422 1579 ceptum.
1464 1538 1548 1570 Nam
1574 1546 1608 1571 ut
1631 1539 1756 1572 stabilis
1780 1547 1829 1571 est
1844 1539 1907 1570 Dei
1930 1539 2068 1570 veritas:
2092 1539 2137 1569 ita
2159 1538 2258 1570 fidem

1282 1592 1362 1621 quae
1386 1581 1432 1612 illi
1455 1582 1617 1623 innititur,
1644 1587 1681 1613 ut
1703 1593 1782 1615 vera
1805 1585 1856 1620 sit,
1886 1587 2007 1613 certam
2031 1587 2064 1614 et
2085 1581 2175 1612 omni
2198 1581 2258 1612 du-

1283 1624 1436 1656 bitatione
1460 1625 1660 1665 superiorem
1691 1636 1760 1657 esse
1784 1629 1938 1667 orportet.
1984 1625 2074 1657 Haec
2102 1630 2151 1656 est
2179 1623 2258 1665 πλη-

1283 1667 1425 1709 ροφορία,
1460 1668 1593 1699 indubia
1621 1668 1744 1700 scilicet
1770 1668 1944 1709 persuasio,
1980 1669 2036 1699 ubi
2066 1677 2174 1700 secum
2205 1669 2258 1707 pia

1283 1721 1374 1742 mens
1398 1711 1575 1748 constituit,
1607 1712 1654 1743 fas
1684 1722 1749 1743 non
1773 1722 1841 1744 esse
1866 1720 1980 1743 vocare
2010 1712 2044 1743 in
2068 1716 2258 1743 controver-

1282 1755 1372 1794 siam,
1397 1764 1478 1794 quae
1496 1754 1594 1792 Deus
1618 1755 1673 1795 qui
1700 1755 1810 1786 fallere
1833 1760 1888 1786 aut
1910 1755 2042 1786 mentiri
2065 1752 2187 1793 nequit,
2211 1752 2258 1784 lo-

1284 1803 1401 1837 quutus
1424 1802 1481 1828 est.
1520 1797 1599 1838 Spei
1624 1809 1741 1829 nomen
1765 1798 1818 1830 hic
1841 1808 1899 1837 pro
1922 1797 1986 1829 fide
2005 1797 2140 1838 eapitur,
2163 1806 2258 1836 prop-

1283 1845 1332 1870 ter
1355 1840 1555 1872 affinitatem.
1592 1840 1731 1872 Videtur
1753 1846 1862 1872 tamen
1883 1841 1958 1872 data
1979 1850 2078 1881 opera
2094 1838 2259 1879 apostolus

1282 1884 1436 1923 posuisse,
1467 1884 1540 1923 quia
1571 1884 1610 1915 de
1639 1885 1881 1924 perseverantia
1911 1894 2018 1915 sermo
2047 1889 2126 1914 erat.
2172 1881 2260 1912 Hinc

1283 1926 1380 1956 etiam
1404 1926 1556 1967 colligere
1579 1927 1655 1958 licet
1678 1933 1837 1967 quantum
1857 1938 1875 1958 a
1897 1927 1961 1958 fide
1984 1926 2082 1958 distet
2098 1924 2260 1966 generalis

1282 1968 1338 1999 illa
1360 1969 1584 2010 apprehensio,
1610 1980 1693 2010 quae
1716 1970 1824 2010 impiis
1848 1970 1946 2001 etiam
1969 1974 2001 2000 et
2024 1967 2159 2000 diabolis
2175 1977 2258 1998 com-

1280 2012 1386 2042 munis
1410 2018 1467 2043 est.
1514 2012 1598 2043 Nam
1621 2017 1653 2044 et
1676 2012 1725 2043 illi
1751 2013 1857 2044 Deum
1881 2022 1951 2044 esse
1974 2011 2113 2043 credunt
2136 2010 2258 2042 iustum

1282 2059 1313 2085 et
1337 2065 1501 2086 veracem:
1525 2055 1607 2087 nihil
1631 2060 1741 2086 tamen
1760 2056 1835 2087 inde
1858 2055 2047 2095 concipiunt
2063 2055 2163 2086 bonae
2179 2053 2258 2093 spei,

1282 2097 1358 2136 quia
1380 2102 1548 2137 paternam
1577 2099 1644 2131 eius
1667 2099 1807 2138 gratiam
1836 2098 1868 2129 in
1892 2098 2025 2130 Christo
2052 2108 2114 2128 non
2144 2105 2257 2136 appre-

1282 2140 1438 2172 hendunt.
1476 2140 1625 2173 Sciamus
1649 2151 1725 2182 ergo
1748 2151 1858 2173 veram
1882 2141 1979 2173 fidem
2002 2151 2074 2171 eum
2093 2149 2150 2180 spe
2177 2148 2258 2170 sem-

1282 2192 1340 2222 per
1362 2184 1569 2215 coniunctam
1593 2195 1672 2216 esse.
1709 2184 1808 2223 Dicit,
1832 2194 1966 2225 usque
1989 2183 2028 2214 in
2051 2182 2184 2221 finem,
2207 2180 2259 2213 vel

1282 2226 1529 2265 perfectionem:
1553 2232 1589 2258 ut
1611 2229 1714 2259 sciant
1738 2227 1882 2258 nondum
1907 2237 1942 2258 se
1963 2230 2082 2257 metam
2103 2225 2257 2265 attigsse,

1281 2268 1415 2309 ideoque
1444 2269 1483 2301 de
1512 2270 1664 2302 ulteriore
1693 2280 1868 2311 progressu
1896 2269 2051 2310 cogitent.
2095 2267 2260 2300 Memiinit

1283 2311 1436 2350 studii,
1469 2317 1504 2344 ut
1533 2314 1638 2344 sciant
1668 2322 1733 2344 non
1764 2313 1907 2353 segniter
1937 2310 2146 2343 desidendum
2179 2320 2259 2348 esse,

1285 2354 1341 2385 sed
1375 2355 1458 2386 serio
1492 2355 1673 2387 nitendum.
1717 2355 1831 2395 Neque
1865 2354 1951 2385 enim
1985 2364 2089 2394 parva
2117 2364 2170 2385 res
2198 2355 2258 2389 est,

1287 2407 1384 2437 supra
1406 2398 1513 2430 coelos
1536 2397 1762 2436 conscendere,
1785 2398 1972 2437 praesertim
1993 2397 2048 2428 vix
2072 2397 2163 2428 humi
2185 2406 2258 2436 rep·

1286 2440 1441 2472 tantibus.
1475 2440 1643 2472 Accedunt
1666 2442 1838 2472 innumera
1860 2439 2035 2471 obstacula.
2069 2439 2161 2471 Nihil
2179 2448 2259 2471 vero

1286 2482 1446 2515 difficilius
1479 2494 1576 2524 quam
1609 2488 1735 2514 mentes
1767 2483 1800 2513 in
1834 2482 1923 2514 coelo
1957 2490 2068 2514 tenere
2105 2482 2258 2519 elevatas,

1286 2534 1385 2564 quum
1414 2531 1482 2557 tota
1505 2530 1640 2558 naturae
1661 2530 1790 2557 nostrae
1813 2526 1862 2556 vis
1885 2525 2035 2557 deorsum
2059 2524 2203 2565 inclinet,
2226 2531 2260 2556 et

1286 2577 1344 2599 nos
1377 2569 1512 2601 infinitis
1545 2568 1706 2600 machinis
1739 2567 1841 2600 Satan
1874 2568 1907 2599 in
1945 2574 2065 2599 terram
2102 2567 2258 2599 retrahat.

1286 2609 1364 2642 Ideo
1386 2612 1557 2653 segnitiem
1581 2611 1634 2643 vel
1656 2610 1823 2642 mollitiem
1841 2611 1940 2642 animi
1963 2621 2077 2643 cavere
2093 2610 2257 2651 praecipit.

1375 2654 1424 2686 12.
1452 2654 1514 2687 Sed
1535 2655 1707 2686 imitatores
1728 2663 1841 2686 eorum.
1886 2654 2026 2694 Torpori
2047 2654 2132 2685 hanc
2153 2654 2258 2685 imita-

2481 0 2507 336 l
