2513 3126
286 214 349 246 230
1121 213 1260 246 EPIS'P.
1286 215 1422 246 PETRI
1448 216 1458 246 1
2223 219 2285 250 240

288 311 518 344 manifestavit.
566 310 626 341 Hic
654 319 731 350 orgo
761 309 914 341 terribilis
938 309 1000 341 Doi
1031 310 1112 342 ultio
1136 310 1259 342 denun—

289 356 388 386 tiatur
417 354 566 385 omnibus
590 352 704 392 impiis,
734 352 819 393 quod
843 352 905 384 illis
929 352 1081 385 Christus
1104 354 1137 384 in
1161 354 1259 385 offen·
1285 349 1286 358 ¹

289 398 430 429 diculum
464 402 496 427 ot
530 395 754 435 impactionem
791 395 921 427 tuturus
955 395 1011 434 sit,
1049 397 1123 436 quia
1156 397 1188 428 in
1223 407 1260 428 eo

288 440 415 471 fundari
440 443 592 469 renuunt.
632 438 747 477 Qualis
770 438 858 469 enim
882 443 930 470 est
947 438 1071 470 Christi
1095 439 1260 472 firmitudo

287 482 326 514 ad
350 481 556 513 sustinendos
579 490 692 512 omnes
715 481 770 521 qui
794 480 857 512 fide
880 481 913 511 in
934 482 1039 522 ipsum
1057 482 1258 520 recumbunt,

288 526 360 555 tulis
383 528 432 555 est
448 523 585 555 durities
601 524 640 555 ad
659 523 855 564 frangendos
872 528 904 555 et
920 524 1133 556 conterendos
1148 535 1259 557 omnes

287 568 338 607 qui
363 566 410 597 illi
435 567 598 598 resistunt.
638 566 727 597 Nihil
751 566 837 598 enim
857 567 943 598 inter
960 568 1021 598 ista
1037 568 1101 599 duo
1117 568 1258 600 medium

286 616 333 641 est
358 610 436 649 quin
466 609 518 641 vel
541 619 638 650 super
661 619 735 641 eum
767 619 826 640 nos
849 610 987 650 exstrui,
1017 610 1066 642 vel
1091 610 1130 642 ad
1154 611 1259 651 ipsum

285 652 392 684 collidi
414 654 571 692 oporteat.

373 694 436 734 Qui
462 695 639 736 impinqunt
668 695 702 726 in
729 704 905 726 sermonem.

285 780 363 812 dum
393 790 427 811 se
452 781 664 820 pervicaciter
695 785 860 821 opponunt
892 781 1041 813 homines
1065 781 1162 814 verbo
1184 781 1258 813 Dei.

285 823 358 855 Hoc
380 823 528 854 fecerunt
546 822 676 855 Iudaei:
700 824 776 864 quia
797 824 927 855 tametsi
945 824 1099 856 Moesiam
1123 835 1157 856 se
1177 824 1259 856 velle

285 865 436 907 amplecti
460 865 706 906 profitebantur.
730 866 838 907 ipsum
862 872 969 898 tamen
993 878 1012 899 a
1027 867 1098 899 Deo
1121 867 1180 899 sibi
1203 867 1258 899 ob·

286 909 394 946 latum.
426 908 547 940 furiose
574 909 782 950 repellebant.
828 909 868 940 In
900 910 1013 941 eadem
1044 910 1138 942 hodie
1161 920 1258 941 causa

284 957 361 983 sunt
380 952 542 992 papistae:
566 952 703 984 adorant
721 952 846 984 nudum
866 952 989 984 Christi
1009 963 1137 991 nomen,
1161 963 1258 984 evan-

285 994 360 1034 gelii
395 994 574 1026 doctrinam
609 995 722 1027 audire
756 1005 821 1026 non
855 995 1028 1027 sustinent.
1086 996 1257 1036 Significat

284 1047 361 1077 ergo
392 1037 526 1076 Petrus,
561 1048 673 1069 omnes
707 1039 762 1078 qui
792 1037 963 1070 Christum
997 1038 1167 1078 evangelio
1199 1048 1283 1081 suo¹

283 1080 436 1111 vestitum
471 1090 535 1112 non
571 1081 745 1121 recipiunt,
781 1081 842 1112 Dei
874 1092 943 1113 esse
973 1081 1188 1118 adversarios,
1225 1086 1257 1112 et

283 1123 351 1154 eius
381 1123 482 1154 verbo
510 1124 678 1155 reluctari:
711 1123 827 1155 deinde
857 1124 1024 1155 Christum
1056 1123 1155 1155 nullis
1185 1134 1257 1155 esse

283 1165 393 1203 exitio,
415 1166 477 1198 nisi
496 1166 551 1206 qui
569 1176 662 1198 caeco
682 1166 826 1198 malitiae
845 1171 876 1198 et
894 1166 1119 1198 obstinationis
1134 1167 1255 1206 impetu

283 1208 443 1240 adversus
469 1208 532 1240 Dei
561 1209 697 1241 verbum
728 1210 867 1241 irruunt.
913 1209 1020 1249 Atque
1051 1209 1111 1241 hoc
1142 1214 1257 1241 notatu

283 1251 316 1281 in
349 1251 463 1291 primis
494 1251 571 1283 utile
602 1255 664 1290 est,
700 1263 740 1284 ne
771 1253 840 1283 vitii
872 1253 974 1283 nostri
1007 1252 1102 1292 culpa
1125 1251 1256 1283 Christo

282 1294 474 1333 imputetur.
507 1294 593 1326 Nam
617 1306 715 1335 quum
740 1295 831 1326 nobis
847 1295 880 1325 in
898 1294 1145 1326 fundamentum
1162 1295 1256 1326 datus

282 1337 333 1373 sit,
368 1336 417 1367 illi
447 1337 645 1369 accidentale
679 1344 728 1369 est
761 1348 829 1369 esse
860 1342 986 1377 petram
1017 1337 1172 1369 scandali.
1218 1337 1256 1369 In
1282 1361 1283 1366 ,

284 1389 422 1419 summa,
453 1381 619 1420 proprium
643 1382 712 1412 eins
735 1391 852 1412 munus
875 1384 925 1411 est
948 1390 1006 1412 nos
1028 1380 1063 1411 in
1086 1380 1256 1420 spirituale
1282 1395 1283 1403 ι

283 1420 356 1453 Deo
379 1422 536 1463 templum
561 1428 687 1463 aptare:
717 1424 752 1454 fit
783 1428 890 1454 autem
915 1423 1085 1454 hominum
1110 1424 1197 1462 vitio,
1222 1428 1257 1455 ut
1282 1417 1284 1439 ³

282 1464 317 1495 in
347 1464 455 1505 ipsum
489 1466 687 1507 impingant:
721 1467 798 1506 quia
829 1466 942 1497 scilicet
970 1466 1171 1498 incredulitas
1203 1466 1256 1497 lio-

283 1507 383 1539 mines
405 1518 474 1540 cum
489 1508 557 1541 Deo
579 1510 613 1540 in
633 1512 782 1541 certamen
804 1509 969 1540 committit.
1005 1509 1116 1549 Itaque
1132 1509 1256 1549 Petrus,
1282 1529 1284 1536 ·

282 1552 315 1581 ut
337 1551 507 1589 conflictum
529 1552 721 1592 eoeprimeret,
744 1552 824 1583 dixit
846 1562 910 1583 esse
932 1552 1117 1584 incredulos.

369 1593 409 1624 In
430 1595 512 1634 quod
531 1595 624 1626 etiam
646 1595 792 1626 ordinati.
826 1594 983 1626 Bifariam
1007 1596 1128 1636 exponi
1151 1599 1256 1636 potest

958 695 1091 728 Modum
1121 696 1173 728 hic
1205 696 1258 728 de·
1285 697 1286 706 ¹

286 738 394 778 signat
425 748 488 778 quo
516 739 549 768 in
581 737 812 769 offendiculum
837 738 988 770 Christus
1011 739 1113 771 cedit:
1143 749 1259 780 nempe
1285 754 1286 757 ¹

1285 785 1286 793 ¹
1313 782 1364 813 hic
1395 782 1512 812 Petrus
1546 782 1700 814 admonet
1733 783 1768 813 in
1802 789 1958 823 quantum
1994 783 2151 814 honorem
2182 783 2285 815 evecti

1310 322 1385 353 qens
1417 316 1540 349 sancta,
1571 312 1712 352 populus
1742 313 1776 343 in
1805 312 2057 352 acquisitivum,
2093 316 2126 344 ut
2159 314 2285 347 virtutes

1312 356 1462 387 enarretis
1493 356 1560 386 eius
1590 355 1644 394 qui
1666 364 1719 386 vos
1742 365 1779 386 cx
1801 354 1932 386 tenebris
1954 356 2070 387 vocavit
2092 356 2125 386 iu
2148 356 2284 388 admira-

1312 398 1371 429 bile
1399 399 1500 430 lumcn
1529 408 1630 428 suum.
1687 398 1735 429 10.
1770 398 1831 437 Qui
1858 397 2027 437 aliquando
2056 408 2116 430 non
2141 399 2285 438 populus,

1312 451 1392 472 'tunc
1421 444 1521 471 autem
1549 440 1683 480 populus
1706 440 1785 472 Dei:
1818 441 1872 480 qui
1901 450 1963 471 nou
1992 442 2169 480 consequuti
2191 443 2286 473 eratis

1312 484 1567 521 ‚inisericordiam
1590 492 1673 514 nunc
1694 483 1940 515 misericordiam
1961 485 2136 523 consequuti
2156 485 2237 516 estis.

1398 569 1426 599 9.
1459 568 1515 599 Vos
1535 577 1633 608 qenus
1656 568 1790 600 electum.
1828 569 1950 600 Iterum
1975 579 2029 601 eos
2052 570 2091 601 ab
2110 569 2285 601 incredulis

1313 616 1449 652 separat,
1477 620 1517 641 ne
1540 620 1650 642 corum
1675 612 1824 651 exemplo
1846 613 1879 643 in
1903 616 2127 643 transversum
2150 613 2212 644 acti
2235 612 2286 653 (ut

1313 655 1503 694 plerumque
1525 654 1597 684 fieri
1621 654 1714 695 solet)
1744 665 1762 686 a
1790 659 1879 686 recta
1902 655 1965 686 fide
1988 654 2151 686 deficiant.
2195 655 2284 694 Quo-

1313 698 1401 727 niam
1433 706 1509 736 ergo
1537 696 1713 728 absurdum
1743 702 1792 728 est
1823 702 1858 728 ut
1879 707 1915 728 se
1935 697 2108 737 impiorum
2133 698 2285 730 societate

1313 739 1484 770 involvant
1515 748 1597 779 quos
1620 739 1710 772 Deus
1741 751 1759 771 a
1791 740 1912 771 mundo
1943 740 2146 781 segregavit,
2177 740 2286 772 fideles

1312 825 1447 856 fuerint:
1479 824 1596 855 deinde
1627 835 1780 865 quorsum
1803 831 1835 857 et
1858 825 1897 857 ad
1921 826 1998 866 quid
2021 826 2138 858 vocati.
2183 826 2286 857 Porro

1311 868 1425 899 iisdem
1446 867 1569 907 elogiis,
1593 878 1674 908 quae
1691 868 1723 899 in
1740 878 1794 900 eos
1810 869 1943 906 confert,
1968 873 2110 900 veterem
2130 869 2285 909 populum

1312 911 1448 941 ornabat
1466 910 1588 941 Moses:
1614 910 1670 941 sed
1695 910 1808 942 docere
1831 911 1913 951 vult,
1936 912 2022 951 ipsos
2041 911 2164 944 Christi
2188 912 2283 943 bene-

1311 954 1383 985 ficio
1407 958 1531 984 tantam
1556 953 1789 993 dignationem,
1821 964 1839 984 a
1862 963 1928 994 qua
1950 954 2146 994 exciderant,
2172 955 2211 985 de
2235 955 2283 985 iu-

1311 1002 1402 1037 tegro
1437 1006 1652 1036 recuperasse.
1704 996 1912 1037 Quamquam
1945 997 2042 1028 simul
2077 1007 2191 1029 verum
2224 1002 2283 1036 est,

1311 1044 1477 1070 terrenum
1508 1039 1670 1070 duntaxat
1697 1039 1854 1071 bonorum
1878 1040 2015 1071 istorum
2038 1046 2169 1080 gustum
2194 1050 2284 1080 prae·

1311 1082 1418 1113 buisse
1457 1082 1566 1112 Deum
1604 1081 1766 1122 patribus,
1804 1082 1940 1114 solidam
1978 1082 2211 1114 exhibitionem
2250 1083 2282 1113 in

1309 1124 1441 1156 Christo
1470 1131 1627 1156 constare.
1679 1125 1820 1156 Perinde
1854 1126 1954 1166 igitur
1985 1125 2072 1156 valet
2102 1126 2180 1157 haec
2211 1136 2283 1156 sen-

1311 1168 1428 1205 tentia,
1462 1178 1498 1199 ac
1526 1168 1553 1199 si
1588 1167 1736 1205 dixisset,
1771 1175 1879 1208 patres
1912 1174 2036 1199 vestros
2069 1168 2146 1199 olim
2176 1168 2284 1200 Moses

1308 1215 1439 1252 gentem
1467 1215 1622 1249 sanctam,
1651 1220 1787 1251 regnum
1810 1211 2017 1248 sacerdotale,
2049 1218 2081 1242 et
2102 1210 2166 1242 Dei
2189 1220 2284 1251 pecu-

1309 1255 1390 1285 lium
1415 1254 1566 1285 vocabat:
1597 1264 1685 1285 nunc
1714 1254 1827 1285 maiori
1856 1255 1926 1285 iure
1957 1254 1991 1284 in
2016 1264 2072 1285 vos
2095 1258 2284 1294 competunt

1309 1297 1361 1328 isti
1384 1306 1494 1328 omnes
1524 1296 1625 1328 tituli:
1657 1306 1758 1336 quare
1790 1296 1967 1328 videndum
1998 1300 2048 1328 est
2075 1307 2116 1327 ne
2140 1306 2198 1328 vos
2219 1296 2284 1328 illis

1309 1340 1426 1380 spoliet
1464 1344 1572 1371 vestra
1609 1339 1828 1371 incredulitas.
1889 1340 2020 1371 Interea
2060 1342 2170 1370 tamen
2208 1339 2285 1379 quia

1309 1383 1411 1414 maior
1444 1393 1521 1423 pars
1554 1383 1662 1423 gentis
1691 1382 1858 1415 incredula
1887 1385 1971 1420 erat,
2006 1382 2143 1414 Iudaeos
2173 1382 2284 1413 fideles

1310 1425 1476 1466 apostolus
1505 1425 1640 1465 reliquis
1668 1426 1819 1457 omnibus
1850 1426 1948 1457 tacite
1974 1425 2121 1465 opponit,
2154 1425 2283 1456 tametsi

1310 1478 1446 1500 numero
1481 1468 1726 1508 praevalebant:
1763 1478 1800 1499 ac
1833 1469 1859 1500 si
1893 1468 2030 1505 diceret,
2065 1478 2120 1499 eos
2154 1467 2284 1499 demum

1310 1511 1470 1553 genuinos
1500 1521 1569 1543 esse
1591 1511 1675 1543 filios
1696 1511 1858 1549 Abrahae,
1889 1511 1944 1551 qui
1967 1512 2001 1542 in
2024 1511 2191 1542 Christum
2215 1519 2284 1541 cre-

1310 1555 1407 1586 dunt:
1436 1564 1554 1594 eosque
1583 1554 1668 1586 solos
1698 1555 1932 1594 possessionem
1960 1554 2101 1585 retinere
2124 1553 2283 1584 bonorum

1310 1598 1467 1637 omnium,
1490 1607 1573 1638 quae
1596 1597 1687 1629 Deus
1712 1597 1870 1638 singulari
1894 1597 2033 1637 quodam
2054 1595 2227 1637 privilegio
2250 1595 2283 1627 in

281 1636 335 1668 hic
358 1636 456 1668 locus.
501 1637 635 1669 Certum
667 1638 799 1678 quidem
830 1642 879 1669 cst
902 1638 1039 1669 Petrum
1064 1638 1102 1670 de
1126 1638 1256 1670 ludaeis
1281 1629 1284 1668 Ι
1309 1645 1408 1673 totam
1438 1644 1571 1680 gentem
1601 1640 1792 1671 contulerat.
1837 1640 1981 1671 Genus
2010 1639 2148 1671 electum
2181 1642 2284 1676 vocat,

280 1679 380 1720 loqui.
437 1679 545 1721 Vulgo
582 1685 691 1711 autem
725 1680 1002 1721 interpretantur,
1041 1681 1126 1721 quod
1159 1682 1256 1722 positi

280 1721 402 1754 fuerint
431 1722 471 1753 ad
494 1722 703 1762 credendum,
733 1724 808 1764 quia
835 1723 899 1755 illis
929 1723 1092 1755 destinata
1115 1729 1184 1756 erat
1207 1735 1255 1756 sa-

279 1764 357 1796 lutis
380 1765 565 1805 promissio:
589 1766 646 1797 sed
670 1766 753 1798 alter
775 1777 891 1798 sensus
913 1777 1074 1807 peraeque
1097 1767 1255 1807 quadrare

280 1810 403 1848 potest,
442 1808 526 1848 quod
563 1809 604 1840 ad
642 1809 903 1841 incredulitatem
941 1809 1080 1841 ordinati
1117 1811 1254 1842 fuerint:

280 1851 554 1890 quemadmodum
587 1852 718 1883 Pharao
754 1852 873 1883 dicitur
906 1853 939 1883 in
975 1853 1034 1884 hoc
1064 1854 1188 1893 positus
1219 1858 1256 1885 ut

281 1892 353 1925 Deo
376 1894 517 1933 resistat,
541 1899 574 1926 et
596 1895 725 1936 reprobi
745 1905 857 1926 omnes
880 1895 912 1926 iu
932 1906 1026 1926 suum
1044 1896 1143 1927 finem
1161 1897 1256 1928 desti-

280 1937 348 1967 nati
371 1943 456 1967 sunt.
466 1937 489 1978 ¹)
525 1937 630 1977 Atque
652 1941 686 1969 ut
708 1938 742 1969 in
764 1937 844 1970 huuc
865 1948 987 1970 sensum
1009 1939 1163 1980 inclinem,
1180 1939 1257 1979 facit

275 1979 439 2017 particula
469 1980 524 2010 καὶ
553 1981 745 2021 interposita.
795 1980 882 2020 Quod
910 1981 938 2012 si
966 1984 1068 2012 tamen
1088 1983 1183 2022 prior
1204 1993 1255 2014 ex-

275 2021 392 2059 positio
413 2023 516 2062 maqis
538 2024 668 2064 arridet,
691 2023 849 2055 vehemens
870 2024 1064 2063 exprobratio
1081 2027 1133 2057 est.
1170 2025 1256 2056 Nam

282 2063 354 2094 inde
377 2063 495 2095 Petrus
527 2066 789 2097 incredulitatem
814 2067 923 2106 populi
946 2077 965 2098 a
987 2067 1058 2099 Deo
1081 2068 1176 2100 electi
1199 2078 1254 2099 ex-

280 2113 429 2146 aggerat,
461 2108 545 2147 quod
576 2108 716 2140 salutem
747 2109 951 2149 peculiariter
981 2110 1041 2142 sibi
1071 2110 1255 2143 ordinatam

281 2149 452 2188 respuerit.
487 2150 531 2181 Et
553 2156 640 2183 certe
663 2151 743 2183 haec
766 2152 1011 2184 circumstantia
1035 2153 1083 2185 bis
1106 2164 1161 2185 eos
1184 2154 1254 2186 red-

280 2190 329 2221 dit
367 2192 625 2233 inexcusabiles,
663 2194 747 2234 quod
791 2205 868 2234 prae
902 2196 973 2227 aliis
1006 2197 1113 2228 vocati
1146 2197 1255 2228 Deum

281 2233 395 2265 audire
423 2236 654 2268 recusaverint.
708 2237 883 2269 Caeterum
912 2239 997 2278 quod
1026 2239 1105 2271 dicit
1133 2240 1255 2280 positos

281 2276 382 2308 fuisse
411 2277 452 2308 ad
474 2278 682 2318 credendum,
713 2280 754 2312 ad
777 2286 946 2312 externam
975 2282 1137 2314 duntaxat
1160 2293 1255 2315 voca-

282 2319 406 2351 tionem
437 2321 593 2353 refertur:
625 2332 732 2363 nempe
760 2323 875 2354 intuitu
900 2324 1036 2363 foederis
1064 2326 1144 2365 quod
1165 2325 1255 2358 Deus

276 2363 455 2401 promiscue
483 2373 554 2395 cum
575 2367 636 2397 tota
656 2368 745 2406 qeute
761 2367 932 2407 pepiyerat.
977 2367 1182 2408 Quamquam
1207 2371 1255 2409 (ut

282 2404 403 2437 dictum
428 2406 491 2445 est)
513 2407 592 2439 satis
614 2409 763 2440 convicta
786 2414 834 2440 est
858 2409 1025 2442 hominum
1043 2412 1254 2452 ingratitudo,

282 2457 382 2487 quum
407 2448 542 2481 verbum
565 2450 626 2482 sibi
649 2452 849 2492 propositum
872 2453 1032 2485 reiiciunt.

369 2534 399 2565 9.
430 2534 492 2566 Vos
514 2538 616 2567 autem
636 2547 733 2577 yemis
757 2537 889 2577 electum,
915 2539 1016 2578 reqale
1038 2541 1253 2581 sacerdotium,

281 2670 326 2696 mr
344 2636 469 2697 e1²¹1)ml<]go
493 2640 584 2664 tamen
607 2639 693 2672 magis
716 2638 746 2665 in
768 2638 884 2673 priorem
908 2647 1016 2666 sensum
1032 2641 1137 2668 inclino.
1173 2642 1253 2669 Vide-

1309 1684 1394 1724 quod
1414 1683 1476 1715 sibi
1500 1684 1599 1723 Deus,
1629 1683 1813 1723 praeteritis
1843 1683 1930 1721 aliis,
1961 1688 2116 1722 tanquam
2142 1681 2284 1713 maxime

1309 1726 1465 1758 eximium
1483 1726 1668 1766 adoptavit:
1692 1730 1852 1767 gentem
1872 1730 2029 1763 sanctam,
2049 1735 2148 1766 quam
2164 1725 2284 1756 dicavit

1309 1769 1370 1801 sibi
1386 1777 1419 1800 et
1435 1769 1609 1800 destinavit
1625 1769 1659 1799 in
1675 1769 1853 1808 puritatem
1866 1768 1954 1800 vitae
1970 1778 2007 1800 ac
2022 1768 2283 1800 sanctimoniam:

1310 1812 1507 1853 populum
1538 1812 1572 1843 in
1602 1812 1862 1851 acquisitionem,
1896 1817 1932 1842 ut
1961 1811 2009 1842 illi
2038 1812 2080 1842 sit
2109 1811 2200 1851 quasi
2231 1821 2282 1850 pe-

1309 1855 1431 1887 culium
1456 1857 1488 1885 et
1511 1854 1705 1886 haereditas.
1748 1854 1804 1886 Sic
1826 1855 1913 1886 enim
1936 1854 2129 1894 simpliciter
2151 1854 2284 1894 accipio,

1310 1898 1394 1938 quod
1417 1897 1582 1929 Dominus
1611 1908 1670 1929 nos
1693 1898 1832 1936 vocavit,
1861 1902 1898 1928 ut
1926 1900 2082 1938 tanquam
2109 1907 2186 1928 vere
2208 1906 2283 1929 suos

1310 1946 1342 1972 et
1365 1941 1426 1972 sibi
1456 1940 1599 1972 addictos
1630 1940 1799 1980 possideat.
1845 1940 1952 1979 Quem
1980 1951 2114 1972 sensum
2136 1949 2282 1980 compro-

1311 1984 1391 2015 bant
1420 1983 1520 2015 verba
1549 1984 1667 2015 Mosis:
1703 1984 1729 2014 si
1758 1983 1976 2015 custodieritis
2005 1989 2135 2024 pactum
2163 1992 2283 2020 meum,

1309 2026 1399 2058 eritis
1428 2026 1509 2057 mihi
1538 2027 1572 2058 in
1601 2026 1790 2058 thesaurum
1820 2026 2016 2066 peculiarem
2050 2036 2128 2066 prae
2159 2026 2283 2058 cunctis

1310 2069 1448 2110 populis.
1494 2069 1533 2101 In
1557 2070 1797 2101 sacerdotio
1820 2069 1923 2110 regali
1946 2069 2078 2110 elegans
2100 2074 2149 2100 est
2171 2068 2283 2100 verbo-

1310 2123 1382 2144 rum
1406 2112 1508 2144 Mosis
1538 2112 1690 2144 inversio.
1735 2112 1770 2143 Is
1796 2112 1882 2143 enim
1913 2112 1990 2143 dicit
2017 2122 2154 2153 regnum
2177 2120 2282 2142 sacer-

1309 2155 1433 2186 dotale:
1463 2156 1548 2195 quod
1577 2155 1663 2186 idem
1694 2155 1790 2187 valet.
1835 2155 1949 2195 Itaque
1977 2155 2037 2187 hoc
2060 2154 2132 2186 vult
2153 2154 2280 2191 Petrus,

1309 2201 1419 2238 patres
1443 2204 1567 2230 vestros
1590 2198 1699 2229 Moses
1720 2197 1856 2230 vocabat
1878 2207 2005 2229 sacrum
2028 2207 2176 2238 regnum,
2204 2197 2281 2237 quia

1310 2246 1396 2273 totus
1426 2241 1566 2282 populus
1595 2242 1687 2281 quasi
1720 2241 1809 2281 regia
1838 2240 1986 2272 libertate
2011 2239 2178 2280 praeditus
2200 2244 2280 2277 erat,

1309 2287 1342 2315 et
1365 2294 1405 2315 ex
1428 2284 1498 2315 eius
1521 2294 1656 2324 corpore
1678 2283 1771 2315 electi
1793 2288 1886 2314 erant
1909 2283 2100 2315 sacerdotes.
2138 2282 2281 2314 Proinde

1309 2332 1448 2367 utraque
1482 2327 1624 2368 dignitas
1653 2326 1751 2358 simul
1782 2326 1939 2366 permista
1968 2331 2047 2357 erat.
2096 2325 2192 2358 Nunc
2223 2335 2280 2357 vos

1310 2371 1387 2402 estis
1410 2370 1594 2402 sacerdotes
1609 2369 1700 2409 regii,
1723 2373 1756 2400 et
1772 2368 1902 2408 quidem
1919 2369 2156 2409 praestantiore
2171 2367 2279 2400 modo:

1309 2413 1384 2453 quia
1415 2412 1538 2454 singuli
1561 2412 1595 2443 in
1618 2411 1751 2443 Christo
1774 2412 1950 2443 consecrati
1980 2412 2066 2449 estis,
2097 2416 2132 2442 ut
2154 2412 2225 2443 sitis
2247 2413 2280 2442 et

1308 2455 1403 2496 regni
1432 2455 1518 2493 socii,
1548 2460 1581 2486 et
1609 2454 1779 2486 sacerdotii
1810 2454 1992 2494 participes.
2037 2455 2181 2486 Tametsi
2203 2463 2280 2495 ergo

1309 2498 1432 2538 aliquid
1451 2497 1615 2529 vobiscum
1632 2497 1737 2528 simile
1752 2496 1926 2528 habuerint
1941 2501 2063 2538 patres,
2085 2497 2151 2529 illis
2170 2501 2280 2528 tamen

1307 2541 1405 2581 longe
1436 2541 1617 2580 praestatis.
1663 2540 1835 2572 Caeterum
1865 2545 2035 2580 postquam
2059 2540 2167 2571 diruta
2188 2543 2239 2571 est
2260 2549 2280 2570 a

1307 2583 1440 2615 Christo
1473 2583 1625 2622 maceria,
1660 2593 1700 2614 ex
1734 2593 1922 2623 quacunque
1955 2584 2056 2614 simus
2083 2585 2195 2623 gente,
2227 2582 2279 2613 his

1308 2626 1458 2658 omnibus
1494 2625 1601 2657 titulis
1638 2636 1696 2657 nos
1730 2626 1889 2657 Dominus
1921 2626 2071 2667 insignit,
2110 2626 2201 2660 dum,
2221 2634 2278 2656 nos

1307 2669 1426 2710 populo
1454 2679 1513 2701 suo
1543 2674 1701 2701 accenset.
1745 2668 1847 2699 Porro
1875 2669 1908 2699 in
1939 2669 1990 2700 his
2012 2669 2160 2701 omnjbus
2183 2669 2277 2700 bene·

2446 2607 2459 2833 suavo—..sm—
2450 2463 2459 2594 νμῳ-ψ
2453 2419 2461 2447 ,-
