2513 3126
295 212 358 243 279

300 313 427 354 piorum
454 310 637 345 consolatio,
661 307 745 348 quod
770 317 842 339 cum
862 307 994 339 Christo
1017 308 1271 339 communicant:

301 355 398 395 idque
422 355 453 384 in
478 362 549 383 oum
575 352 682 387 finem,
707 356 741 381 ut
767 350 940 390 aliquando
963 350 1085 391 gloriae
1108 351 1175 381 sint
1197 361 1272 382 oon-

302 403 414 428 sortes.
463 396 598 434 Semper
632 394 718 424 enim
750 392 1004 424 considerandus
1038 397 1086 424 cst
1118 394 1273 425 transitus

302 440 355 471 illo
379 450 396 470 a
419 447 512 469 omine
536 437 575 467 ad
601 436 883 467 resurrectionem.
918 435 983 467 Sed
1007 436 1082 476 quin
1106 436 1158 468 hic
1182 446 1272 467 mun-

303 483 361 513 dus
387 479 573 520 labyrintho
604 478 718 510 similis
742 481 800 518 est,
832 479 864 509 in
889 489 951 518 quo
983 478 1091 510 nullus
1115 479 1271 510 malorum

302 525 408 555 exitus
439 523 476 553 iis
506 527 651 562 apparet,
682 521 802 552 Petrus
834 522 974 553 futuram
1005 521 1127 562 gloriae
1151 521 1272 553 Christi

303 566 533 597 revelationem
561 569 810 596 commemorat:
844 574 880 596 ac
903 565 929 596 si
953 564 1082 601 diceret,
1114 575 1177 595 non
1202 564 1273 595 ideo

302 607 518 649 spernendam
543 618 622 647 esse,
647 608 722 647 quia
745 607 787 638 sit
810 617 896 638 nunc
920 607 1124 638 abscondita:
1148 606 1203 638 sed
1220 617 1272 638 ex-

301 650 512 691 spectandum
543 661 611 682 esse
637 649 843 681 revelationis
867 649 964 681 diem.
1010 650 1137 690 Duplex
1165 655 1272 681 autem

301 694 457 735 gaudium
482 694 580 734 ponit,
619 693 767 728 alterum,
798 702 862 733 quo
891 693 953 724 iam
979 692 1116 724 fruimur
1145 694 1176 724 in
1201 703 1272 732 spe:

301 737 449 774 alterum,
491 737 581 768 cuius
619 736 748 775 plenam
792 735 978 766 fruitionem
1020 735 1110 767 nobis
1151 734 1274 766 adferet

301 779 426 811 Christi
457 779 627 810 adventus.
674 778 759 817 Quia
790 779 878 818 prius
901 778 981 810 illud
1005 789 1078 810 cum
1109 778 1219 809 dolore
1242 784 1274 809 et

303 823 434 853 tristitia
454 822 585 853 mistum
603 824 662 861 est⁷
686 821 864 852 secundum
882 832 954 853 cum
978 821 1176 853 exultatione
1200 831 1274 852 con-

303 865 417 906 iungit.
465 864 576 904 Neque
600 865 686 896 enim
711 864 867 904 gaudium
891 864 924 895 in
949 864 1063 895 mediis
1090 864 1272 895 afflictioni-

303 909 363 939 bus
386 907 558 948 imaginari
582 907 744 945 convenit,
775 907 859 947 quod
891 917 950 938 nos
972 908 1077 938 omnis
1108 906 1273 937 molestiae

303 956 452 991 expertes
487 950 616 981 reddat:
651 950 706 981 sed
741 950 896 981 malorum
925 960 1055 981 sensum
1092 954 1274 988 temperant

303 993 362 1024 Dei
386 993 632 1033 consolationes,
652 999 688 1024 ut
712 992 809 1024 simul
834 997 943 1023 tamen
966 992 1173 1033 gaudeamus.

390 1036 439 1066 14.
469 1035 506 1067 Si
525 1036 651 1074 probris
673 1035 849 1075 afficimini.
895 1035 1090 1066 Probrorum
1115 1034 1273 1072 meminit,

302 1079 454 1119 quoniam
479 1078 550 1118 plus
573 1089 668 1118 saepe
691 1078 874 1109 acerbitatis
902 1079 934 1108 in
958 1089 991 1109 se
1026 1077 1146 1108 habent
1176 1087 1272 1116 quam

302 1122 461 1153 bonorum
486 1122 618 1160 iactura,
652 1121 703 1152 vel
735 1122 830 1152 etiam
860 1125 1022 1152 tormenta
1051 1126 1082 1150 et
1112 1119 1274 1151 cruciatus

301 1164 452 1204 corporis.
507 1164 621 1204 ltaque
652 1163 734 1194 nihil
764 1169 813 1195 est
843 1163 928 1203 quod
960 1163 1117 1203 ingenuos
1150 1163 1273 1194 animos

303 1207 407 1248 magis
431 1207 592 1247 frangant.
626 1206 784 1238 Videmus
804 1207 890 1237 enim
910 1206 1027 1236 multos
1043 1204 1083 1236 ad
1107 1205 1272 1236 serendam

300 1250 445 1290 inopiam
469 1250 576 1287 fortes,
600 1250 761 1281 animosos
780 1250 812 1280 in
838 1249 1014 1286 tormentis,
1037 1248 1102 1278 imo
1126 1248 1165 1278 ad
1190 1257 1272 1278 mor-

302 1299 366 1324 tem
391 1302 517 1332 quoque
540 1292 754 1332 oppetendam
772 1292 956 1331 intrepidos,
981 1291 1177 1331 ignominiae
1201 1301 1273 1322 suc-

302 1334 462 1366 cumbere.
514 1335 600 1366 Huic
635 1335 719 1365 malo
754 1340 787 1365 ut
821 1339 968 1365 occurrat
1002 1334 1128 1371 Petrus,
1165 1334 1273 1365 beatos

302 1379 395 1409 iuxta
429 1377 551 1409 Christi
585 1378 778 1409 sententiam
813 1376 1020 1417 pronuntiat,
1059 1376 1114 1416 qui
1148 1376 1273 1416 probris

302 1421 489 1452 afficiuntur
517 1421 556 1451 ob
587 1420 803 1461 evangelium.
851 1419 945 1458 Quod
976 1429 994 1450 a
1025 1420 1188 1450 communi
1216 1419 1272 1450 ho-

303 1464 429 1494 minum
453 1473 549 1494 sensu
581 1462 742 1494 abhorret.
789 1462 853 1494 Sed
883 1472 1014 1494 causam
1045 1462 1166 1493 reddit:
1197 1462 1274 1501 quia

304 1506 438 1546 spiritus
467 1505 539 1543 Dei,
572 1506 626 1545 qui
657 1505 740 1536 idem
772 1511 820 1536 est
849 1505 970 1545 gloriae
1004 1505 1144 1545 spiritus,
1178 1514 1274 1545 super

303 1559 356 1579 eos
380 1549 522 1588 quiescit.
569 1548 709 1587 Quidam
741 1548 926 1579 disiunctim
950 1548 1074 1588 legunt,
1104 1547 1141 1578 id
1169 1548 1273 1588 quod

304 1590 465 1631 gloriae
488 1595 566 1623 est:
590 1601 627 1622 ac
650 1591 677 1622 si
701 1591 822 1623 dictum
846 1596 941 1631 esset,
965 1591 1068 1631 gloria
1091 1596 1123 1621 et
1143 1591 1274 1630 spiritus

306 1634 376 1665 Dei.
423 1633 488 1666 Sed
512 1634 566 1665 illa
590 1634 676 1674 prior
699 1633 794 1665 lectio
818 1633 857 1664 ad
881 1644 1010 1665 sensum
1034 1633 1139 1674 aptior
1161 1639 1219 1669 est,
1243 1639 1274 1664 et

303 1676 408 1717 quoad
446 1677 574 1717 linguae
612 1677 853 1716 proprietatem,
889 1676 1076 1717 simplicior.
1121 1675 1274 1708 Ostendit

305 1730 381 1760 ergo
409 1720 526 1751 Petrus
557 1720 616 1751 hoc
645 1719 728 1750 nihil
758 1720 868 1751 obesse
898 1720 1026 1759 piorum
1056 1719 1212 1755 felicitati,
1247 1719 1273 1750 si

305 1763 380 1802 quid
404 1763 599 1802 ignominiae
630 1767 761 1803 propter
784 1762 909 1794 Christi
934 1772 1052 1794 nomen
1076 1762 1273 1793 sustineant:

304 1806 379 1845 quia
401 1805 561 1845 integram
587 1805 799 1837 nihilominus
822 1805 943 1846 gloriae
967 1805 1201 1845 possessionem
1225 1815 1272 1836 re-

305 1848 408 1879 tinent
431 1858 537 1879 coram
557 1848 637 1886 Deo,
662 1850 738 1879 dum
762 1849 795 1879 iu
819 1848 883 1879 illis
907 1847 1031 1880 habitat
1054 1848 1195 1888 spiritus,
1218 1848 1273 1887 qui

304 1890 439 1931 gloriam
463 1901 573 1922 secum
590 1895 745 1932 perpetuo
761 1891 966 1923 coniunctam
985 1891 1088 1922 habet.
1123 1891 1175 1921 Ita
1191 1890 1274 1930 quod

304 1934 393 1965 carni
418 1933 545 1964 videtur
572 1935 786 1974 paradoxum,
818 1934 952 1974 spiritus
976 1933 1037 1965 Dei
1068 1939 1155 1965 certo
1178 1943 1274 1965 sensu

304 1977 336 2006 in
361 1986 470 2007 eorum
495 1977 612 2008 animis
634 1977 830 2017 comprobat.

393 2019 566 2050 Sec-undum
595 2020 680 2059 ipsos
709 2020 842 2059 quidem.
893 2019 1067 2051 Proximae
1097 2019 1275 2051 sententiae

307 2062 515 2093 confirmatio.
562 2061 735 2102 Significat
765 2063 851 2093 enim
876 2063 990 2094 debere
1021 2063 1080 2094 hoc
1103 2062 1165 2103 piis
1187 2062 1275 2093 suffi-

307 2115 389 2143 cere,
412 2104 496 2144 quod
520 2106 654 2143 spiritus
678 2105 741 2135 Dei
764 2106 827 2136 illis
851 2110 996 2143 testatur,
1020 2105 1112 2137 beata
1128 2110 1160 2136 et
1182 2104 1276 2145 plena

308 2147 430 2188 gloriae
454 2158 522 2178 esse
546 2148 662 2187 probra
686 2157 767 2187 quae
787 2148 956 2188 Evangelii
981 2159 1078 2179 causa
1100 2148 1275 2179 sustinent:

308 2194 471 2229 utcunque
494 2191 621 2230 reprobi
646 2190 742 2230 longe
765 2191 852 2222 aliud
876 2191 1062 2222 moliantur.
1108 2192 1156 2222 Ac
1179 2192 1205 2222 si
1229 2191 1275 2221 di-

307 2238 402 2273 ceret,
427 2232 570 2264 Potestis
594 2243 705 2264 secure
726 2234 897 2273 impiorum
921 2240 1127 2265 contemnere
1150 2237 1275 2274 proter·

308 2276 403 2312 viam,
428 2275 502 2315 quia
524 2276 612 2306 intus
632 2276 732 2306 fixum
756 2284 864 2307 manet
889 2277 974 2316 apud
998 2288 1053 2308 vos
1072 2277 1193 2317 gloriae
1217 2282 1276 2307 tes-

308 2318 495 2355 timonium,
529 2318 612 2359 quod
646 2319 737 2350 vobis
770 2319 876 2350 reddit
905 2320 968 2350 Dei
999 2320 1139 2360 spiritus.
1189 2319 1276 2350 Dicit

308 2367 415 2392 autem
446 2361 642 2400 spiritum
666 2362 727 2392 Dei
756 2362 881 2401 probris
912 2362 1006 2400 affici,
1036 2364 1109 2402 quia
1140 2362 1276 2393 ludibrio

308 2404 430 2435 habent
462 2404 611 2435 infideles
641 2404 794 2444 quidquid
829 2405 920 2436 nobis
950 2405 990 2436 ad
1024 2405 1274 2436 consolationem

308 2452 454 2486 suggerit
477 2457 513 2478 ac
536 2447 645 2477 dictat.
683 2449 791 2487 Atque
815 2447 874 2479 hoc
896 2449 980 2478 κατὰ
1002 2447 1176 2490 πρόληψινε
1201 2457 1276 2478 nam

308 2494 471 2529 utcunque
494 2490 636 2520 muudus
656 2500 713 2529 pro
737 2500 796 2521 sua
818 2491 971 2522 caecitate
994 2492 1073 2522 nihil
1093 2503 1126 2522 in
1151 2490 1276 2531 probris

309 2531 433 2562 Christi
467 2533 528 2563 nisi
562 2532 752 2572 probrosum
786 2539 906 2570 cernat,
944 2544 1007 2564 non
1042 2535 1113 2565 vult
1151 2534 1275 2573 piorum

307 2574 417 2605 oculos
440 2575 519 2606 falsa
541 2574 601 2607 hac
625 2576 777 2616 opinione
800 2577 994 2617 perstringi:
1018 2578 1091 2617 quia
1114 2577 1221 2617 potius
1242 2576 1274 2606 in

308 2616 415 2647 Deum
440 2618 598 2657 respicere
627 2618 776 2649 debeant.
821 2618 871 2649 Ita
899 2629 964 2649 non
996 2619 1178 2651 dissimulat
1200 2618 1275 2659 quid

307 2660 406 2700 vulgo
429 2661 569 2691 sentiant
593 2661 756 2693 homines:
781 2661 836 2692 sed
861 2672 1013 2693 arcanum
1037 2662 1113 2694 fidei
1136 2672 1276 2699 sensnm,

1131 211 1272 243 EPIST.
1298 211 1431 242 PETRI
1459 212 1469 242 1

2233 213 2296 244 280

1325 318 1388 348 quo
1413 307 1549 348 praediti
1574 310 1652 337 sunt
1676 306 1732 337 filii
1758 306 1821 338 Dei
1846 307 1878 338 iu
1901 307 1968 339 suis
1991 308 2204 346 conscientiis,
2229 309 2296 342 illo-

1326 361 1397 382 rum
1434 349 1605 381 temeritati
1640 349 1781 389 opponit.
1839 349 1878 380 In
1914 349 2000 381 hunc
2034 350 2165 381 modum
2201 352 2296 384 iactat

1326 393 1446 424 Paulus
1477 392 1567 429 (Gal.
1589 393 1617 429 6,
1643 391 1696 433 17)
1731 402 1764 423 sc
1795 392 1879 423 ferre
1911 392 2033 424 Christi
2068 394 2229 433 stigmata,
2264 400 2297 427 et

1325 436 1446 468 catenis
1470 436 1535 466 suis
1559 434 1735 475 gloriatur:
1758 444 1857 474 quum
1876 438 1982 466 tamen
1999 436 2077 467 satis
2094 442 2295 476 compertum

1325 479 1458 510 haberet
1487 477 1581 516 quale
1613 477 1652 508 de
1685 477 1750 509 illis
1780 483 1864 509 esset
1893 478 2005 509 mundi
2036 478 2198 510 iudicium.
2244 480 2297 511 In-

1326 528 1412 552 terea
1435 520 1617 552 subindicat
1647 530 1816 561 perperam
1848 521 1979 557 sentire,
2010 526 2042 552 et
2072 532 2144 553 cum
2176 523 2296 555 mundo

1325 575 1394 595 esse
1429 568 1624 601 excaecatos,
1658 564 1774 603 quibus
1808 563 1985 603 ignominia
2019 565 2124 595 carnis
2158 565 2298 605 gloriosa

1325 618 1387 638 non
1413 612 1470 636 est.

1413 649 1459 679 15.
1487 648 1534 679 Ne
1556 649 1627 688 quis
1648 648 1731 680 enim
1753 651 1894 680 vestrum.
1941 649 2005 681 Hic
2037 660 2163 689 quoquo
2193 651 2296 682 obiec-

1327 693 1443 723 tionem
1470 691 1644 731 praevenit.
1691 691 1851 723 Hortatus
1874 696 1943 723 erat
1967 692 2077 724 fideles
2098 693 2136 723 ad
2161 693 2298 725 toleran-

1327 736 1412 771 tiam,
1437 734 1462 764 si
1487 734 1691 774 contingeret
1714 735 1801 774 ipsos
1823 735 1863 766 ob
1880 734 2004 766 Christi
2028 745 2158 767 causam
2183 737 2297 777 affligi:

1328 789 1413 808 nunc
1436 777 1564 808 subiicit
1587 787 1644 808 cur
1669 782 1792 808 tautum
1817 777 1969 817 loquutus
1992 778 2033 809 sit
2056 778 2095 809 de
2119 778 2174 810 illo
2198 779 2298 811 afflic-

1327 821 1449 851 tionum
1474 829 1608 859 genere:
1632 820 1706 859 quia
1730 819 1851 851 scilicet
1873 820 2036 852 abstinere
2060 821 2099 852 ab
2122 822 2210 852 omni
2234 832 2298 853 ma-

1327 864 1428 894 leficio
1460 862 1607 893 debeant.
1654 862 1766 902 ltaque
1798 863 1850 894 hic
1880 863 2003 895 inclusa
2033 869 2082 895 est
2112 864 2215 895 altera
2244 875 2299 896 ex-

1328 906 1477 945 hortatio,
1502 914 1542 935 ne
1566 905 1768 936 committant
1791 910 1827 936 ut
1851 906 1965 937 merito
1993 906 2167 938 videantur
2190 907 2297 947 plecti.

1327 949 1439 988 ltaque
1476 947 1632 988 particula
1662 948 1798 979 causalis
1830 947 1881 979 hic
1908 958 2112 989 supervacua
2143 960 2207 981 non
2239 955 2297 988 est,

1327 1002 1424 1032 quum
1458 991 1534 1022 velit
1565 991 1729 1031 apostolus
1760 1000 1887 1022 causam
1919 991 2052 1023 reddere
2083 1001 2140 1023 cur
2170 997 2297 1023 tantum

1325 1034 1364 1065 ad
1388 1035 1572 1065 societatem
1597 1034 1781 1073 passionum
1799 1033 1923 1064 Christi
1948 1034 2094 1066 hortatus
2110 1036 2152 1065 sit
2168 1035 2295 1067 fideles:

1326 1083 1357 1108 et
1379 1077 1474 1108 simul
1499 1087 1555 1116 per
1578 1077 1775 1108 occasionem
1800 1086 1853 1107 eos
1877 1087 2009 1108 monere
2030 1083 2066 1108 ut
2089 1078 2173 1109 iuste
2196 1084 2228 1109 et
2251 1079 2297 1110 in—

1326 1121 1420 1151 noxie
1445 1120 1567 1158 vivant,
1598 1129 1638 1150 ne
1662 1120 1763 1150 iustas
1795 1119 1855 1151 sibi
1886 1129 2005 1159 poenas
2033 1126 2200 1151 accersant
2228 1131 2299 1161 pro-

1325 1163 1395 1202 pria
1419 1163 1523 1202 culpa.
1569 1163 1617 1193 Ac
1649 1162 1676 1193 si
1707 1162 1838 1202 diceret,
1869 1162 2133 1194 Christianorum
2162 1173 2233 1195 esse
2260 1163 2299 1195 de

1326 1205 1475 1236 omnibus
1499 1204 1580 1236 bene
1603 1206 1730 1244 mereri,
1758 1208 1791 1236 et
1818 1205 1944 1236 interea
1972 1206 2055 1237 male
2079 1216 2115 1237 ac
2146 1205 2298 1237 inhuma—

1326 1248 1410 1279 niter
1435 1248 1564 1280 tractari
1588 1258 1607 1279 a
1630 1248 1759 1278 mundo.
1804 1248 1840 1279 Si
1869 1249 1940 1288 quis
1964 1248 2103 1287 obiiciat,
2134 1250 2299 1280 neminem

1327 1291 1405 1322 adeo
1430 1291 1590 1322 insontem
1615 1300 1708 1331 posse
1732 1291 1881 1329 inveniri,
1905 1291 1984 1331 quin
2002 1296 2111 1322 tamen
2135 1292 2176 1323 ob
2195 1291 2299 1323 multa

1327 1333 1442 1365 delicta
1465 1333 1600 1374 flagellis
1625 1334 1686 1364 Dei
1715 1333 1832 1374 dignus
1855 1335 1913 1365 sit:
1947 1334 2132 1374 respondeo,
2165 1334 2298 1365 Petrum

1328 1377 1379 1408 hic
1402 1377 1441 1407 de
1463 1377 1639 1408 sceleribus
1663 1376 1761 1416 loqui,
1784 1386 1803 1407 a
1825 1376 1941 1416 quibus
1973 1387 2029 1408 nos
2061 1387 2191 1416 prorsus
2221 1377 2298 1408 alie·

1327 1430 1383 1450 nos
1406 1430 1475 1451 esse
1499 1419 1599 1456 decet,
1623 1423 1659 1450 ut
1682 1425 1760 1450 sunt
1783 1420 1877 1457 furta,
1908 1424 1940 1450 et
1963 1419 2151 1451 homicidia:
2184 1419 2300 1451 deinde

1327 1462 1515 1503 respondeo,
1548 1461 1745 1494 Christianis
1777 1462 1955 1502 apostolum
1980 1463 2165 1502 praecipere
2189 1462 2299 1502 quales

1327 1515 1395 1536 esse
1420 1505 1566 1536 debeant.
1612 1505 1685 1536 Nou
1719 1505 1837 1536 mirum
1862 1509 1909 1536 est
1933 1505 2043 1545 igitur,
2074 1506 2101 1537 si
2126 1505 2300 1536 discrimen

1327 1548 1414 1579 inter
1437 1558 1489 1579 eos
1513 1554 1545 1579 et
1569 1548 1664 1579 huius
1689 1547 1798 1578 mundi
1822 1547 1903 1579 filios
1927 1548 2051 1587 statuit,
2074 1548 2127 1588 qui
2152 1548 2214 1579 Dei
2238 1548 2302 1588 spi·

1327 1591 1390 1622 ritu
1414 1590 1558 1622 destituti
1582 1591 1622 1622 ad
1645 1601 1739 1622 omne
1764 1591 1879 1631 flagitii
1901 1601 2006 1631 genus
2028 1600 2062 1622 se
2091 1591 2297 1631 prostituunt.

1327 1633 1428 1664 Filios
1446 1634 1507 1665 Dei
1531 1634 1564 1665 in
1588 1634 1699 1665 eadem
1724 1644 1793 1664 esse
1811 1644 1908 1665 causa
1932 1644 1997 1664 non
2019 1633 2097 1672 vult,
2121 1638 2156 1665 ut
2178 1633 2300 1664 iniuste

1326 1676 1466 1707 vivendo
1490 1677 1591 1708 iustas
1607 1676 1715 1717 legum
1733 1686 1854 1716 poenas
1871 1677 1903 1707 in
1920 1686 1954 1707 se
1971 1681 2159 1716 provocent.
2196 1676 2298 1707 Porro

1326 1719 1400 1750 alibi
1424 1720 1486 1749 iam
1511 1719 1660 1757 diximus,
1685 1726 1848 1759 utcunque
1868 1730 1996 1759 semper
2018 1720 2051 1750 in
2068 1719 2179 1751 electis
2197 1718 2300 1750 multa

1326 1763 1391 1792 sint
1414 1768 1552 1802 peccata,
1584 1772 1666 1802 quae
1690 1762 1780 1793 Deus
1812 1763 1928 1802 punire
1952 1762 2023 1793 iure
2053 1762 2163 1802 possit,
2192 1762 2299 1802 ipsum

1327 1810 1433 1836 tamen
1458 1815 1515 1845 pro
1546 1811 1682 1845 paterna
1712 1815 1771 1836 sua
1798 1804 2003 1846 indulgentia
2032 1805 2108 1837 filiis
2138 1804 2204 1836 suis
2228 1814 2298 1845 par-

1327 1858 1407 1884 cere,
1439 1858 1479 1879 ne
1506 1858 1625 1888 poenas
1654 1857 1733 1888 quas
1766 1848 1873 1879 meriti
1903 1851 1988 1886 sunt,
2017 1848 2144 1889 exigat:
2175 1848 2300 1878 interea

1329 1901 1413 1928 vero,
1445 1891 1577 1922 honoris
1600 1901 1704 1927 causa,
1736 1891 1803 1922 suis
1830 1896 1861 1921 et
1885 1890 2007 1922 Christi
2038 1892 2087 1922 sui
2118 1890 2300 1931 insignibus

1328 1943 1380 1964 eos
1409 1943 1540 1970 ornare,
1576 1934 1652 1965 dum
1683 1933 1784 1973 affligi
1814 1934 1853 1964 ob
1883 1934 2045 1973 evangelii
2076 1933 2298 1965 testimonium

1329 1976 1457 2015 patitur.
1519 1976 1646 2008 Nomen
1687 1975 2009 2017 ἀλλοτριοεπίσκοπος
2049 1977 2179 2008 videtur
2218 1974 2298 2006 mihi

1329 2019 1425 2049 alieni
1447 2020 1580 2060 cupidos
1603 2019 1782 2060 designare.
1827 2019 1911 2050 Nam
1942 2021 1997 2059 qui
2029 2019 2068 2051 ad
2095 2019 2224 2059 rapinas
2249 2017 2299 2049 vel

1329 2062 1457 2094 fraudes
1486 2062 1624 2100 inhiant,
1659 2062 1745 2093 limis
1776 2063 1877 2093 oculis
1910 2061 1959 2103 (ut
1990 2062 2094 2102 inquit
2124 2061 2298 2100 Horatius)

1330 2105 1362 2135 in
1387 2116 1436 2136 res
1460 2106 1581 2137 alienas
1604 2106 1784 2145 inquirunt.
1824 2105 1984 2136 Pecuniae
2002 2107 2110 2136 autem
2134 2110 2299 2142 contemp-

1330 2153 1379 2178 tor
1402 2148 1453 2188 (nt
1476 2149 1560 2179 idem
1578 2148 1654 2179 alibi
1671 2147 1827 2189 loquitur)
1848 2148 1919 2179 auri
1942 2149 2089 2188 ingentes
2105 2146 2197 2178 oculo
2221 2147 2299 2177 irre-

1330 2196 1412 2221 torto
1434 2196 1559 2230 spectat
1581 2201 1723 2222 acervos.

1416 2234 1464 2265 16.
1489 2233 1527 2265 Si·
1542 2236 1643 2265 autem
1658 2236 1691 2265 ut
1708 2234 1917 2265 Christianus.
1954 2233 2131 2273 Postquam
2151 2233 2190 2264 ab
2210 2231 2298 2262 omni

1330 2276 1469 2308 laesione
1493 2282 1523 2308 et
1546 2277 1665 2308 iniuria
1689 2277 1892 2308 Christianos
1916 2275 2088 2316 prohibuit,
2113 2286 2153 2306 ne
2178 2275 2299 2314 pariter

1330 2329 1400 2350 cum
1425 2319 1599 2351 incredulis
1630 2320 1669 2350 ob
1693 2330 1752 2351 sua
1775 2319 1933 2350 maleficia
1959 2318 2079 2349 mundo
2106 2318 2172 2349 sint
2193 2317 2298 2348 exosi:

1330 2373 1415 2393 nunc
1450 2363 1519 2393 Deo
1557 2363 1645 2393 iubet
1682 2363 1803 2402 gratias
1840 2372 1935 2402 agere
1972 2361 1999 2392 si
2037 2361 2299 2401 persequutiones

1331 2411 1460 2445 propter
1477 2405 1598 2436 Christi
1622 2416 1739 2436 nomen
1763 2405 1955 2436 sustineant.
1990 2404 2032 2434 Et
2055 2414 2132 2435 sane
2155 2404 2215 2435 hoc
2234 2413 2299 2434 nou

1330 2448 1462 2488 vulgare
1485 2453 1534 2479 est
1559 2448 1618 2479 Dei
1642 2448 1843 2483 beneficium,
1875 2447 1959 2486 quod
1991 2457 2048 2478 nos
2072 2446 2298 2478 communibus

1330 2496 1533 2529 peccatorum
1559 2491 1670 2530 poenis
1693 2490 1814 2521 solutos
1842 2496 1874 2521 et
1898 2497 2072 2529 exemptos,
2103 2490 2143 2521 ad
2167 2489 2298 2520 honori-

1330 2534 1421 2564 ficam
1445 2533 1595 2564 militiam
1618 2538 1721 2570 vocat,
1750 2538 1785 2563 ut
1808 2543 1866 2572 pro
1889 2532 2053 2573 evangelii
2076 2533 2126 2564 sui
2150 2533 2294 2563 testimo—

1330 2576 1391 2613 nio,
1416 2576 1469 2607 vel
1485 2575 1609 2616 exsilia,
1633 2576 1685 2607 vel
1702 2585 1854 2613 carceres,
1876 2576 1926 2606 vel
1943 2575 2070 2615 probra,
2094 2575 2145 2607 vel
2162 2579 2296 2606 mortem

1329 2618 1431 2658 ipsam
1455 2620 1634 2650 subeamus.
1670 2619 1758 2658 Ergo
1782 2618 1927 2658 ingratos
1944 2617 2014 2649 Deo
2038 2628 2108 2649 esse
2126 2618 2298 2658 significat,

1329 2662 1384 2701 qui
1418 2663 1449 2692 in
1482 2661 1783 2702 persequutionibus
1818 2662 1961 2692 fremunt
1995 2661 2047 2692 vel
2082 2666 2297 2697 murmurant,
