2513 3126
295 209 335 238 ‹ss
1053 201 1194 233 31101.
1218 201 1280 232 Au
1307 200 1554 232 1111011111υο
1832 187 1835 189 ’
2248 203 2289 233 04

297 313 408 334 verum
433 301 589 341 expositio
613 308 708 339 quam
728 296 859 332 adduxi.
885 295 985 326 multo
1005 295 1110 336 aptior
1127 301 1183 332 est,
1209 306 1266 326 nec

296 345 392 385 leuga
415 343 655 376 confirmatione
680 339 813 380 indiget.
850 339 950 370 Porro
974 337 1033 370 hec
1058 338 1188 370 tertium
1213 337 1264 369 ad-

297 388 387 425 didit,
419 397 458 417 ne
489 392 639 425 putemus
663 382 785 414 Christi
810 392 919 422 preces
943 379 1042 412 fuisse
1072 380 1266 420 repudiatas,

296 432 372 470 quia
397 440 457 460 neu
481 427 590 458 statim
614 429 786 466 exemptus
809 435 826 455 a
850 423 943 455 malis
963 424 1073 455 fuerit:
1099 433 1265 463 nunquam

297 473 382 504 enim
400 471 445 502 illi
464 470 522 501 Dei
541 468 761 501 misericordia
777 467 999 507 auxiliumque
1018 466 1128 497 defuit.
1161 467 1267 506 Atque

298 516 372 546 binc
388 511 613 553 colligendum,
630 521 725 551 saepe
741 521 758 541 a
776 510 867 541 nobis
884 509 990 541 Deum
1008 509 1145 546 exorari,
1169 508 1265 540 etiam

297 567 396 597 quum
417 556 550 586 minime
566 560 709 596 apparet.
734 552 878 584 Tametsi
895 552 980 583 enim
1000 562 1102 591 neque
1120 556 1265 582 nostrum

297 603 354 635 cst,
378 604 499 630 certam
523 598 611 638 quasi
641 596 811 628 formulam
835 595 881 626 illi
906 594 1132 635 praescribere,
1163 603 1266 634 neque

296 642 390 673 illum
414 640 497 673 votis
521 641 650 678 nostris,
684 638 918 679 qualiacunque
950 642 1058 669 mente
1082 636 1132 668 vel
1156 636 1267 677 lingua

296 685 464 725 concipere
498 683 637 721 libuerit,
676 682 897 721 obtemperare
931 679 1037 712 decet:
1076 689 1266 720 quecunque

297 734 406 759 tamen
440 726 535 758 modo
568 724 715 757 consulat
743 724 840 755 saluti
876 727 1016 760 nostrae,
1053 733 1086 753 se
1118 722 1266 763 precibus

297 770 451 802 annuisse
481 768 628 800 ostendit.
676 767 726 798 Ita
754 776 852 807 quum
884 766 915 797 in
948 765 1088 806 speciem
1118 764 1267 797 videmur

297 813 460 853 repulsam
485 812 577 847 ferre,
601 810 673 850 plus
697 809 791 849 longe
815 809 1030 850 impetramus
1046 818 1143 849 quam
1166 807 1193 839 si
1214 817 1266 848 pe-

298 856 384 888 nitus
408 854 498 886 nobis
522 853 714 894 indulgeret.
753 851 819 884 Sed
842 851 1000 892 quomodo
1020 850 1192 883 exauditus
1208 851 1268 882 fuit

298 898 449 930 Christus
472 907 558 928 esuo
576 899 676 934 metu,
699 905 799 936 quum
819 899 966 933 mortem,
988 904 1083 934 quam
1106 893 1268 932 horrebat,

298 941 456 972 subierit?
512 938 716 979 Respondeo,
754 938 853 969 finem
894 937 1018 968 timoris
1056 936 1267 977 spectandum

299 994 377 1015 csse.
424 982 491 1014 Cur
521 982 607 1013 enim
638 984 776 1013 mortem
807 980 997 1021 refugiebat,
1030 980 1092 1010 nisi
1123 979 1206 1020 quod
1235 979 1268 1010 in

297 1037 333 1058 ea
356 1025 508 1056 cernebat
532 1024 793 1056 maledictionem
810 1022 883 1063 Dei,
907 1023 990 1063 quod
1013 1033 1087 1054 cum
1111 1022 1267 1054 scelerum

296 1069 439 1100 omnium
457 1070 560 1108 reatu,
584 1068 726 1108 ipsisque
746 1066 824 1098 adeo
841 1066 953 1097 inferis
971 1064 1160 1097 luctandum
1178 1066 1268 1096 erat?

297 1112 384 1143 Hine
408 1110 580 1151 trepidatio
596 1115 627 1141 et
651 1110 808 1147 anxietas,
831 1109 915 1149 quod
933 1108 995 1140 Dei
1011 1107 1166 1139 iudicium
1183 1107 1267 1148 plus-

297 1163 394 1194 quam
418 1153 620 1185 formidabile
644 1157 701 1184 est.
748 1153 835 1193 Ergo
859 1151 943 1192 quod
967 1150 1097 1182 volebat
1120 1151 1269 1191 obtinuit,

297 1204 332 1228 ut
354 1206 371 1227 e
395 1197 508 1228 mortis
532 1196 693 1228 doloribus
723 1195 827 1227 victor
851 1198 1040 1235 emergeret,
1071 1197 1106 1225 ut
1128 1194 1270 1226 salvifica

298 1239 400 1280 patris
434 1249 533 1270 manu
561 1239 785 1275 sustineretur,
816 1242 852 1269 ut
881 1242 953 1277 post
981 1237 1078 1268 breve
1108 1240 1269 1268 certamen

298 1283 337 1314 de
361 1281 492 1320 Satana,
516 1286 653 1323 peccato,
677 1286 709 1313 et
732 1280 843 1312 inferis
866 1280 1042 1321 gloriosum
1065 1279 1267 1320 triumphum

298 1328 419 1366 ageret.
465 1325 517 1356 Ita
539 1334 635 1364 saepe
658 1324 694 1355 fit
717 1328 753 1355 ut
776 1324 837 1355 hoc
861 1323 912 1355 vel
936 1322 1015 1354 illud
1032 1326 1190 1362 petamus,
1213 1321 1269 1353 sed

298 1369 332 1399 in
356 1367 456 1399 alium
484 1368 591 1399 finem.
637 1367 711 1407 Ipse
740 1376 819 1398 vero
842 1365 932 1398 Deus
960 1366 1045 1406 quod
1075 1365 1270 1405 petieramus

299 1420 366 1442 non
393 1410 581 1451 concedens,
612 1410 737 1442 interea
767 1409 898 1441 modum
930 1408 1058 1440 invenit
1087 1418 1150 1448 quo
1179 1407 1271 1440 nobis

300 1458 477 1485 succurrat.

387 1496 416 1528 8.
439 1495 527 1528 Dicit
549 1495 758 1528 obedientiam.
790 1494 968 1526 Proximus
991 1494 1065 1526 finis
1084 1493 1270 1535 passionum

301 1538 437 1577 Christi,
460 1538 544 1578 quod
568 1539 767 1571 assuefactus
798 1537 858 1569 hac
882 1538 1006 1569 ratione
1037 1537 1098 1568 fuit
1121 1536 1161 1567 ad
1184 1535 1272 1568 obse-

301 1582 422 1622 quium.
468 1581 540 1613 Non
564 1581 648 1622 quod
676 1581 708 1613 vi
731 1580 894 1622 cogendus
919 1585 1012 1617 esset,
1038 1579 1089 1611 vel
1113 1585 1193 1620 opus
1216 1578 1272 1610 ha-

301 1625 392 1656 beret
421 1623 539 1656 talibus
568 1624 746 1656 exercitiis:
774 1623 868 1656 sicuti
899 1624 1016 1655 bovum
1042 1622 1092 1654 vel
1115 1631 1271 1662 equorum

301 1667 422 1700 ferocia
445 1666 604 1699 domatur.
649 1666 739 1699 Satis
769 1667 857 1698 enim
880 1676 1039 1707 superque
1070 1665 1272 1698 voluntarius

302 1710 365 1741 fuit
388 1709 428 1742 ad
451 1710 678 1750 praestandam
702 1710 791 1741 Patri
815 1708 1032 1741 obedientiam
1059 1718 1156 1749 quam
1179 1707 1272 1739 debe-

302 1754 365 1784 bat.
412 1753 536 1784 Verum
566 1752 599 1784 id
622 1753 742 1784 factum
773 1758 821 1784 est
844 1752 949 1783 nostri
972 1757 1130 1792 respectu,
1160 1756 1196 1782 ut
1218 1760 1271 1781 ex-

302 1796 521 1836 perimentum
556 1795 782 1836 specimenque
819 1794 928 1826 ederet
958 1805 1035 1826 suae
1066 1793 1273 1826 subiectionis

302 1838 343 1869 ad
367 1844 504 1870 mortem
526 1848 637 1879 usque.
673 1838 879 1878 Quamquam
903 1848 979 1869 vere
996 1837 1056 1870 hoc
1080 1837 1139 1868 dici
1159 1841 1272 1877 potest,

304 1881 471 1913 Christum
495 1885 598 1913 morte
629 1891 688 1912 sua.
719 1880 759 1912 ad
783 1881 914 1921 plenum
945 1880 1095 1912 didicisse
1125 1878 1202 1920 quid
1232 1879 1273 1910 sit

304 1923 434 1956 obedire
458 1923 546 1955 Deo:
577 1923 706 1964 quando
729 1929 807 1956 tunc
829 1924 971 1955 maxime
1001 1924 1041 1954 ad
1065 1923 1115 1954 sui
1136 1922 1274 1963 abnega·

303 1967 424 1998 tionem
447 1966 607 1999 adductus
630 1972 687 1998 est.
733 1966 818 1998 Nam
842 1966 990 1998 abdicata
1013 1965 1181 1997 voluntate
1204 1974 1274 2005 pro-

304 2009 384 2050 pria,
409 2019 549 2049 eousque
572 2020 606 2041 se
629 2010 713 2050 patri
736 2009 872 2049 addixit,
895 2013 933 2040 ut
952 2014 1098 2047 mortem,
1123 2007 1163 2039 ad
1178 2017 1273 2048 quam

305 2052 551 2092 expavescebat,
588 2056 704 2093 sponte
737 2051 939 2092 libenterque
972 2051 1096 2083 obierit.
1152 2050 1274 2082 Sensus

306 2103 383 2135 ergo
418 2100 479 2133 est,
517 2096 703 2135 passionum
738 2095 938 2135 experientia
972 2094 1138 2126 Christum
1177 2093 1274 2124 fuisse

305 2137 454 2169 edoctum
478 2147 645 2179 quousque
668 2137 740 2169 Deo
763 2148 822 2169 nos
844 2137 958 2170 subiici
981 2147 1018 2168 ac
1048 2147 1161 2178 parere
1183 2145 1275 2177 opor-

307 2184 383 2212 teat,
446 2179 556 2219 Quare
597 2190 655 2212 nos
695 2190 822 2221 quoque
862 2181 932 2212 eius
973 2179 1136 2221 exemplo,
1176 2178 1275 2211 variis

306 2223 480 2261 aerumnis,
510 2228 541 2254 et
564 2223 695 2255 tandem
718 2228 822 2255 morte
845 2223 915 2263 ipsa
937 2223 1058 2255 erudiri
1080 2221 1275 2261 formarique

306 2266 459 2298 convenit
478 2266 518 2298 ad
535 2266 595 2298 Dei
614 2266 839 2298 obedientiam.
878 2266 948 2298 Imo
966 2276 1025 2298 nos
1044 2265 1145 2297 multo
1163 2264 1275 2305 magis,

307 2308 362 2348 qui
396 2308 527 2349 ingenio
564 2319 676 2341 sumus
713 2309 894 2341 contumaci
932 2311 965 2340 et
1001 2308 1175 2346 indomito,
1212 2306 1275 2338 nisi

307 2351 470 2383 Dominus
504 2351 544 2383 ad
574 2352 745 2384 ferendum
774 2352 887 2393 iugum
918 2362 1014 2383 suum
1043 2351 1162 2383 talibus
1189 2349 1273 2381 rudi-

307 2394 426 2425 mentis
460 2404 519 2426 1100
541 2394 679 2436 subigat.
725 2394 816 2426 Haec
851 2394 972 2426 utilitas
1006 2404 1086 2435 quae
1120 2403 1161 2425 ex
1183 2401 1275 2424 cruce

308 2437 467 2475 provenit,
500 2436 594 2469 debet
625 2438 693 2469 eius
723 2437 931 2470 acerbitatem
961 2437 995 2469 in
1018 2436 1134 2469 animis
1157 2435 1275 2468 nostris

308 2478 419 2510 lenire.
465 2479 552 2519 Quid
582 2480 668 2512 enim
699 2480 871 2521 optabilius
901 2484 950 2512 est
976 2490 1074 2521 quam
1102 2489 1158 2511 nos
1187 2478 1275 2509 obse-

309 2525 442 2560 quentes
476 2522 567 2554 reddi
599 2523 694 2555 Deo?
740 2522 779 2554 Id
814 2528 923 2555 autem
960 2523 1030 2555 fieri
1067 2521 1177 2563 nequit
1213 2520 1276 2552 nisi

309 2573 416 2595 cruce:
447 2575 522 2596 nam
552 2566 586 2597 in
613 2566 710 2598 rebus
737 2566 900 2607 prosperis
921 2566 1011 2607 quasi
1034 2565 1142 2597 laxato
1164 2563 1276 2595 fraeno

310 2605 526 2638 exsultamus:
557 2609 620 2640 imo
647 2609 838 2650 plerumque
865 2618 1001 2641 excusso
1035 2618 1167 2649 prorsus
1189 2607 1276 2647 iugo,

309 2650 470 2689 protervit
503 2651 609 2682 carnis
643 2656 771 2683 nostrae
805 2651 945 2684 lascivia.
998 2651 1062 2683 Ubi
1089 2656 1196 2683 autem
1228 2649 1277 2682 vis

1320 300 1449 326 nostrae
1474 294 1634 326 voluntati
1654 296 1818 328 afferenda
1838 301 1895 332 ost,
1921 302 1955 328 ut
1976 297 2113 329 velimus
2133 298 2288 338 quidquid

1319 338 1389 368 Deo
1414 338 1526 378 placet,
1552 338 1586 368 in
1610 348 1647 369 eo
1671 339 1798 371 demum
1823 339 2006 371 obedientia
2030 347 2141 372 nostra
2163 350 2197 371 se
2213 351 2288 373 vere

1319 380 1435 420 prodit.
1483 379 1555 411 Hoc
1582 380 1714 420 inquam
1746 382 1871 414 illustre
1900 389 1947 414 est
1979 383 2136 423 perfectae
2165 382 2288 415 subiec-

1319 423 1416 455 tionis
1443 423 1683 460 documentum,
1717 435 1814 464 quum
1838 430 1985 465 mortem,
2017 425 2056 456 ad
2080 435 2175 466 quam
2201 426 2289 457 Deus

1320 472 1423 505 vocat,
1455 466 1581 496 tametsi
1614 465 1738 498 horrori
1761 474 1818 506 est,
1850 468 2061 508 praeferimus
2079 474 2186 499 tamen
2204 469 2289 500 vitae

1318 519 1414 549 quam
1439 515 1555 539 natura
1577 509 1769 548 expetimus.

1404 551 1433 583 9.
1458 551 1499 582 Et
1522 551 1740 590 sanctificatus.
1785 553 1879 585 Finis
1903 553 2035 584 ultimus
2060 553 2108 584 vel
2134 554 2286 584 remotior

1318 593 1367 635 (ut
1391 594 1521 634 vocant)
1545 604 1603 625 cur
1619 595 1683 634 pati
1703 595 1871 628 Christum
1888 607 2016 628 necesse
2039 596 2149 627 fuerit:
2176 606 2288 636 nempe

1319 637 1404 677 quod
1429 638 1461 668 in
1490 647 1584 668 suum
1609 637 1823 670 sacerdotium
1849 639 1908 671 hoc
1938 638 2032 670 modo
2064 638 2124 670 fuit
2154 638 2289 679 inaugu-

1320 685 1417 711 ratus.
1463 680 1510 711 Ac
1541 680 1567 710 si
1599 679 1725 711 deceret
1749 682 1922 721 apostolus,
1955 681 2059 713 crucis
2083 681 2288 712 tolerantiam

1319 728 1352 754 et
1380 728 1517 754 mortem
1548 721 1681 754 solenne
1712 723 1809 755 fuisse
1840 725 2088 757 consecrationis
2119 733 2222 764 genus
2255 725 2287 755 in

1320 765 1461 797 Christo.
1515 764 1587 804 Quo
1614 766 1776 806 significat
1804 777 1916 799 omnes
1946 768 2015 798 eius
2049 768 2213 807 passiones
2247 766 2286 797 ad

1320 808 1458 840 salutem
1494 813 1635 838 nostram
1669 814 1839 848 spectasse.
1893 810 1988 842 Unde
2022 810 2176 850 sequitur,
2211 808 2290 840 adeo

1321 851 1402 882 nihil
1432 850 1542 882 obesse
1566 850 1635 882 eius
1659 850 1817 892 dignitati,
1848 858 1882 884 ut
1906 853 2012 894 potius
2035 853 2194 894 gloriosae
2216 852 2290 883 sint.

1320 893 1404 925 Nam
1435 894 1460 925 si
1491 893 1630 934 pretiosa
1661 894 1754 926 nobis
1782 898 1831 925 est
1854 900 1965 927 nostra
1988 895 2085 932 salus,
2116 904 2211 935 quam
2236 894 2289 925 ho-

1321 937 1450 968 norifice
1485 937 1524 967 de
1558 937 1626 968 eius
1659 947 1756 969 causa
1788 937 2015 969 sentiendum?
2058 937 2170 978 Neque
2204 937 2290 968 enim

1321 979 1373 1011 hic
1397 979 1435 1010 de
1458 979 1607 1020 exemplo
1631 984 1756 1011 tantum
1777 979 1929 1020 disputat,
1953 980 2009 1012 sed
2026 980 2121 1012 altius
2140 989 2289 1012 conscen-

1321 1023 1384 1053 dit:
1414 1032 1528 1062 nempe
1557 1021 1642 1062 quod
1673 1033 1730 1053 sua
1755 1022 1938 1054 obedientia
1961 1022 2112 1055 Christus
2135 1022 2291 1054 deleverit

1322 1070 1447 1096 nostras
1485 1065 1770 1105 transgressiones.
1827 1065 1947 1097 Factus
1985 1075 2062 1106 ergo
2098 1065 2157 1096 fuit
2193 1074 2292 1097 causa

1321 1108 1443 1145 salutis,
1469 1108 1545 1148 quia
1567 1107 1723 1138 iustitiam
1749 1107 1840 1139 nobis
1856 1109 2055 1148 comparavit
2071 1107 2155 1148 apud
2173 1107 2290 1146 Deum,

1322 1161 1420 1191 quum
1440 1150 1689 1182 inobedientiam
1707 1150 1796 1182 Adae
1812 1151 1973 1182 contrario
1992 1150 2133 1182 remedio
2150 1149 2290 1181 sustulit.

1324 1193 1550 1226 Sanctificatus
1581 1193 1695 1225 melius
1725 1192 1860 1233 quadrat
1890 1194 2068 1234 contextui,
2100 1202 2194 1233 quam
2219 1202 2290 1232 per-

1322 1237 1432 1268 fectus.
1471 1236 1531 1268 Est
1547 1246 1661 1277 graece
1680 1235 1869 1277 τελειωθεὶς,
1899 1236 1983 1278 quod
2004 1241 2177 1276 utrumque
2195 1235 2291 1276 signi-

1324 1280 1406 1311 ficat.
1453 1278 1518 1311 Sed
1541 1279 1618 1319 quia
1649 1278 1701 1311 hie
1725 1279 1764 1310 de
1792 1279 1970 1311 sacerdotio
1992 1289 2099 1311 sermo
2129 1284 2187 1316 est,
2218 1283 2292 1317 apte

1323 1327 1355 1354 et
1384 1321 1549 1363 eleganter
1574 1322 1837 1354 sanctificationis
1867 1322 2024 1354 meminit.
2070 1321 2113 1352 Et
2143 1321 2187 1352 ita
2217 1319 2293 1352 alibi

1323 1365 1451 1406 (Iohan.
1477 1364 1527 1403 17,
1552 1365 1604 1404 19)
1627 1364 1774 1405 loquitur
1797 1365 1949 1397 Christus
1971 1365 2054 1405 ipse:
2078 1364 2217 1404 Propter
2240 1372 2292 1394 ees

1324 1408 1488 1439 sanctifico
1512 1418 1564 1440 me
1587 1409 1701 1448 ipsum.
1748 1407 1841 1440 Unde
1872 1410 1996 1440 constat
2027 1407 2088 1439 hoc
2116 1406 2156 1438 ad
2179 1406 2293 1437 hnma-

1324 1461 1399 1482 nam
1422 1451 1490 1482 eius
1514 1454 1661 1482 naturam
1687 1451 1818 1491 proprie
1840 1450 2046 1482 referendum
2069 1461 2147 1487 esse,
2175 1449 2208 1480 in
2231 1458 2293 1489 qua

1324 1493 1500 1526 sacerdotis
1522 1493 1628 1525 officio
1652 1493 1783 1525 functus
1805 1498 1864 1531 est,
1884 1493 1979 1526 sicuti
2002 1493 2100 1525 etiam
2123 1502 2246 1533 passus.

1413 1536 1564 1569 Omnibus
1596 1536 1650 1577 qui
1685 1536 1736 1568 illi
1768 1536 1918 1569 obediunt.
1964 1536 2053 1577 Ergo
2085 1535 2113 1567 si
2131 1533 2294 1575 'prodesse

1325 1579 1416 1611 nobis
1445 1580 1593 1612 volumus
1620 1579 1744 1612 Christi
1775 1579 2001 1618 obedientiam,
2031 1589 2090 1611 nos
2119 1588 2190 1610 eam
2221 1576 2293 1608 imi—

1325 1627 1446 1654 temur:
1470 1622 1531 1655 hoc
1555 1623 1642 1654 enim
1665 1622 1828 1663 apostolus
1845 1622 2018 1663 significat,
2042 1632 2107 1653 non
2122 1620 2294 1661 pervenire

1324 1665 1363 1696 ad
1386 1665 1467 1697 alios
1490 1666 1558 1698 eius
1589 1666 1739 1705 fructum,
1774 1675 1870 1706 quam
1900 1665 1956 1705 qui
1983 1664 2147 1697 obediunt.
2192 1663 2294 1694 Porro

1325 1708 1383 1741 hoc
1407 1708 1551 1749 dicendo,
1575 1708 1672 1740 fidem
1696 1707 1787 1740 nobis
1811 1707 2024 1740 commendat.
2069 1706 2184 1747 Neque
2207 1705 2294 1738 enim

1325 1756 1433 1783 noster
1455 1752 1502 1790 fit,
1534 1761 1638 1792 neque
1668 1751 1736 1783 eius
1760 1750 1852 1789 bona,
1882 1751 1944 1783 nisi
1974 1756 2133 1791 quatenus
2159 1748 2240 1780 haec
2262 1754 2295 1779 et

1324 1795 1430 1835 ipsum
1453 1794 1516 1826 fide
1538 1794 1772 1835 amplectimur.
1818 1794 2025 1834 Quamquam
2049 1793 2177 1825 videtur
2199 1800 2294 1831 appo-

1324 1838 1427 1869 suisse
1450 1837 1667 1870 universalem
1690 1845 1799 1868 notam
1822 1837 1982 1877 omnibus,
2006 1840 2042 1868 ut
2060 1835 2219 1867 indicaret
2241 1843 2294 1865 ne-

1326 1880 1444 1912 minem
1468 1880 1508 1911 ab
1531 1880 1592 1912 hac
1615 1879 1718 1911 salute
1741 1880 1851 1920 arceri,
1875 1880 1927 1920 qni
1951 1879 2045 1911 modo
2069 1889 2103 1910 se
2126 1876 2295 1918 evangelie

1327 1923 1449 1955 Christi
1473 1923 1610 1955 docilem
1634 1923 1925 1963 obsequentemque
1948 1922 2111 1963 praebeat.

1412 1966 1462 1998 10.
1493 1965 1732 2007 Goynominatus
1760 1976 1781 1997 α
1803 1965 1880 1997 Deo.
1933 1965 2019 2005 Quia
2041 1962 2297 2005 operaepretium

1327 2013 1375 2040 est
1413 2008 1515 2041 fusius
1553 2009 1702 2049 persequi
1740 2018 1834 2049 quam
1875 2009 1985 2050 attigit
2022 2007 2297 2048 comparationem

1327 2051 1451 2083 Christi
1474 2058 1505 2083 et
1526 2050 1751 2089 Melchisedec,
1776 2051 1950 2092 erigendae
1972 2056 2081 2083 autem
2101 2049 2296 2082 Iudaeorum

1328 2099 1451 2126 mentes
1482 2094 1521 2126 ad
1545 2095 1699 2126 maiorem
1729 2095 1958 2126 attentionem:
1988 2094 2034 2126 sic
2063 2093 2104 2126 ad
2127 2089 2297 2133 digressio-

1328 2148 1399 2168 nem
1419 2137 1546 2176 transit,
1569 2143 1605 2169 ut
1622 2143 1731 2169 tamen
1750 2137 1810 2169 hoc
1827 2141 2056 2178 argumentum
2071 2136 2131 2169 sibi
2150 2134 2297 2167 retineat.

1328 2180 1441 2221 Itaque
1464 2180 1628 2221 praefatur
1651 2180 1752 2211 multa
1776 2180 1836 2212 sibi
1859 2190 1928 2212 esse
1952 2179 2102 2212 dicenda:
2131 2177 2187 2211 sed
2210 2177 2298 2217 ipsos

1328 2233 1396 2255 esse
1420 2223 1670 2264 praeparandos,
1705 2233 1745 2255 ne
1769 2223 1889 2255 frustra
1912 2222 2073 2254 dicantur.
2117 2219 2297 2253 Difficilem

1328 2267 1394 2297 fore
1424 2276 1604 2298 sermonem
1635 2267 1803 2297 admonet:
1834 2275 1898 2297 non
1930 2270 1966 2297 ut
1993 2266 2080 2306 ipsos
2111 2264 2301 2301 absterreat,

1327 2309 1381 2340 sed
1405 2310 1508 2350 magis
1532 2314 1566 2340 ut
1589 2314 1691 2341 acuat.
1726 2309 1811 2340 Nam
1833 2311 1869 2340 ut
1891 2318 1949 2340 1100
1970 2307 2135 2349 segniores
2158 2306 2296 2339 facilitas

1327 2351 1459 2384 reddere
1475 2352 1567 2389 solet,
1586 2352 1632 2383 ita
1647 2351 1755 2384 acrius
1772 2353 1811 2383 ad
1828 2351 2025 2383 audiendum
2042 2350 2162 2382 intenti
2177 2359 2297 2384 sumus,

1327 2395 1353 2426 si
1381 2394 1457 2435 quid
1480 2395 1652 2427 obscurum
1677 2395 1877 2435 proponitur.
1923 2394 2063 2426 Causam
2088 2398 2196 2424 tamen
2213 2391 2298 2422 diffi-

1328 2437 1468 2475 cultatis,
1500 2447 1564 2468 non
1588 2439 1645 2476 rei,
1676 2437 1730 2469 sed
1762 2437 1841 2478 ipsis
1864 2437 2017 2477 assignat.
2062 2435 2108 2467 Et
2138 2439 2223 2466 certe
2253 2434 2298 2465 ita

1328 2480 1411 2512 clare
1445 2490 1572 2520 semper
1606 2479 1774 2511 nobiscum
1813 2479 1879 2519 agit
1913 2478 2092 2516 Dominus,
2134 2483 2167 2509 et
2203 2482 2299 2508 extra

1329 2532 1439 2554 omnes
1463 2524 1625 2564 ambages,
1649 2528 1684 2554 ut
1706 2523 1775 2554 eius
1795 2521 1929 2554 verbum
1953 2521 2068 2552 merito
2085 2524 2218 2552 vocetur
2241 2520 2298 2551 lux

1329 2570 1453 2598 nostra:
1477 2565 1532 2598 sed
1557 2566 1626 2597 eius
1644 2564 1795 2606 splendor
1814 2564 1956 2595 tenebris
1975 2564 2096 2595 nostris
2112 2563 2297 2595 suffocatur.

1329 2607 1400 2640 Hoc
1423 2609 1460 2640 fit
1491 2609 1610 2649 partim
1634 2612 1746 2640 nostra
1769 2606 1972 2645 hebetudine,
2004 2606 2120 2647 partim
2143 2604 2296 2638 socordia.

1329 2650 1412 2682 Nam
1436 2661 1535 2692 quum
1567 2651 1738 2692 plusquam
1770 2649 1902 2682 hebetes
1932 2650 2032 2682 simus
2055 2648 2095 2681 ad
2118 2648 2296 2689 intelligen-
