<?xml version="1.0" encoding="UTF-8"?>
<!DOCTYPE html PUBLIC "-//W3C//DTD XHTML 1.0 Transitional//EN"
    "http://www.w3.org/TR/xhtml1/DTD/xhtml1-transitional.dtd">
<html xmlns="http://www.w3.org/1999/xhtml" xml:lang="en" lang="en">
 <head>
  <title>
</title>
<meta http-equiv="Content-Type" content="text/html;charset=utf-8" />
  <meta name='ocr-system' content='tesseract 3.04.00' />
  <meta name='ocr-capabilities' content='ocr_page ocr_carea ocr_par ocr_line ocrx_word'/>
</head>
<body>
  <div class='ocr_page' id='page_1' title='image "./ioanniscalviniop55calv_0048.png"; bbox 0 0 2513 3126; ppageno 0'>
   <div class='ocr_carea' id='block_1_1' title="bbox 298 219 2298 255">
    <p class='ocr_par' dir='ltr' id='par_1_1' title="bbox 298 219 2298 255">
     <span class='ocr_line' id='line_1_1' title="bbox 298 219 2298 255; baseline 0.003 -6"><span class='ocrx_word' id='word_1_1' title='bbox 298 224 334 255; x_wconf 78' lang='lat'><strong>71</strong></span> <span class='ocrx_word' id='word_1_2' title='bbox 1046 220 1187 251; x_wconf 69' lang='lat' dir='ltr'><strong>Epls&#39;r.</strong></span> <span class='ocrx_word' id='word_1_3' title='bbox 1212 219 1275 251; x_wconf 78' lang='lat' dir='ltr'><strong>AD</strong></span> <span class='ocrx_word' id='word_1_4' title='bbox 1300 220 1549 253; x_wconf 70' lang='lat' dir='ltr'><strong>HEBRAEOS</strong></span> <span class='ocrx_word' id='word_1_5' title='bbox 2257 222 2298 254; x_wconf 81' lang='lat'><strong>72</strong></span> 
     </span>
    </p>
   </div>
   <div class='ocr_carea' id='block_1_2' title="bbox 298 317 1285 2716">
    <p class='ocr_par' dir='ltr' id='par_1_2' title="bbox 298 317 1285 2716">
     <span class='ocr_line' id='line_1_2' title="bbox 299 317 1271 362; baseline -0.005 -8"><span class='ocrx_word' id='word_1_6' title='bbox 299 326 393 354; x_wconf 87' lang='lat' dir='ltr'><strong>runt:</strong></span> <span class='ocrx_word' id='word_1_7' title='bbox 425 321 509 362; x_wconf 76' lang='lat' dir='ltr'><strong>quod</strong></span> <span class='ocrx_word' id='word_1_8' title='bbox 542 319 662 351; x_wconf 84' lang='lat' dir='ltr'><strong>nomini</strong></span> <span class='ocrx_word' id='word_1_9' title='bbox 692 317 852 358; x_wconf 83' lang='lat' dir='ltr'><strong>contingit</strong></span> <span class='ocrx_word' id='word_1_10' title='bbox 882 317 958 357; x_wconf 90' lang='lat' dir='ltr'><strong>quin</strong></span> <span class='ocrx_word' id='word_1_11' title='bbox 988 322 1096 358; x_wconf 85' lang='lat' dir='ltr'><strong>peccet</strong></span> <span class='ocrx_word' id='word_1_12' title='bbox 1120 318 1153 348; x_wconf 89' lang='lat' dir='ltr'><strong>in</strong></span> <span class='ocrx_word' id='word_1_13' title='bbox 1177 318 1271 358; x_wconf 88' lang='lat' dir='ltr'><strong>spiri-</strong></span> 
     </span>
     <span class='ocr_line' id='line_1_3' title="bbox 299 361 1270 402; baseline -0.006 -5"><span class='ocrx_word' id='word_1_14' title='bbox 299 370 367 397; x_wconf 89' lang='lat' dir='ltr'><strong>tum</strong></span> <span class='ocrx_word' id='word_1_15' title='bbox 402 368 560 396; x_wconf 86' lang='lat' dir='ltr'><strong>sanctum.</strong></span> <span class='ocrx_word' id='word_1_16' title='bbox 615 362 697 392; x_wconf 89' lang='lat' dir='ltr'><strong>Nam</strong></span> <span class='ocrx_word' id='word_1_17' title='bbox 728 361 781 401; x_wconf 90' lang='lat' dir='ltr'><strong>qui</strong></span> <span class='ocrx_word' id='word_1_18' title='bbox 813 361 984 392; x_wconf 83' lang='lat' dir='ltr'><strong>secundam</strong></span> <span class='ocrx_word' id='word_1_19' title='bbox 1017 361 1097 402; x_wconf 81' lang='lat' dir='ltr'><strong>legis</strong></span> <span class='ocrx_word' id='word_1_20' title='bbox 1128 361 1270 392; x_wconf 86' lang='lat' dir='ltr'><strong>tabulam</strong></span> 
     </span>
     <span class='ocr_line' id='line_1_4' title="bbox 300 404 1272 447; baseline -0.006 -7"><span class='ocrx_word' id='word_1_21' title='bbox 300 409 410 447; x_wconf 82' lang='lat' dir='ltr'><strong>violat,</strong></span> <span class='ocrx_word' id='word_1_22' title='bbox 447 407 494 437; x_wconf 83' lang='lat' dir='ltr'><strong>vcl</strong></span> <span class='ocrx_word' id='word_1_23' title='bbox 526 405 662 445; x_wconf 89' lang='lat' dir='ltr'><strong>primam</strong></span> <span class='ocrx_word' id='word_1_24' title='bbox 696 404 881 444; x_wconf 78' lang='lat' dir='ltr'>ignorantia</span> <span class='ocrx_word' id='word_1_25' title='bbox 912 404 1159 444; x_wconf 76' lang='lat' dir='ltr'>transgreditur,</span> <span class='ocrx_word' id='word_1_26' title='bbox 1195 415 1272 435; x_wconf 91' lang='lat' dir='ltr'><strong>non-</strong></span> 
     </span>
     <span class='ocr_line' id='line_1_5' title="bbox 301 446 1272 481; baseline -0.003 0"><span class='ocrx_word' id='word_1_27' title='bbox 301 450 376 481; x_wconf 83' lang='lat' dir='ltr'><strong>duni</strong></span> <span class='ocrx_word' id='word_1_28' title='bbox 412 459 484 480; x_wconf 88' lang='lat' dir='ltr'><strong>rens</strong></span> <span class='ocrx_word' id='word_1_29' title='bbox 518 454 567 477; x_wconf 87' lang='lat' dir='ltr'><strong>cst</strong></span> <span class='ocrx_word' id='word_1_30' title='bbox 601 446 697 478; x_wconf 85' lang='lat' dir='ltr'><strong>huius</strong></span> <span class='ocrx_word' id='word_1_31' title='bbox 731 447 934 478; x_wconf 68' lang='lat' dir='ltr'><strong>defectionis:</strong></span> <span class='ocrx_word' id='word_1_32' title='bbox 970 458 1029 478; x_wconf 91' lang='lat' dir='ltr'><strong>nec</strong></span> <span class='ocrx_word' id='word_1_33' title='bbox 1062 452 1148 478; x_wconf 84' lang='lat' dir='ltr'><strong>certe</strong></span> <span class='ocrx_word' id='word_1_34' title='bbox 1183 446 1272 478; x_wconf 90' lang='lat' dir='ltr'><strong>Deus</strong></span> 
     </span>
     <span class='ocr_line' id='line_1_6' title="bbox 300 489 1272 531; baseline -0.004 -7"><span class='ocrx_word' id='word_1_35' title='bbox 300 493 379 524; x_wconf 87' lang='lat' dir='ltr'><strong>alios</strong></span> <span class='ocrx_word' id='word_1_36' title='bbox 413 493 457 522; x_wconf 88' lang='lat' dir='ltr'><strong>ita</strong></span> <span class='ocrx_word' id='word_1_37' title='bbox 487 490 588 531; x_wconf 82' lang='lat' dir='ltr'><strong>gratia</strong></span> <span class='ocrx_word' id='word_1_38' title='bbox 619 500 678 521; x_wconf 89' lang='lat' dir='ltr'><strong>sua</strong></span> <span class='ocrx_word' id='word_1_39' title='bbox 707 490 825 529; x_wconf 87' lang='lat' dir='ltr'><strong>spoliat</strong></span> <span class='ocrx_word' id='word_1_40' title='bbox 855 490 916 521; x_wconf 90' lang='lat' dir='ltr'><strong>nisi</strong></span> <span class='ocrx_word' id='word_1_41' title='bbox 947 489 1114 529; x_wconf 88' lang='lat' dir='ltr'><strong>reprobos,</strong></span> <span class='ocrx_word' id='word_1_42' title='bbox 1149 494 1183 520; x_wconf 89' lang='lat' dir='ltr'><strong>ut</strong></span> <span class='ocrx_word' id='word_1_43' title='bbox 1210 490 1272 521; x_wconf 90' lang='lat' dir='ltr'><strong>illis</strong></span> 
     </span>
     <span class='ocr_line' id='line_1_7' title="bbox 300 532 1270 573; baseline -0.003 -7"><span class='ocrx_word' id='word_1_44' title='bbox 300 535 379 567; x_wconf 90' lang='lat' dir='ltr'><strong>nihil</strong></span> <span class='ocrx_word' id='word_1_45' title='bbox 404 534 499 564; x_wconf 84' lang='lat' dir='ltr'><strong>faciat</strong></span> <span class='ocrx_word' id='word_1_46' title='bbox 522 532 699 564; x_wconf 87' lang='lat' dir='ltr'><strong>residuum.</strong></span> <span class='ocrx_word' id='word_1_47' title='bbox 746 533 781 564; x_wconf 87' lang='lat' dir='ltr'><strong>Si</strong></span> <span class='ocrx_word' id='word_1_48' title='bbox 810 532 882 572; x_wconf 87' lang='lat' dir='ltr'><strong>quis</strong></span> <span class='ocrx_word' id='word_1_49' title='bbox 906 538 997 573; x_wconf 87' lang='lat' dir='ltr'><strong>roget</strong></span> <span class='ocrx_word' id='word_1_50' title='bbox 1020 542 1076 563; x_wconf 89' lang='lat' dir='ltr'><strong>cur</strong></span> <span class='ocrx_word' id='word_1_51' title='bbox 1100 532 1173 564; x_wconf 89' lang='lat' dir='ltr'><strong>talis</strong></span> <span class='ocrx_word' id='word_1_52' title='bbox 1197 543 1270 573; x_wconf 88' lang='lat' dir='ltr'><strong>apo-</strong></span> 
     </span>
     <span class='ocr_line' id='line_1_8' title="bbox 299 575 1272 615; baseline -0.002 -7"><span class='ocrx_word' id='word_1_53' title='bbox 299 577 418 609; x_wconf 83' lang='lat' dir='ltr'><strong>stasiae</strong></span> <span class='ocrx_word' id='word_1_54' title='bbox 434 577 630 607; x_wconf 85' lang='lat' dir='ltr'><strong>mentionem</strong></span> <span class='ocrx_word' id='word_1_55' title='bbox 648 575 700 606; x_wconf 88' lang='lat' dir='ltr'><strong>hic</strong></span> <span class='ocrx_word' id='word_1_56' title='bbox 724 575 819 607; x_wconf 86' lang='lat' dir='ltr'><strong>faciat</strong></span> <span class='ocrx_word' id='word_1_57' title='bbox 842 576 1015 615; x_wconf 87' lang='lat' dir='ltr'><strong>apostolus,</strong></span> <span class='ocrx_word' id='word_1_58' title='bbox 1039 585 1136 615; x_wconf 89' lang='lat' dir='ltr'><strong>quum</strong></span> <span class='ocrx_word' id='word_1_59' title='bbox 1162 576 1272 607; x_wconf 84' lang='lat' dir='ltr'><strong>fideles</strong></span> 
     </span>
     <span class='ocr_line' id='line_1_9' title="bbox 300 618 1271 660; baseline -0.002 -9"><span class='ocrx_word' id='word_1_60' title='bbox 300 619 468 660; x_wconf 80' lang='lat' dir='ltr'><strong>compellet</strong></span> <span class='ocrx_word' id='word_1_61' title='bbox 500 620 553 659; x_wconf 94' lang='lat' dir='ltr'><strong>qui</strong></span> <span class='ocrx_word' id='word_1_62' title='bbox 584 619 693 659; x_wconf 85' lang='lat' dir='ltr'><strong>procul</strong></span> <span class='ocrx_word' id='word_1_63' title='bbox 727 618 861 649; x_wconf 85' lang='lat' dir='ltr'><strong>aberant</strong></span> <span class='ocrx_word' id='word_1_64' title='bbox 889 628 906 649; x_wconf 87' lang='lat' dir='ltr'><strong>a</strong></span> <span class='ocrx_word' id='word_1_65' title='bbox 931 624 997 649; x_wconf 87' lang='lat' dir='ltr'><strong>tam</strong></span> <span class='ocrx_word' id='word_1_66' title='bbox 1022 618 1176 650; x_wconf 82' lang='lat' dir='ltr'><strong>scelerata</strong></span> <span class='ocrx_word' id='word_1_67' title='bbox 1202 629 1271 659; x_wconf 88' lang='lat' dir='ltr'><strong>per-</strong></span> 
     </span>
     <span class='ocr_line' id='line_1_10' title="bbox 299 661 1273 703; baseline -0.001 -10"><span class='ocrx_word' id='word_1_68' title='bbox 299 663 391 693; x_wconf 87' lang='lat' dir='ltr'><strong>fidia:</strong></span> <span class='ocrx_word' id='word_1_69' title='bbox 425 662 614 703; x_wconf 81' lang='lat' dir='ltr'>respondeo,</span> <span class='ocrx_word' id='word_1_70' title='bbox 649 666 777 692; x_wconf 83' lang='lat' dir='ltr'><strong>mature</strong></span> <span class='ocrx_word' id='word_1_71' title='bbox 807 661 846 692; x_wconf 86' lang='lat' dir='ltr'><strong>ab</strong></span> <span class='ocrx_word' id='word_1_72' title='bbox 869 671 906 692; x_wconf 90' lang='lat' dir='ltr'><strong>eo</strong></span> <span class='ocrx_word' id='word_1_73' title='bbox 927 661 1059 692; x_wconf 88' lang='lat' dir='ltr'><strong>indicari</strong></span> <span class='ocrx_word' id='word_1_74' title='bbox 1084 662 1273 701; x_wconf 89' lang='lat' dir='ltr'><strong>periculum,</strong></span> 
     </span>
     <span class='ocr_line' id='line_1_11' title="bbox 299 703 1271 745; baseline -0.003 -8"><span class='ocrx_word' id='word_1_75' title='bbox 299 712 334 737; x_wconf 88' lang='lat' dir='ltr'><strong>ut</strong></span> <span class='ocrx_word' id='word_1_76' title='bbox 368 704 428 737; x_wconf 87' lang='lat' dir='ltr'><strong>sibi</strong></span> <span class='ocrx_word' id='word_1_77' title='bbox 462 710 688 745; x_wconf 76' lang='lat' dir='ltr'>praecaveant.</span> <span class='ocrx_word' id='word_1_78' title='bbox 743 703 836 742; x_wconf 85' lang='lat' dir='ltr'><strong>Quod</strong></span> <span class='ocrx_word' id='word_1_79' title='bbox 872 709 983 735; x_wconf 86' lang='lat' dir='ltr'><strong>notatu</strong></span> <span class='ocrx_word' id='word_1_80' title='bbox 1014 705 1271 745; x_wconf 78' lang='lat' dir='ltr'><strong>operaepretium</strong></span> 
     </span>
     <span class='ocr_line' id='line_1_12' title="bbox 300 747 1272 788; baseline -0.003 -8"><span class='ocrx_word' id='word_1_81' title='bbox 300 753 363 780; x_wconf 84' lang='lat' dir='ltr'><strong>est:</strong></span> <span class='ocrx_word' id='word_1_82' title='bbox 390 758 464 779; x_wconf 88' lang='lat' dir='ltr'><strong>nam</strong></span> <span class='ocrx_word' id='word_1_83' title='bbox 483 758 581 788; x_wconf 90' lang='lat' dir='ltr'><strong>quum</strong></span> <span class='ocrx_word' id='word_1_84' title='bbox 599 757 617 777; x_wconf 90' lang='lat' dir='ltr'><strong>a</strong></span> <span class='ocrx_word' id='word_1_85' title='bbox 636 752 723 778; x_wconf 87' lang='lat' dir='ltr'><strong>recta</strong></span> <span class='ocrx_word' id='word_1_86' title='bbox 748 747 800 777; x_wconf 91' lang='lat' dir='ltr'><strong>via</strong></span> <span class='ocrx_word' id='word_1_87' title='bbox 822 747 1033 787; x_wconf 83' lang='lat' dir='ltr'><strong>deflectimus,</strong></span> <span class='ocrx_word' id='word_1_88' title='bbox 1057 758 1121 778; x_wconf 92' lang='lat' dir='ltr'><strong>nou</strong></span> <span class='ocrx_word' id='word_1_89' title='bbox 1146 753 1272 778; x_wconf 85' lang='lat' dir='ltr'><strong>tantum</strong></span> 
     </span>
     <span class='ocr_line' id='line_1_13' title="bbox 300 789 1274 830; baseline -0.003 -8"><span class='ocrx_word' id='word_1_90' title='bbox 300 802 494 822; x_wconf 81' lang='lat' dir='ltr'>excusamus</span> <span class='ocrx_word' id='word_1_91' title='bbox 523 791 561 821; x_wconf 86' lang='lat' dir='ltr'><strong>ad</strong></span> <span class='ocrx_word' id='word_1_92' title='bbox 592 789 672 820; x_wconf 90' lang='lat' dir='ltr'><strong>alios</strong></span> <span class='ocrx_word' id='word_1_93' title='bbox 702 794 812 820; x_wconf 88' lang='lat' dir='ltr'><strong>nostra</strong></span> <span class='ocrx_word' id='word_1_94' title='bbox 836 790 923 828; x_wconf 87' lang='lat' dir='ltr'><strong>vitia,</strong></span> <span class='ocrx_word' id='word_1_95' title='bbox 954 789 1009 821; x_wconf 90' lang='lat' dir='ltr'><strong>sed</strong></span> <span class='ocrx_word' id='word_1_96' title='bbox 1034 790 1126 821; x_wconf 87' lang='lat' dir='ltr'><strong>nobis</strong></span> <span class='ocrx_word' id='word_1_97' title='bbox 1149 800 1274 830; x_wconf 90' lang='lat' dir='ltr'><strong>quoque</strong></span> 
     </span>
     <span class='ocr_line' id='line_1_14' title="bbox 300 831 1274 874; baseline -0.003 -9"><span class='ocrx_word' id='word_1_98' title='bbox 300 835 378 874; x_wconf 88' lang='lat' dir='ltr'><strong>ipsis</strong></span> <span class='ocrx_word' id='word_1_99' title='bbox 402 833 606 874; x_wconf 59' lang='lat' dir='ltr'><strong>imponimus</strong></span> <span class='ocrx_word' id='word_1_100' title='bbox 643 832 774 863; x_wconf 85' lang='lat' dir='ltr'><strong>Furtim</strong></span> <span class='ocrx_word' id='word_1_101' title='bbox 791 831 892 864; x_wconf 80' lang='lat' dir='ltr'><strong>Satan</strong></span> <span class='ocrx_word' id='word_1_102' title='bbox 917 832 1051 873; x_wconf 79' lang='lat' dir='ltr'><strong>obrepit,</strong></span> <span class='ocrx_word' id='word_1_103' title='bbox 1075 834 1195 864; x_wconf 85' lang='lat' dir='ltr'><strong>sensim</strong></span> <span class='ocrx_word' id='word_1_104' title='bbox 1217 843 1274 863; x_wconf 89' lang='lat' dir='ltr'><strong>nos</strong></span> 
     </span>
     <span class='ocr_line' id='line_1_15' title="bbox 300 875 1274 908; baseline -0.004 0"><span class='ocrx_word' id='word_1_105' title='bbox 300 877 398 908; x_wconf 79' lang='lat' dir='ltr'>allicit</span> <span class='ocrx_word' id='word_1_106' title='bbox 416 876 625 908; x_wconf 75' lang='lat' dir='ltr'><strong>clandestinis</strong></span> <span class='ocrx_word' id='word_1_107' title='bbox 644 875 780 906; x_wconf 86' lang='lat' dir='ltr'><strong>artibus:</strong></span> <span class='ocrx_word' id='word_1_108' title='bbox 805 877 850 906; x_wconf 88' lang='lat' dir='ltr'><strong>ita</strong></span> <span class='ocrx_word' id='word_1_109' title='bbox 869 880 906 906; x_wconf 92' lang='lat' dir='ltr'><strong>ut</strong></span> <span class='ocrx_word' id='word_1_110' title='bbox 929 876 1068 907; x_wconf 87' lang='lat' dir='ltr'><strong>errando</strong></span> <span class='ocrx_word' id='word_1_111' title='bbox 1093 877 1274 906; x_wconf 77' lang='lat' dir='ltr'><strong>nesciamus</strong></span> 
     </span>
     <span class='ocr_line' id='line_1_16' title="bbox 299 917 1274 959; baseline -0.004 -8"><span class='ocrx_word' id='word_1_112' title='bbox 299 930 359 952; x_wconf 88' lang='lat' dir='ltr'><strong>nos</strong></span> <span class='ocrx_word' id='word_1_113' title='bbox 381 930 498 951; x_wconf 87' lang='lat' dir='ltr'><strong>errare.</strong></span> <span class='ocrx_word' id='word_1_114' title='bbox 544 918 595 949; x_wconf 90' lang='lat' dir='ltr'><strong>Ita</strong></span> <span class='ocrx_word' id='word_1_115' title='bbox 617 918 780 959; x_wconf 83' lang='lat' dir='ltr'><strong>gradatim</strong></span> <span class='ocrx_word' id='word_1_116' title='bbox 804 918 993 957; x_wconf 85' lang='lat' dir='ltr'><strong>delabimur,</strong></span> <span class='ocrx_word' id='word_1_117' title='bbox 1021 919 1121 950; x_wconf 87' lang='lat' dir='ltr'><strong>donec</strong></span> <span class='ocrx_word' id='word_1_118' title='bbox 1145 917 1274 948; x_wconf 86' lang='lat' dir='ltr'><strong>tandem</strong></span> 
     </span>
     <span class='ocr_line' id='line_1_17' title="bbox 300 960 1273 1001; baseline -0.003 -7"><span class='ocrx_word' id='word_1_119' title='bbox 300 964 425 994; x_wconf 84' lang='lat' dir='ltr'><strong>ruimus</strong></span> <span class='ocrx_word' id='word_1_120' title='bbox 449 961 649 1001; x_wconf 86' lang='lat' dir='ltr'><strong>praecipites.</strong></span> <span class='ocrx_word' id='word_1_121' title='bbox 696 961 766 992; x_wconf 86' lang='lat' dir='ltr'><strong>Hoc</strong></span> <span class='ocrx_word' id='word_1_122' title='bbox 795 961 935 1001; x_wconf 86' lang='lat' dir='ltr'><strong>quotidie</strong></span> <span class='ocrx_word' id='word_1_123' title='bbox 958 961 1217 992; x_wconf 83' lang='lat' dir='ltr'><strong>animadvertere</strong></span> <span class='ocrx_word' id='word_1_124' title='bbox 1242 960 1273 990; x_wconf 92' lang='lat' dir='ltr'><strong>in</strong></span> 
     </span>
     <span class='ocr_line' id='line_1_18' title="bbox 300 1003 1274 1044; baseline -0.002 -8"><span class='ocrx_word' id='word_1_125' title='bbox 300 1006 409 1037; x_wconf 88' lang='lat' dir='ltr'><strong>multis</strong></span> <span class='ocrx_word' id='word_1_126' title='bbox 432 1004 515 1035; x_wconf 88' lang='lat' dir='ltr'><strong>licet.</strong></span> <span class='ocrx_word' id='word_1_127' title='bbox 554 1003 695 1035; x_wconf 86' lang='lat' dir='ltr'><strong>Proinde</strong></span> <span class='ocrx_word' id='word_1_128' title='bbox 719 1015 782 1034; x_wconf 92' lang='lat' dir='ltr'><strong>non</strong></span> <span class='ocrx_word' id='word_1_129' title='bbox 806 1004 968 1035; x_wconf 88' lang='lat' dir='ltr'><strong>immerito</strong></span> <span class='ocrx_word' id='word_1_130' title='bbox 991 1003 1155 1044; x_wconf 89' lang='lat' dir='ltr'><strong>apostolus</strong></span> <span class='ocrx_word' id='word_1_131' title='bbox 1174 1003 1274 1034; x_wconf 88' lang='lat' dir='ltr'><strong>omni-</strong></span> 
     </span>
     <span class='ocr_line' id='line_1_19' title="bbox 301 1046 1275 1087; baseline -0.003 -8"><span class='ocrx_word' id='word_1_132' title='bbox 301 1048 360 1079; x_wconf 90' lang='lat' dir='ltr'><strong>bus</strong></span> <span class='ocrx_word' id='word_1_133' title='bbox 384 1047 507 1078; x_wconf 83' lang='lat' dir='ltr'><strong>Christi</strong></span> <span class='ocrx_word' id='word_1_134' title='bbox 539 1046 705 1087; x_wconf 83' lang='lat' dir='ltr'><strong>discipulis</strong></span> <span class='ocrx_word' id='word_1_135' title='bbox 728 1047 895 1087; x_wconf 84' lang='lat' dir='ltr'><strong>praedicit,</strong></span> <span class='ocrx_word' id='word_1_136' title='bbox 930 1054 967 1078; x_wconf 92' lang='lat' dir='ltr'><strong>ut</strong></span> <span class='ocrx_word' id='word_1_137' title='bbox 990 1046 1051 1077; x_wconf 88' lang='lat' dir='ltr'><strong>sibi</strong></span> <span class='ocrx_word' id='word_1_138' title='bbox 1074 1047 1104 1076; x_wconf 90' lang='lat' dir='ltr'><strong>in</strong></span> <span class='ocrx_word' id='word_1_139' title='bbox 1130 1050 1275 1086; x_wconf 90' lang='lat' dir='ltr'><strong>tempore</strong></span> 
     </span>
     <span class='ocr_line' id='line_1_20' title="bbox 299 1089 1276 1130; baseline -0.002 -9"><span class='ocrx_word' id='word_1_140' title='bbox 299 1096 448 1122; x_wconf 85' lang='lat' dir='ltr'><strong>caveant:</strong></span> <span class='ocrx_word' id='word_1_141' title='bbox 481 1100 555 1120; x_wconf 88' lang='lat' dir='ltr'><strong>nam</strong></span> <span class='ocrx_word' id='word_1_142' title='bbox 587 1089 761 1120; x_wconf 88' lang='lat' dir='ltr'><strong>diuturnus</strong></span> <span class='ocrx_word' id='word_1_143' title='bbox 792 1093 903 1130; x_wconf 89' lang='lat' dir='ltr'><strong>torpor</strong></span> <span class='ocrx_word' id='word_1_144' title='bbox 932 1090 997 1120; x_wconf 86' lang='lat' dir='ltr'><strong>fere</strong></span> <span class='ocrx_word' id='word_1_145' title='bbox 1029 1094 1199 1120; x_wconf 90' lang='lat' dir='ltr'><strong>veternum</strong></span> <span class='ocrx_word' id='word_1_146' title='bbox 1224 1099 1276 1129; x_wconf 92' lang='lat' dir='ltr'><strong>ge-</strong></span> 
     </span>
     <span class='ocr_line' id='line_1_21' title="bbox 298 1131 1274 1172; baseline -0.002 -8"><span class='ocrx_word' id='word_1_147' title='bbox 298 1139 402 1171; x_wconf 85' lang='lat' dir='ltr'><strong>nerat,</strong></span> <span class='ocrx_word' id='word_1_148' title='bbox 437 1142 531 1172; x_wconf 90' lang='lat' dir='ltr'><strong>quem</strong></span> <span class='ocrx_word' id='word_1_149' title='bbox 564 1133 712 1172; x_wconf 82' lang='lat' dir='ltr'><strong>sequitur</strong></span> <span class='ocrx_word' id='word_1_150' title='bbox 742 1134 861 1163; x_wconf 89' lang='lat' dir='ltr'><strong>mentis</strong></span> <span class='ocrx_word' id='word_1_151' title='bbox 892 1132 1053 1164; x_wconf 89' lang='lat' dir='ltr'><strong>alienatio.</strong></span> <span class='ocrx_word' id='word_1_152' title='bbox 1099 1131 1274 1163; x_wconf 82' lang='lat' dir='ltr'><strong>Caeterum</strong></span> 
     </span>
     <span class='ocr_line' id='line_1_22' title="bbox 299 1174 1275 1215; baseline -0.003 -8"><span class='ocrx_word' id='word_1_153' title='bbox 299 1176 401 1208; x_wconf 87' lang='lat' dir='ltr'><strong>obiter</strong></span> <span class='ocrx_word' id='word_1_154' title='bbox 424 1175 604 1207; x_wconf 92' lang='lat' dir='ltr'><strong>notandum</strong></span> <span class='ocrx_word' id='word_1_155' title='bbox 637 1179 686 1206; x_wconf 89' lang='lat' dir='ltr'><strong>est</strong></span> <span class='ocrx_word' id='word_1_156' title='bbox 709 1175 825 1215; x_wconf 89' lang='lat' dir='ltr'><strong>quibus</strong></span> <span class='ocrx_word' id='word_1_157' title='bbox 848 1175 961 1215; x_wconf 84' lang='lat' dir='ltr'><strong>elogiis</strong></span> <span class='ocrx_word' id='word_1_158' title='bbox 983 1174 1143 1215; x_wconf 83' lang='lat' dir='ltr'><strong>evangelii</strong></span> <span class='ocrx_word' id='word_1_159' title='bbox 1167 1174 1275 1215; x_wconf 91' lang='lat' dir='ltr'><strong>cogni-</strong></span> 
     </span>
     <span class='ocr_line' id='line_1_23' title="bbox 300 1216 1276 1259; baseline -0.002 -9"><span class='ocrx_word' id='word_1_160' title='bbox 300 1219 420 1250; x_wconf 84' lang='lat' dir='ltr'><strong>tionem</strong></span> <span class='ocrx_word' id='word_1_161' title='bbox 445 1219 611 1259; x_wconf 85' lang='lat' dir='ltr'><strong>insigniat.</strong></span> <span class='ocrx_word' id='word_1_162' title='bbox 658 1218 763 1249; x_wconf 90' lang='lat' dir='ltr'><strong>Vocat</strong></span> <span class='ocrx_word' id='word_1_163' title='bbox 786 1218 1162 1249; x_wconf 86' lang='lat' dir='ltr'><strong>illuminationem:</strong></span> <span class='ocrx_word' id='word_1_164' title='bbox 1190 1216 1276 1248; x_wconf 91' lang='lat' dir='ltr'><strong>unde</strong></span> 
     </span>
     <span class='ocr_line' id='line_1_24' title="bbox 300 1260 1275 1302; baseline -0.002 -9"><span class='ocrx_word' id='word_1_165' title='bbox 300 1262 455 1302; x_wconf 88' lang='lat' dir='ltr'><strong>sequitur,</strong></span> <span class='ocrx_word' id='word_1_166' title='bbox 486 1271 597 1292; x_wconf 89' lang='lat' dir='ltr'><strong>caecos</strong></span> <span class='ocrx_word' id='word_1_167' title='bbox 628 1271 697 1292; x_wconf 89' lang='lat' dir='ltr'><strong>esse</strong></span> <span class='ocrx_word' id='word_1_168' title='bbox 727 1261 874 1292; x_wconf 87' lang='lat' dir='ltr'><strong>homines</strong></span> <span class='ocrx_word' id='word_1_169' title='bbox 904 1260 1005 1292; x_wconf 89' lang='lat' dir='ltr'><strong>donec</strong></span> <span class='ocrx_word' id='word_1_170' title='bbox 1028 1260 1190 1298; x_wconf 86' lang='lat' dir='ltr'><strong>Christus,</strong></span> <span class='ocrx_word' id='word_1_171' title='bbox 1221 1260 1275 1300; x_wconf 90' lang='lat' dir='ltr'><strong>qui</strong></span> 
     </span>
     <span class='ocr_line' id='line_1_25' title="bbox 299 1303 1275 1344; baseline -0.001 -9"><span class='ocrx_word' id='word_1_172' title='bbox 299 1304 356 1336; x_wconf 82' lang='lat' dir='ltr'><strong>lux</strong></span> <span class='ocrx_word' id='word_1_173' title='bbox 395 1311 445 1335; x_wconf 88' lang='lat' dir='ltr'><strong>est</strong></span> <span class='ocrx_word' id='word_1_174' title='bbox 481 1304 605 1343; x_wconf 87' lang='lat' dir='ltr'><strong>mundi,</strong></span> <span class='ocrx_word' id='word_1_175' title='bbox 644 1303 707 1335; x_wconf 92' lang='lat' dir='ltr'><strong>illis</strong></span> <span class='ocrx_word' id='word_1_176' title='bbox 745 1304 909 1344; x_wconf 84' lang='lat' dir='ltr'><strong>affulgeat.</strong></span> <span class='ocrx_word' id='word_1_177' title='bbox 970 1303 1075 1334; x_wconf 88' lang='lat' dir='ltr'><strong>Vocat</strong></span> <span class='ocrx_word' id='word_1_178' title='bbox 1113 1308 1275 1344; x_wconf 88' lang='lat' dir='ltr'><strong>gustum</strong></span> 
     </span>
     <span class='ocr_line' id='line_1_26' title="bbox 302 1346 1277 1386; baseline -0.002 -8"><span class='ocrx_word' id='word_1_179' title='bbox 302 1347 396 1378; x_wconf 92' lang='lat' dir='ltr'><strong>doni</strong></span> <span class='ocrx_word' id='word_1_180' title='bbox 421 1347 634 1378; x_wconf 88' lang='lat' dir='ltr'><strong>coelestis:</strong></span> <span class='ocrx_word' id='word_1_181' title='bbox 670 1357 731 1386; x_wconf 90' lang='lat' dir='ltr'><strong>quo</strong></span> <span class='ocrx_word' id='word_1_182' title='bbox 755 1346 927 1386; x_wconf 84' lang='lat' dir='ltr'><strong>siguificat,</strong></span> <span class='ocrx_word' id='word_1_183' title='bbox 951 1356 1049 1386; x_wconf 88' lang='lat' dir='ltr'><strong>supra</strong></span> <span class='ocrx_word' id='word_1_184' title='bbox 1074 1353 1220 1377; x_wconf 87' lang='lat' dir='ltr'><strong>naturam</strong></span> <span class='ocrx_word' id='word_1_185' title='bbox 1245 1351 1277 1376; x_wconf 91' lang='lat' dir='ltr'><strong>et</strong></span> 
     </span>
     <span class='ocr_line' id='line_1_27' title="bbox 302 1389 1275 1429; baseline -0.001 -8"><span class='ocrx_word' id='word_1_186' title='bbox 302 1390 458 1421; x_wconf 88' lang='lat' dir='ltr'><strong>mundum</strong></span> <span class='ocrx_word' id='word_1_187' title='bbox 493 1400 564 1420; x_wconf 88' lang='lat' dir='ltr'><strong>esse</strong></span> <span class='ocrx_word' id='word_1_188' title='bbox 599 1399 680 1429; x_wconf 88' lang='lat' dir='ltr'><strong>quae</strong></span> <span class='ocrx_word' id='word_1_189' title='bbox 714 1389 807 1420; x_wconf 84' lang='lat' dir='ltr'><strong>nobis</strong></span> <span class='ocrx_word' id='word_1_190' title='bbox 838 1390 870 1420; x_wconf 90' lang='lat' dir='ltr'><strong>in</strong></span> <span class='ocrx_word' id='word_1_191' title='bbox 894 1389 1025 1421; x_wconf 88' lang='lat' dir='ltr'><strong>Christo</strong></span> <span class='ocrx_word' id='word_1_192' title='bbox 1049 1389 1275 1421; x_wconf 83' lang='lat' dir='ltr'><strong>conferuntur:</strong></span> 
     </span>
     <span class='ocr_line' id='line_1_28' title="bbox 302 1432 1275 1473; baseline 0 -10"><span class='ocrx_word' id='word_1_193' title='bbox 302 1439 335 1464; x_wconf 86' lang='lat' dir='ltr'><strong>et</strong></span> <span class='ocrx_word' id='word_1_194' title='bbox 366 1440 474 1463; x_wconf 87' lang='lat' dir='ltr'><strong>tamen</strong></span> <span class='ocrx_word' id='word_1_195' title='bbox 505 1433 568 1463; x_wconf 86' lang='lat' dir='ltr'><strong>fide</strong></span> <span class='ocrx_word' id='word_1_196' title='bbox 600 1432 733 1473; x_wconf 87' lang='lat' dir='ltr'><strong>gustari.</strong></span> <span class='ocrx_word' id='word_1_197' title='bbox 780 1432 886 1463; x_wconf 88' lang='lat' dir='ltr'><strong>Vocat</strong></span> <span class='ocrx_word' id='word_1_198' title='bbox 909 1432 1275 1472; x_wconf 83' lang='lat' dir='ltr'><strong>participationem</strong></span> 
     </span>
     <span class='ocr_line' id='line_1_29' title="bbox 300 1474 1277 1516; baseline -0.001 -9"><span class='ocrx_word' id='word_1_199' title='bbox 300 1476 488 1516; x_wconf 86' lang='lat' dir='ltr'><strong>spiritus:</strong></span> <span class='ocrx_word' id='word_1_200' title='bbox 512 1475 587 1515; x_wconf 92' lang='lat' dir='ltr'><strong>quia</strong></span> <span class='ocrx_word' id='word_1_201' title='bbox 610 1475 637 1506; x_wconf 93' lang='lat' dir='ltr'><strong>is</strong></span> <span class='ocrx_word' id='word_1_202' title='bbox 653 1480 703 1506; x_wconf 91' lang='lat' dir='ltr'><strong>est</strong></span> <span class='ocrx_word' id='word_1_203' title='bbox 725 1475 780 1515; x_wconf 91' lang='lat' dir='ltr'><strong>qui</strong></span> <span class='ocrx_word' id='word_1_204' title='bbox 803 1476 974 1515; x_wconf 88' lang='lat' dir='ltr'><strong>unicuique</strong></span> <span class='ocrx_word' id='word_1_205' title='bbox 998 1474 1162 1506; x_wconf 83' lang='lat' dir='ltr'><strong>distribuit</strong></span> <span class='ocrx_word' id='word_1_206' title='bbox 1181 1480 1277 1515; x_wconf 86' lang='lat' dir='ltr'><strong>prout</strong></span> 
     </span>
     <span class='ocr_line' id='line_1_30' title="bbox 302 1518 1276 1559; baseline -0.001 -9"><span class='ocrx_word' id='word_1_207' title='bbox 302 1518 375 1551; x_wconf 82' lang='lat' dir='ltr'><strong>vult</strong></span> <span class='ocrx_word' id='word_1_208' title='bbox 409 1518 563 1559; x_wconf 88' lang='lat' dir='ltr'><strong>quidquid</strong></span> <span class='ocrx_word' id='word_1_209' title='bbox 592 1523 641 1549; x_wconf 87' lang='lat' dir='ltr'><strong>est</strong></span> <span class='ocrx_word' id='word_1_210' title='bbox 671 1518 750 1549; x_wconf 85' lang='lat' dir='ltr'><strong>lucis</strong></span> <span class='ocrx_word' id='word_1_211' title='bbox 781 1524 813 1549; x_wconf 86' lang='lat' dir='ltr'><strong>et</strong></span> <span class='ocrx_word' id='word_1_212' title='bbox 836 1518 1086 1558; x_wconf 81' lang='lat' dir='ltr'><strong>intelligentiae:</strong></span> <span class='ocrx_word' id='word_1_213' title='bbox 1121 1518 1190 1549; x_wconf 87' lang='lat' dir='ltr'><strong>sine</strong></span> <span class='ocrx_word' id='word_1_214' title='bbox 1213 1528 1276 1558; x_wconf 93' lang='lat' dir='ltr'><strong>quo</strong></span> 
     </span>
     <span class='ocr_line' id='line_1_31' title="bbox 302 1560 1275 1601; baseline 0 -9"><span class='ocrx_word' id='word_1_215' title='bbox 302 1572 398 1593; x_wconf 90' lang='lat' dir='ltr'><strong>nemo</strong></span> <span class='ocrx_word' id='word_1_216' title='bbox 421 1567 526 1601; x_wconf 87' lang='lat' dir='ltr'><strong>potest</strong></span> <span class='ocrx_word' id='word_1_217' title='bbox 550 1561 654 1592; x_wconf 85' lang='lat' dir='ltr'><strong>dicere</strong></span> <span class='ocrx_word' id='word_1_218' title='bbox 671 1560 849 1592; x_wconf 90' lang='lat' dir='ltr'><strong>Dominum</strong></span> <span class='ocrx_word' id='word_1_219' title='bbox 867 1561 987 1601; x_wconf 90' lang='lat' dir='ltr'><strong>Iesum,</strong></span> <span class='ocrx_word' id='word_1_220' title='bbox 1010 1562 1065 1601; x_wconf 91' lang='lat' dir='ltr'><strong>qui</strong></span> <span class='ocrx_word' id='word_1_221' title='bbox 1090 1561 1181 1592; x_wconf 87' lang='lat' dir='ltr'><strong>nobis</strong></span> <span class='ocrx_word' id='word_1_222' title='bbox 1203 1571 1275 1601; x_wconf 87' lang='lat' dir='ltr'><strong>ape-</strong></span> 
     </span>
     <span class='ocr_line' id='line_1_32' title="bbox 303 1603 1277 1644; baseline -0.001 -8"><span class='ocrx_word' id='word_1_223' title='bbox 303 1605 347 1636; x_wconf 81' lang='lat' dir='ltr'><strong>rit.</strong></span> <span class='ocrx_word' id='word_1_224' title='bbox 369 1604 477 1636; x_wconf 86' lang='lat' dir='ltr'><strong>oculos</strong></span> <span class='ocrx_word' id='word_1_225' title='bbox 500 1604 631 1643; x_wconf 86' lang='lat' dir='ltr'><strong>mentis,</strong></span> <span class='ocrx_word' id='word_1_226' title='bbox 659 1604 713 1644; x_wconf 91' lang='lat' dir='ltr'><strong>qui</strong></span> <span class='ocrx_word' id='word_1_227' title='bbox 737 1603 890 1644; x_wconf 87' lang='lat' dir='ltr'><strong>patefacit</strong></span> <span class='ocrx_word' id='word_1_228' title='bbox 913 1603 975 1635; x_wconf 89' lang='lat' dir='ltr'><strong>Dei</strong></span> <span class='ocrx_word' id='word_1_229' title='bbox 999 1614 1126 1636; x_wconf 89' lang='lat' dir='ltr'><strong>arcana.</strong></span> <span class='ocrx_word' id='word_1_230' title='bbox 1172 1603 1277 1635; x_wconf 80' lang='lat' dir='ltr'><strong>Vocat</strong></span> 
     </span>
     <span class='ocr_line' id='line_1_33' title="bbox 303 1647 1276 1688; baseline -0.001 -9"><span class='ocrx_word' id='word_1_231' title='bbox 303 1653 472 1688; x_wconf 84' lang='lat' dir='ltr'><strong>gustum</strong></span> <span class='ocrx_word' id='word_1_232' title='bbox 509 1647 604 1678; x_wconf 90' lang='lat' dir='ltr'><strong>boni</strong></span> <span class='ocrx_word' id='word_1_233' title='bbox 636 1647 711 1678; x_wconf 91' lang='lat' dir='ltr'><strong>Dei</strong></span> <span class='ocrx_word' id='word_1_234' title='bbox 741 1647 878 1678; x_wconf 82' lang='lat' dir='ltr'><strong>verbi:</strong></span> <span class='ocrx_word' id='word_1_235' title='bbox 914 1657 977 1687; x_wconf 91' lang='lat' dir='ltr'><strong>quo</strong></span> <span class='ocrx_word' id='word_1_236' title='bbox 1004 1647 1178 1687; x_wconf 88' lang='lat' dir='ltr'><strong>significat,</strong></span> <span class='ocrx_word' id='word_1_237' title='bbox 1211 1657 1276 1678; x_wconf 90' lang='lat' dir='ltr'><strong>non</strong></span> 
     </span>
     <span class='ocr_line' id='line_1_34' title="bbox 303 1689 1277 1731; baseline -0.001 -9"><span class='ocrx_word' id='word_1_238' title='bbox 303 1691 419 1731; x_wconf 83' lang='lat' dir='ltr'><strong>quovis</strong></span> <span class='ocrx_word' id='word_1_239' title='bbox 442 1689 537 1721; x_wconf 91' lang='lat' dir='ltr'><strong>modo</strong></span> <span class='ocrx_word' id='word_1_240' title='bbox 560 1689 626 1721; x_wconf 89' lang='lat' dir='ltr'><strong>illic</strong></span> <span class='ocrx_word' id='word_1_241' title='bbox 649 1690 853 1722; x_wconf 80' lang='lat' dir='ltr'><strong>manifestari</strong></span> <span class='ocrx_word' id='word_1_242' title='bbox 876 1689 939 1721; x_wconf 94' lang='lat' dir='ltr'><strong>Dei</strong></span> <span class='ocrx_word' id='word_1_243' title='bbox 966 1689 1188 1722; x_wconf 85' lang='lat' dir='ltr'><strong>voluntatem:</strong></span> <span class='ocrx_word' id='word_1_244' title='bbox 1221 1689 1277 1721; x_wconf 89' lang='lat' dir='ltr'><strong>sed</strong></span> 
     </span>
     <span class='ocr_line' id='line_1_35' title="bbox 304 1732 1279 1773; baseline -0.001 -9"><span class='ocrx_word' id='word_1_245' title='bbox 304 1744 385 1773; x_wconf 89' lang='lat' dir='ltr'><strong>quae</strong></span> <span class='ocrx_word' id='word_1_246' title='bbox 414 1733 558 1764; x_wconf 83' lang='lat' dir='ltr'><strong>suaviter</strong></span> <span class='ocrx_word' id='word_1_247' title='bbox 585 1743 644 1764; x_wconf 89' lang='lat' dir='ltr'><strong>nos</strong></span> <span class='ocrx_word' id='word_1_248' title='bbox 673 1732 820 1765; x_wconf 88' lang='lat' dir='ltr'><strong>delectet.</strong></span> <span class='ocrx_word' id='word_1_249' title='bbox 865 1732 1016 1773; x_wconf 90' lang='lat' dir='ltr'><strong>Denique</strong></span> <span class='ocrx_word' id='word_1_250' title='bbox 1046 1733 1106 1765; x_wconf 92' lang='lat' dir='ltr'><strong>hoc</strong></span> <span class='ocrx_word' id='word_1_251' title='bbox 1135 1732 1279 1773; x_wconf 89' lang='lat' dir='ltr'><strong>epitheto</strong></span> 
     </span>
     <span class='ocr_line' id='line_1_36' title="bbox 305 1775 1279 1816; baseline -0.001 -9"><span class='ocrx_word' id='word_1_252' title='bbox 305 1781 438 1807; x_wconf 88' lang='lat' dir='ltr'><strong>notatur</strong></span> <span class='ocrx_word' id='word_1_253' title='bbox 453 1775 627 1807; x_wconf 88' lang='lat' dir='ltr'><strong>discrimen</strong></span> <span class='ocrx_word' id='word_1_254' title='bbox 645 1775 726 1816; x_wconf 88' lang='lat' dir='ltr'><strong>legis</strong></span> <span class='ocrx_word' id='word_1_255' title='bbox 741 1776 921 1816; x_wconf 84' lang='lat' dir='ltr'><strong>evangelii:</strong></span> <span class='ocrx_word' id='word_1_256' title='bbox 945 1776 1097 1816; x_wconf 91' lang='lat' dir='ltr'><strong>quoniam</strong></span> <span class='ocrx_word' id='word_1_257' title='bbox 1121 1775 1178 1807; x_wconf 88' lang='lat' dir='ltr'><strong>illa</strong></span> <span class='ocrx_word' id='word_1_258' title='bbox 1196 1775 1279 1807; x_wconf 89' lang='lat' dir='ltr'><strong>nihil</strong></span> 
     </span>
     <span class='ocr_line' id='line_1_37' title="bbox 304 1818 1279 1859; baseline -0.001 -9"><span class='ocrx_word' id='word_1_259' title='bbox 304 1823 433 1859; x_wconf 86' lang='lat' dir='ltr'><strong>praeter</strong></span> <span class='ocrx_word' id='word_1_260' title='bbox 449 1818 655 1849; x_wconf 88' lang='lat' dir='ltr'><strong>severitatem</strong></span> <span class='ocrx_word' id='word_1_261' title='bbox 675 1824 708 1850; x_wconf 89' lang='lat' dir='ltr'><strong>et</strong></span> <span class='ocrx_word' id='word_1_262' title='bbox 725 1818 878 1850; x_wconf 88' lang='lat' dir='ltr'><strong>iudicium</strong></span> <span class='ocrx_word' id='word_1_263' title='bbox 904 1819 1062 1851; x_wconf 87' lang='lat' dir='ltr'><strong>continet:</strong></span> <span class='ocrx_word' id='word_1_264' title='bbox 1087 1818 1146 1851; x_wconf 88' lang='lat' dir='ltr'><strong>hoc</strong></span> <span class='ocrx_word' id='word_1_265' title='bbox 1170 1824 1279 1850; x_wconf 90' lang='lat' dir='ltr'><strong>autem</strong></span> 
     </span>
     <span class='ocr_line' id='line_1_38' title="bbox 304 1860 1281 1903; baseline -0.001 -10"><span class='ocrx_word' id='word_1_266' title='bbox 304 1872 404 1893; x_wconf 83' lang='lat' dir='ltr'><strong>suave</strong></span> <span class='ocrx_word' id='word_1_267' title='bbox 423 1867 471 1892; x_wconf 89' lang='lat' dir='ltr'><strong>est</strong></span> <span class='ocrx_word' id='word_1_268' title='bbox 494 1860 598 1892; x_wconf 89' lang='lat' dir='ltr'><strong>divini</strong></span> <span class='ocrx_word' id='word_1_269' title='bbox 622 1872 699 1902; x_wconf 89' lang='lat' dir='ltr'><strong>erga</strong></span> <span class='ocrx_word' id='word_1_270' title='bbox 722 1872 780 1893; x_wconf 90' lang='lat' dir='ltr'><strong>nos</strong></span> <span class='ocrx_word' id='word_1_271' title='bbox 804 1862 923 1893; x_wconf 89' lang='lat' dir='ltr'><strong>amoris</strong></span> <span class='ocrx_word' id='word_1_272' title='bbox 946 1867 978 1893; x_wconf 90' lang='lat' dir='ltr'><strong>et</strong></span> <span class='ocrx_word' id='word_1_273' title='bbox 999 1865 1153 1903; x_wconf 87' lang='lat' dir='ltr'><strong>paternae</strong></span> <span class='ocrx_word' id='word_1_274' title='bbox 1175 1861 1281 1893; x_wconf 90' lang='lat' dir='ltr'><strong>indul-</strong></span> 
     </span>
     <span class='ocr_line' id='line_1_39' title="bbox 303 1904 1280 1945; baseline -0.001 -9"><span class='ocrx_word' id='word_1_275' title='bbox 303 1905 433 1945; x_wconf 87' lang='lat' dir='ltr'><strong>gentiae</strong></span> <span class='ocrx_word' id='word_1_276' title='bbox 477 1904 708 1936; x_wconf 89' lang='lat' dir='ltr'><strong>testimonium.</strong></span> <span class='ocrx_word' id='word_1_277' title='bbox 771 1904 874 1936; x_wconf 89' lang='lat' dir='ltr'><strong>Vocat</strong></span> <span class='ocrx_word' id='word_1_278' title='bbox 911 1910 1072 1945; x_wconf 89' lang='lat' dir='ltr'><strong>postremo</strong></span> <span class='ocrx_word' id='word_1_279' title='bbox 1113 1911 1280 1945; x_wconf 90' lang='lat' dir='ltr'><strong>gustum</strong></span> 
     </span>
     <span class='ocr_line' id='line_1_40' title="bbox 305 1947 1280 1988; baseline -0.001 -10"><span class='ocrx_word' id='word_1_280' title='bbox 305 1948 505 1978; x_wconf 89' lang='lat' dir='ltr'><strong>virtutum</strong></span> <span class='ocrx_word' id='word_1_281' title='bbox 541 1947 676 1978; x_wconf 81' lang='lat' dir='ltr'><strong>futuri</strong></span> <span class='ocrx_word' id='word_1_282' title='bbox 711 1947 887 1979; x_wconf 86' lang='lat' dir='ltr'><strong>saeculi:</strong></span> <span class='ocrx_word' id='word_1_283' title='bbox 926 1958 988 1988; x_wconf 91' lang='lat' dir='ltr'><strong>quo</strong></span> <span class='ocrx_word' id='word_1_284' title='bbox 1023 1947 1184 1988; x_wconf 88' lang='lat' dir='ltr'><strong>significat</strong></span> <span class='ocrx_word' id='word_1_285' title='bbox 1222 1958 1280 1978; x_wconf 84' lang='lat' dir='ltr'><strong>nos</strong></span> 
     </span>
     <span class='ocr_line' id='line_1_41' title="bbox 305 1989 1279 2031; baseline 0.001 -11"><span class='ocrx_word' id='word_1_286' title='bbox 305 1990 368 2021; x_wconf 88' lang='lat' dir='ltr'><strong>fide</strong></span> <span class='ocrx_word' id='word_1_287' title='bbox 402 1990 493 2030; x_wconf 89' lang='lat' dir='ltr'><strong>quasi</strong></span> <span class='ocrx_word' id='word_1_288' title='bbox 527 1989 654 2021; x_wconf 85' lang='lat' dir='ltr'><strong>admitti</strong></span> <span class='ocrx_word' id='word_1_289' title='bbox 684 1990 719 2021; x_wconf 88' lang='lat' dir='ltr'><strong>in</strong></span> <span class='ocrx_word' id='word_1_290' title='bbox 749 2000 886 2031; x_wconf 88' lang='lat' dir='ltr'><strong>regnum</strong></span> <span class='ocrx_word' id='word_1_291' title='bbox 914 1991 1059 2031; x_wconf 88' lang='lat' dir='ltr'><strong>coeleste,</strong></span> <span class='ocrx_word' id='word_1_292' title='bbox 1093 1997 1130 2022; x_wconf 92' lang='lat' dir='ltr'><strong>ut</strong></span> <span class='ocrx_word' id='word_1_293' title='bbox 1155 1991 1279 2022; x_wconf 85' lang='lat' dir='ltr'><strong>beatam</strong></span> 
     </span>
     <span class='ocr_line' id='line_1_42' title="bbox 306 2033 1280 2074; baseline 0.001 -11"><span class='ocrx_word' id='word_1_294' title='bbox 306 2033 598 2072; x_wconf 86' lang='lat' dir='ltr'><strong>immortalitatem,</strong></span> <span class='ocrx_word' id='word_1_295' title='bbox 629 2043 711 2073; x_wconf 89' lang='lat' dir='ltr'><strong>quae</strong></span> <span class='ocrx_word' id='word_1_296' title='bbox 739 2044 855 2065; x_wconf 89' lang='lat' dir='ltr'><strong>sensus</strong></span> <span class='ocrx_word' id='word_1_297' title='bbox 885 2041 1012 2065; x_wconf 88' lang='lat' dir='ltr'><strong>nostros</strong></span> <span class='ocrx_word' id='word_1_298' title='bbox 1042 2034 1129 2071; x_wconf 88' lang='lat' dir='ltr'><strong>latet,</strong></span> <span class='ocrx_word' id='word_1_299' title='bbox 1163 2034 1280 2074; x_wconf 88' lang='lat' dir='ltr'><strong>spiritu</strong></span> 
     </span>
     <span class='ocr_line' id='line_1_43' title="bbox 307 2075 1282 2117; baseline 0.001 -11"><span class='ocrx_word' id='word_1_300' title='bbox 307 2085 487 2107; x_wconf 79' lang='lat' dir='ltr'><strong>cernamus,</strong></span> <span class='ocrx_word' id='word_1_301' title='bbox 544 2075 695 2107; x_wconf 84' lang='lat' dir='ltr'><strong>Sciamus</strong></span> <span class='ocrx_word' id='word_1_302' title='bbox 734 2086 812 2117; x_wconf 90' lang='lat' dir='ltr'><strong>ergo</strong></span> <span class='ocrx_word' id='word_1_303' title='bbox 847 2076 1054 2117; x_wconf 84' lang='lat' dir='ltr'><strong>evangelium</strong></span> <span class='ocrx_word' id='word_1_304' title='bbox 1090 2087 1155 2108; x_wconf 90' lang='lat' dir='ltr'><strong>non</strong></span> <span class='ocrx_word' id='word_1_305' title='bbox 1189 2076 1282 2107; x_wconf 87' lang='lat' dir='ltr'><strong>aliter</strong></span> 
     </span>
     <span class='ocr_line' id='line_1_44' title="bbox 307 2118 1282 2160; baseline 0 -11"><span class='ocrx_word' id='word_1_306' title='bbox 307 2119 369 2150; x_wconf 88' lang='lat' dir='ltr'><strong>rite</strong></span> <span class='ocrx_word' id='word_1_307' title='bbox 392 2119 541 2158; x_wconf 85' lang='lat' dir='ltr'><strong>cognosci</strong></span> <span class='ocrx_word' id='word_1_308' title='bbox 565 2129 662 2159; x_wconf 86' lang='lat' dir='ltr'><strong>quam</strong></span> <span class='ocrx_word' id='word_1_309' title='bbox 686 2118 924 2151; x_wconf 87' lang='lat' dir='ltr'><strong>illuminatione</strong></span> <span class='ocrx_word' id='word_1_310' title='bbox 947 2119 1097 2160; x_wconf 87' lang='lat' dir='ltr'><strong>spiritus:</strong></span> <span class='ocrx_word' id='word_1_311' title='bbox 1124 2124 1156 2151; x_wconf 90' lang='lat' dir='ltr'><strong>et</strong></span> <span class='ocrx_word' id='word_1_312' title='bbox 1178 2119 1223 2151; x_wconf 86' lang='lat' dir='ltr'><strong>ita</strong></span> <span class='ocrx_word' id='word_1_313' title='bbox 1246 2125 1282 2150; x_wconf 90' lang='lat' dir='ltr'><strong>ut</strong></span> 
     </span>
     <span class='ocr_line' id='line_1_45' title="bbox 307 2161 1281 2203; baseline 0 -11"><span class='ocrx_word' id='word_1_314' title='bbox 307 2171 325 2193; x_wconf 87' lang='lat' dir='ltr'><strong>e</strong></span> <span class='ocrx_word' id='word_1_315' title='bbox 343 2161 465 2192; x_wconf 89' lang='lat' dir='ltr'><strong>mundo</strong></span> <span class='ocrx_word' id='word_1_316' title='bbox 484 2161 613 2192; x_wconf 84' lang='lat' dir='ltr'><strong>abducti</strong></span> <span class='ocrx_word' id='word_1_317' title='bbox 637 2162 803 2203; x_wconf 87' lang='lat' dir='ltr'><strong>erigamur</strong></span> <span class='ocrx_word' id='word_1_318' title='bbox 825 2163 857 2193; x_wconf 89' lang='lat' dir='ltr'><strong>in</strong></span> <span class='ocrx_word' id='word_1_319' title='bbox 882 2162 1016 2200; x_wconf 90' lang='lat' dir='ltr'><strong>coelum,</strong></span> <span class='ocrx_word' id='word_1_320' title='bbox 1039 2168 1070 2194; x_wconf 93' lang='lat' dir='ltr'><strong>ct</strong></span> <span class='ocrx_word' id='word_1_321' title='bbox 1093 2163 1202 2203; x_wconf 83' lang='lat' dir='ltr'><strong>agnita</strong></span> <span class='ocrx_word' id='word_1_322' title='bbox 1220 2162 1281 2193; x_wconf 90' lang='lat' dir='ltr'><strong>Dei</strong></span> 
     </span>
     <span class='ocr_line' id='line_1_46' title="bbox 308 2204 1282 2238; baseline 0 -2"><span class='ocrx_word' id='word_1_323' title='bbox 308 2204 452 2236; x_wconf 90' lang='lat' dir='ltr'><strong>bonitate</strong></span> <span class='ocrx_word' id='word_1_324' title='bbox 474 2204 507 2235; x_wconf 93' lang='lat' dir='ltr'><strong>in</strong></span> <span class='ocrx_word' id='word_1_325' title='bbox 526 2204 594 2236; x_wconf 91' lang='lat' dir='ltr'><strong>eius</strong></span> <span class='ocrx_word' id='word_1_326' title='bbox 618 2205 753 2236; x_wconf 87' lang='lat' dir='ltr'><strong>verbum</strong></span> <span class='ocrx_word' id='word_1_327' title='bbox 777 2204 1012 2237; x_wconf 85' lang='lat' dir='ltr'><strong>recumbamus.</strong></span> <span class='ocrx_word' id='word_1_328' title='bbox 1058 2205 1125 2238; x_wconf 85' lang='lat' dir='ltr'><strong>Sed</strong></span> <span class='ocrx_word' id='word_1_329' title='bbox 1147 2205 1200 2237; x_wconf 88' lang='lat' dir='ltr'><strong>hic</strong></span> <span class='ocrx_word' id='word_1_330' title='bbox 1221 2204 1282 2236; x_wconf 88' lang='lat' dir='ltr'><strong>ori-</strong></span> 
     </span>
     <span class='ocr_line' id='line_1_47' title="bbox 308 2247 1283 2289; baseline 0.001 -12"><span class='ocrx_word' id='word_1_331' title='bbox 308 2251 363 2278; x_wconf 87' lang='lat' dir='ltr'><strong>tur</strong></span> <span class='ocrx_word' id='word_1_332' title='bbox 392 2257 476 2278; x_wconf 85' lang='lat' dir='ltr'><strong>nova</strong></span> <span class='ocrx_word' id='word_1_333' title='bbox 498 2247 657 2287; x_wconf 89' lang='lat' dir='ltr'><strong>quaestio,</strong></span> <span class='ocrx_word' id='word_1_334' title='bbox 691 2248 746 2288; x_wconf 88' lang='lat' dir='ltr'><strong>qui</strong></span> <span class='ocrx_word' id='word_1_335' title='bbox 769 2248 840 2279; x_wconf 90' lang='lat' dir='ltr'><strong>fieri</strong></span> <span class='ocrx_word' id='word_1_336' title='bbox 863 2249 963 2288; x_wconf 85' lang='lat' dir='ltr'><strong>possit</strong></span> <span class='ocrx_word' id='word_1_337' title='bbox 987 2253 1024 2280; x_wconf 90' lang='lat' dir='ltr'><strong>ut</strong></span> <span class='ocrx_word' id='word_1_338' title='bbox 1046 2248 1101 2289; x_wconf 90' lang='lat' dir='ltr'><strong>qui</strong></span> <span class='ocrx_word' id='word_1_339' title='bbox 1124 2247 1222 2280; x_wconf 85' lang='lat' dir='ltr'><strong>semel</strong></span> <span class='ocrx_word' id='word_1_340' title='bbox 1246 2258 1283 2278; x_wconf 89' lang='lat' dir='ltr'><strong>eo</strong></span> 
     </span>
     <span class='ocr_line' id='line_1_48' title="bbox 308 2290 1283 2331; baseline 0.001 -11"><span class='ocrx_word' id='word_1_341' title='bbox 308 2291 513 2330; x_wconf 84' lang='lat' dir='ltr'><strong>pervenerit,</strong></span> <span class='ocrx_word' id='word_1_342' title='bbox 552 2296 661 2330; x_wconf 88' lang='lat' dir='ltr'><strong>postea</strong></span> <span class='ocrx_word' id='word_1_343' title='bbox 694 2290 797 2322; x_wconf 88' lang='lat' dir='ltr'><strong>cadat.</strong></span> <span class='ocrx_word' id='word_1_344' title='bbox 853 2290 967 2331; x_wconf 90' lang='lat' dir='ltr'><strong>Neque</strong></span> <span class='ocrx_word' id='word_1_345' title='bbox 1001 2292 1086 2323; x_wconf 89' lang='lat' dir='ltr'><strong>enim</strong></span> <span class='ocrx_word' id='word_1_346' title='bbox 1122 2291 1283 2323; x_wconf 86' lang='lat' dir='ltr'><strong>Dominus</strong></span> 
     </span>
     <span class='ocr_line' id='line_1_49' title="bbox 309 2332 1284 2366; baseline 0.001 -3"><span class='ocrx_word' id='word_1_347' title='bbox 309 2332 484 2364; x_wconf 85' lang='lat' dir='ltr'><strong>efficaciter</strong></span> <span class='ocrx_word' id='word_1_348' title='bbox 520 2338 618 2364; x_wconf 85' lang='lat' dir='ltr'><strong>vocat</strong></span> <span class='ocrx_word' id='word_1_349' title='bbox 654 2333 717 2364; x_wconf 88' lang='lat' dir='ltr'><strong>nisi</strong></span> <span class='ocrx_word' id='word_1_350' title='bbox 750 2333 886 2365; x_wconf 86' lang='lat' dir='ltr'><strong>electos:</strong></span> <span class='ocrx_word' id='word_1_351' title='bbox 924 2337 957 2365; x_wconf 90' lang='lat' dir='ltr'><strong>et</strong></span> <span class='ocrx_word' id='word_1_352' title='bbox 990 2334 1113 2366; x_wconf 89' lang='lat' dir='ltr'><strong>Paulus</strong></span> <span class='ocrx_word' id='word_1_353' title='bbox 1146 2338 1284 2364; x_wconf 85' lang='lat' dir='ltr'><strong>testatur</strong></span> 
     </span>
     <span class='ocr_line' id='line_1_50' title="bbox 309 2375 1284 2418; baseline 0.001 -12"><span class='ocrx_word' id='word_1_354' title='bbox 309 2375 417 2415; x_wconf 91' lang='lat' dir='ltr'><strong>(Rom.</strong></span> <span class='ocrx_word' id='word_1_355' title='bbox 441 2375 469 2412; x_wconf 84' lang='lat'><strong>8,</strong></span> <span class='ocrx_word' id='word_1_356' title='bbox 493 2375 548 2417; x_wconf 82' lang='lat'><strong>24)</strong></span> <span class='ocrx_word' id='word_1_357' title='bbox 579 2387 654 2408; x_wconf 90' lang='lat' dir='ltr'><strong>vere</strong></span> <span class='ocrx_word' id='word_1_358' title='bbox 683 2387 753 2408; x_wconf 90' lang='lat' dir='ltr'><strong>esse</strong></span> <span class='ocrx_word' id='word_1_359' title='bbox 776 2377 845 2408; x_wconf 91' lang='lat' dir='ltr'><strong>eius</strong></span> <span class='ocrx_word' id='word_1_360' title='bbox 867 2377 950 2408; x_wconf 89' lang='lat' dir='ltr'><strong>filios</strong></span> <span class='ocrx_word' id='word_1_361' title='bbox 973 2378 1028 2417; x_wconf 92' lang='lat' dir='ltr'><strong>qui</strong></span> <span class='ocrx_word' id='word_1_362' title='bbox 1051 2382 1193 2418; x_wconf 81' lang='lat' dir='ltr'><strong>aguntur</strong></span> <span class='ocrx_word' id='word_1_363' title='bbox 1216 2377 1284 2407; x_wconf 87' lang='lat' dir='ltr'><strong>eius</strong></span> 
     </span>
     <span class='ocr_line' id='line_1_51' title="bbox 310 2418 1284 2460; baseline 0 -11"><span class='ocrx_word' id='word_1_364' title='bbox 310 2419 440 2457; x_wconf 90' lang='lat' dir='ltr'><strong>spiritu:</strong></span> <span class='ocrx_word' id='word_1_365' title='bbox 467 2419 620 2459; x_wconf 84' lang='lat' dir='ltr'><strong>docetque</strong></span> <span class='ocrx_word' id='word_1_366' title='bbox 635 2418 696 2451; x_wconf 91' lang='lat' dir='ltr'><strong>hoc</strong></span> <span class='ocrx_word' id='word_1_367' title='bbox 712 2424 834 2450; x_wconf 89' lang='lat' dir='ltr'><strong>certum</strong></span> <span class='ocrx_word' id='word_1_368' title='bbox 855 2429 925 2450; x_wconf 89' lang='lat' dir='ltr'><strong>esse</strong></span> <span class='ocrx_word' id='word_1_369' title='bbox 948 2420 1069 2460; x_wconf 89' lang='lat' dir='ltr'><strong>pignus</strong></span> <span class='ocrx_word' id='word_1_370' title='bbox 1092 2419 1284 2459; x_wconf 86' lang='lat' dir='ltr'><strong>adoptionis,</strong></span> 
     </span>
     <span class='ocr_line' id='line_1_52' title="bbox 311 2461 1284 2502; baseline 0.001 -11"><span class='ocrx_word' id='word_1_371' title='bbox 311 2461 338 2491; x_wconf 90' lang='lat' dir='ltr'><strong>si</strong></span> <span class='ocrx_word' id='word_1_372' title='bbox 372 2471 467 2500; x_wconf 90' lang='lat' dir='ltr'><strong>quem</strong></span> <span class='ocrx_word' id='word_1_373' title='bbox 501 2462 634 2502; x_wconf 89' lang='lat' dir='ltr'><strong>spiritus</strong></span> <span class='ocrx_word' id='word_1_374' title='bbox 667 2463 719 2493; x_wconf 89' lang='lat' dir='ltr'><strong>sui</strong></span> <span class='ocrx_word' id='word_1_375' title='bbox 752 2463 941 2502; x_wconf 88' lang='lat' dir='ltr'><strong>participem</strong></span> <span class='ocrx_word' id='word_1_376' title='bbox 976 2462 1129 2494; x_wconf 83' lang='lat' dir='ltr'><strong>Christus</strong></span> <span class='ocrx_word' id='word_1_377' title='bbox 1163 2462 1284 2493; x_wconf 84' lang='lat' dir='ltr'><strong>fecerit.</strong></span> 
     </span>
     <span class='ocr_line' id='line_1_53' title="bbox 311 2502 1284 2546; baseline 0.002 -14"><span class='ocrx_word' id='word_1_378' title='bbox 311 2502 412 2542; x_wconf 85' lang='lat' dir='ltr'><strong>Atqui</strong></span> <span class='ocrx_word' id='word_1_379' title='bbox 440 2503 533 2535; x_wconf 89' lang='lat' dir='ltr'><strong>electi</strong></span> <span class='ocrx_word' id='word_1_380' title='bbox 563 2511 639 2536; x_wconf 87' lang='lat' dir='ltr'><strong>sunt</strong></span> <span class='ocrx_word' id='word_1_381' title='bbox 668 2511 761 2536; x_wconf 83' lang='lat' dir='ltr'><strong>extra</strong></span> <span class='ocrx_word' id='word_1_382' title='bbox 792 2505 932 2537; x_wconf 81' lang='lat' dir='ltr'><strong>exitialis</strong></span> <span class='ocrx_word' id='word_1_383' title='bbox 962 2505 1072 2545; x_wconf 89' lang='lat' dir='ltr'><strong>lapsus</strong></span> <span class='ocrx_word' id='word_1_384' title='bbox 1094 2504 1284 2546; x_wconf 88' lang='lat' dir='ltr'><strong>periculum.</strong></span> 
     </span>
     <span class='ocr_line' id='line_1_54' title="bbox 311 2544 1284 2588; baseline 0.002 -13"><span class='ocrx_word' id='word_1_385' title='bbox 311 2544 412 2576; x_wconf 85' lang='lat' dir='ltr'><strong>Pater</strong></span> <span class='ocrx_word' id='word_1_386' title='bbox 443 2546 527 2577; x_wconf 90' lang='lat' dir='ltr'><strong>enim</strong></span> <span class='ocrx_word' id='word_1_387' title='bbox 558 2548 615 2588; x_wconf 89' lang='lat' dir='ltr'><strong>qui</strong></span> <span class='ocrx_word' id='word_1_388' title='bbox 644 2558 699 2580; x_wconf 89' lang='lat' dir='ltr'><strong>eos</strong></span> <span class='ocrx_word' id='word_1_389' title='bbox 723 2547 857 2580; x_wconf 86' lang='lat' dir='ltr'><strong>Christo</strong></span> <span class='ocrx_word' id='word_1_390' title='bbox 885 2548 952 2579; x_wconf 90' lang='lat' dir='ltr'><strong>filio</strong></span> <span class='ocrx_word' id='word_1_391' title='bbox 980 2548 1159 2580; x_wconf 88' lang='lat' dir='ltr'><strong>servandos</strong></span> <span class='ocrx_word' id='word_1_392' title='bbox 1188 2546 1284 2583; x_wconf 83' lang='lat' dir='ltr'><strong>dedit,</strong></span> 
     </span>
     <span class='ocr_line' id='line_1_55' title="bbox 312 2588 1285 2622; baseline 0.003 -5"><span class='ocrx_word' id='word_1_393' title='bbox 312 2588 416 2619; x_wconf 89' lang='lat' dir='ltr'><strong>maior</strong></span> <span class='ocrx_word' id='word_1_394' title='bbox 449 2590 597 2621; x_wconf 89' lang='lat' dir='ltr'><strong>omnibus</strong></span> <span class='ocrx_word' id='word_1_395' title='bbox 631 2596 694 2622; x_wconf 91' lang='lat' dir='ltr'><strong>est:</strong></span> <span class='ocrx_word' id='word_1_396' title='bbox 728 2597 761 2622; x_wconf 89' lang='lat' dir='ltr'><strong>et</strong></span> <span class='ocrx_word' id='word_1_397' title='bbox 784 2590 937 2622; x_wconf 86' lang='lat' dir='ltr'><strong>Christus</strong></span> <span class='ocrx_word' id='word_1_398' title='bbox 965 2601 1062 2622; x_wconf 90' lang='lat' dir='ltr'><strong>curae</strong></span> <span class='ocrx_word' id='word_1_399' title='bbox 1091 2590 1151 2622; x_wconf 90' lang='lat' dir='ltr'><strong>sibi</strong></span> <span class='ocrx_word' id='word_1_400' title='bbox 1174 2600 1285 2621; x_wconf 90' lang='lat' dir='ltr'><strong>omnes</strong></span> 
     </span>
     <span class='ocr_line' id='line_1_56' title="bbox 313 2630 1285 2674; baseline 0.001 -13"><span class='ocrx_word' id='word_1_401' title='bbox 313 2630 381 2661; x_wconf 90' lang='lat' dir='ltr'><strong>fore</strong></span> <span class='ocrx_word' id='word_1_402' title='bbox 414 2632 573 2670; x_wconf 86' lang='lat' dir='ltr'><strong>promittit</strong></span> <span class='ocrx_word' id='word_1_403' title='bbox 605 2643 646 2664; x_wconf 94' lang='lat' dir='ltr'><strong>ne</strong></span> <span class='ocrx_word' id='word_1_404' title='bbox 679 2634 749 2673; x_wconf 91' lang='lat' dir='ltr'><strong>quis</strong></span> <span class='ocrx_word' id='word_1_405' title='bbox 785 2640 905 2673; x_wconf 86' lang='lat' dir='ltr'><strong>pereat.</strong></span> <span class='ocrx_word' id='word_1_406' title='bbox 959 2633 1166 2674; x_wconf 87' lang='lat' dir='ltr'><strong>Respondeo,</strong></span> <span class='ocrx_word' id='word_1_407' title='bbox 1200 2631 1285 2663; x_wconf 89' lang='lat' dir='ltr'><strong>solos</strong></span> 
     </span>
     <span class='ocr_line' id='line_1_57' title="bbox 314 2672 1285 2716; baseline 0.001 -12"><span class='ocrx_word' id='word_1_408' title='bbox 314 2672 442 2714; x_wconf 89' lang='lat' dir='ltr'><strong>quidem</strong></span> <span class='ocrx_word' id='word_1_409' title='bbox 472 2674 591 2706; x_wconf 89' lang='lat' dir='ltr'><strong>electos</strong></span> <span class='ocrx_word' id='word_1_410' title='bbox 621 2675 683 2706; x_wconf 90' lang='lat' dir='ltr'><strong>Dei</strong></span> <span class='ocrx_word' id='word_1_411' title='bbox 713 2676 831 2715; x_wconf 89' lang='lat' dir='ltr'><strong>spiritu</strong></span> <span class='ocrx_word' id='word_1_412' title='bbox 858 2676 1114 2716; x_wconf 81' lang='lat' dir='ltr'><strong>regenerationis</strong></span> <span class='ocrx_word' id='word_1_413' title='bbox 1143 2675 1285 2716; x_wconf 86' lang='lat' dir='ltr'><strong>dignari:</strong></span> 
     </span>
    </p>
   </div>
   <div class='ocr_carea' id='block_1_3' title="bbox 1296 321 1299 334">
    <p class='ocr_par' dir='ltr' id='par_1_3' title="bbox 1296 321 1299 334">
     <span class='ocr_line' id='line_1_58' title="bbox 1296 321 1299 334; baseline 0 0"><span class='ocrx_word' id='word_1_414' title='bbox 1296 321 1299 334; x_wconf 88' lang='lat' dir='ltr'><strong>l</strong></span> 
     </span>
    </p>
   </div>
   <div class='ocr_carea' id='block_1_4' title="bbox 1296 337 1303 929">
    <p class='ocr_par' dir='ltr' id='par_1_4' title="bbox 1296 337 1303 929">
     <span class='ocr_line' id='line_1_59' title="bbox 1296 337 1303 929; baseline 0 0"><span class='ocrx_word' id='word_1_415' title='bbox 1296 337 1303 929; x_wconf 95' lang='lat' dir='ltr'><strong> </strong></span> 
     </span>
    </p>
   </div>
   <div class='ocr_carea' id='block_1_5' title="bbox 1301 1091 1308 2005">
    <p class='ocr_par' dir='ltr' id='par_1_5' title="bbox 1301 1091 1308 2005">
     <span class='ocr_line' id='line_1_60' title="bbox 1301 1091 1308 2005; baseline 0 0"><span class='ocrx_word' id='word_1_416' title='bbox 1301 1091 1308 2005; x_wconf 95' lang='lat' dir='ltr'><strong> </strong></span> 
     </span>
    </p>
   </div>
   <div class='ocr_carea' id='block_1_6' title="bbox 1323 319 2310 2709">
    <p class='ocr_par' dir='ltr' id='par_1_6' title="bbox 1323 319 2307 1293">
     <span class='ocr_line' id='line_1_61' title="bbox 1324 319 2297 360; baseline 0.004 -10"><span class='ocrx_word' id='word_1_417' title='bbox 1324 323 1355 350; x_wconf 88' lang='lat' dir='ltr'><strong>et</strong></span> <span class='ocrx_word' id='word_1_418' title='bbox 1378 320 1409 351; x_wconf 90' lang='lat' dir='ltr'><strong>in</strong></span> <span class='ocrx_word' id='word_1_419' title='bbox 1434 319 1494 351; x_wconf 91' lang='lat' dir='ltr'><strong>hoc</strong></span> <span class='ocrx_word' id='word_1_420' title='bbox 1517 319 1655 351; x_wconf 86' lang='lat' dir='ltr'><strong>discerni</strong></span> <span class='ocrx_word' id='word_1_421' title='bbox 1688 331 1706 352; x_wconf 84' lang='lat' dir='ltr'><strong>a</strong></span> <span class='ocrx_word' id='word_1_422' title='bbox 1733 320 1886 360; x_wconf 84' lang='lat' dir='ltr'><strong>reprobis,</strong></span> <span class='ocrx_word' id='word_1_423' title='bbox 1917 321 1993 360; x_wconf 84' lang='lat' dir='ltr'><strong>quia</strong></span> <span class='ocrx_word' id='word_1_424' title='bbox 2017 321 2234 353; x_wconf 77' lang='lat' dir='ltr'><strong>reformantur</strong></span> <span class='ocrx_word' id='word_1_425' title='bbox 2257 323 2297 354; x_wconf 85' lang='lat' dir='ltr'><strong>ad</strong></span> 
     </span>
     <span class='ocr_line' id='line_1_62' title="bbox 1325 361 2296 404; baseline 0.004 -12"><span class='ocrx_word' id='word_1_426' title='bbox 1325 361 1410 394; x_wconf 87' lang='lat' dir='ltr'><strong>illius</strong></span> <span class='ocrx_word' id='word_1_427' title='bbox 1445 364 1636 402; x_wconf 82' lang='lat' dir='ltr'><strong>imaginem,</strong></span> <span class='ocrx_word' id='word_1_428' title='bbox 1671 369 1703 394; x_wconf 89' lang='lat' dir='ltr'><strong>ct</strong></span> <span class='ocrx_word' id='word_1_429' title='bbox 1735 363 1865 394; x_wconf 82' lang='lat' dir='ltr'><strong>arrham</strong></span> <span class='ocrx_word' id='word_1_430' title='bbox 1901 364 2033 403; x_wconf 90' lang='lat' dir='ltr'><strong>spiritus</strong></span> <span class='ocrx_word' id='word_1_431' title='bbox 2068 365 2230 404; x_wconf 87' lang='lat' dir='ltr'><strong>accipiunt</strong></span> <span class='ocrx_word' id='word_1_432' title='bbox 2264 366 2296 396; x_wconf 93' lang='lat' dir='ltr'><strong>in</strong></span> 
     </span>
     <span class='ocr_line' id='line_1_63' title="bbox 1323 405 2297 446; baseline 0.002 -10"><span class='ocrx_word' id='word_1_433' title='bbox 1323 415 1412 445; x_wconf 89' lang='lat' dir='ltr'><strong>spem</strong></span> <span class='ocrx_word' id='word_1_434' title='bbox 1449 406 1575 437; x_wconf 84' lang='lat' dir='ltr'><strong>futurae</strong></span> <span class='ocrx_word' id='word_1_435' title='bbox 1610 406 1829 443; x_wconf 79' lang='lat' dir='ltr'><strong>haereditatis,</strong></span> <span class='ocrx_word' id='word_1_436' title='bbox 1864 411 1895 436; x_wconf 91' lang='lat' dir='ltr'><strong>et</strong></span> <span class='ocrx_word' id='word_1_437' title='bbox 1925 405 2035 437; x_wconf 91' lang='lat' dir='ltr'><strong>eodem</strong></span> <span class='ocrx_word' id='word_1_438' title='bbox 2066 407 2182 446; x_wconf 89' lang='lat' dir='ltr'><strong>spiritu</strong></span> <span class='ocrx_word' id='word_1_439' title='bbox 2214 408 2297 439; x_wconf 85' lang='lat' dir='ltr'><strong>obsi-</strong></span> 
     </span>
     <span class='ocr_line' id='line_1_64' title="bbox 1324 449 2298 490; baseline 0.003 -12"><span class='ocrx_word' id='word_1_440' title='bbox 1324 456 1443 487; x_wconf 86' lang='lat' dir='ltr'><strong>gnatur</strong></span> <span class='ocrx_word' id='word_1_441' title='bbox 1460 449 1491 479; x_wconf 91' lang='lat' dir='ltr'><strong>in</strong></span> <span class='ocrx_word' id='word_1_442' title='bbox 1509 459 1618 480; x_wconf 88' lang='lat' dir='ltr'><strong>eorum</strong></span> <span class='ocrx_word' id='word_1_443' title='bbox 1640 449 1788 480; x_wconf 79' lang='lat' dir='ltr'><strong>cordibus</strong></span> <span class='ocrx_word' id='word_1_444' title='bbox 1811 450 1942 488; x_wconf 84' lang='lat' dir='ltr'><strong>spiritus</strong></span> <span class='ocrx_word' id='word_1_445' title='bbox 1966 450 2127 489; x_wconf 85' lang='lat' dir='ltr'><strong>accipiunt</strong></span> <span class='ocrx_word' id='word_1_446' title='bbox 2152 450 2183 480; x_wconf 92' lang='lat' dir='ltr'><strong>in</strong></span> <span class='ocrx_word' id='word_1_447' title='bbox 2207 460 2298 490; x_wconf 83' lang='lat' dir='ltr'><strong>spem</strong></span> 
     </span>
     <span class='ocr_line' id='line_1_65' title="bbox 1324 491 2297 532; baseline 0.003 -11"><span class='ocrx_word' id='word_1_448' title='bbox 1324 492 1450 522; x_wconf 81' lang='lat' dir='ltr'><strong>futurae</strong></span> <span class='ocrx_word' id='word_1_449' title='bbox 1475 491 1694 532; x_wconf 83' lang='lat' dir='ltr'><strong>haereditatis,</strong></span> <span class='ocrx_word' id='word_1_450' title='bbox 1722 499 1754 523; x_wconf 87' lang='lat' dir='ltr'><strong>et</strong></span> <span class='ocrx_word' id='word_1_451' title='bbox 1777 499 1887 523; x_wconf 80' lang='lat' dir='ltr'><strong>codem</strong></span> <span class='ocrx_word' id='word_1_452' title='bbox 1913 492 2028 532; x_wconf 81' lang='lat' dir='ltr'><strong>spiritu</strong></span> <span class='ocrx_word' id='word_1_453' title='bbox 2052 492 2242 532; x_wconf 86' lang='lat' dir='ltr'><strong>obsignatur</strong></span> <span class='ocrx_word' id='word_1_454' title='bbox 2265 494 2297 524; x_wconf 90' lang='lat' dir='ltr'><strong>in</strong></span> 
     </span>
     <span class='ocr_line' id='line_1_66' title="bbox 1323 534 2299 577; baseline 0.004 -13"><span class='ocrx_word' id='word_1_455' title='bbox 1323 544 1433 564; x_wconf 86' lang='lat' dir='ltr'><strong>eorum</strong></span> <span class='ocrx_word' id='word_1_456' title='bbox 1463 534 1612 566; x_wconf 85' lang='lat' dir='ltr'><strong>cordibus</strong></span> <span class='ocrx_word' id='word_1_457' title='bbox 1634 534 1848 576; x_wconf 87' lang='lat' dir='ltr'><strong>evangelium.</strong></span> <span class='ocrx_word' id='word_1_458' title='bbox 1895 534 1959 566; x_wconf 84' lang='lat' dir='ltr'><strong>Sed</strong></span> <span class='ocrx_word' id='word_1_459' title='bbox 1985 534 2044 566; x_wconf 88' lang='lat' dir='ltr'><strong>hoc</strong></span> <span class='ocrx_word' id='word_1_460' title='bbox 2066 535 2193 566; x_wconf 79' lang='lat' dir='ltr'><strong>obstare</strong></span> <span class='ocrx_word' id='word_1_461' title='bbox 2218 545 2299 577; x_wconf 86' lang='lat' dir='ltr'><strong>nego</strong></span> 
     </span>
     <span class='ocr_line' id='line_1_67' title="bbox 1325 576 2298 618; baseline 0.003 -12"><span class='ocrx_word' id='word_1_462' title='bbox 1325 576 1496 615; x_wconf 79' lang='lat' dir='ltr'><strong>quominus</strong></span> <span class='ocrx_word' id='word_1_463' title='bbox 1527 579 1679 616; x_wconf 89' lang='lat' dir='ltr'><strong>reprobos</strong></span> <span class='ocrx_word' id='word_1_464' title='bbox 1705 579 1800 608; x_wconf 85' lang='lat' dir='ltr'><strong>etiam</strong></span> <span class='ocrx_word' id='word_1_465' title='bbox 1826 584 1922 618; x_wconf 84' lang='lat' dir='ltr'><strong>gustu</strong></span> <span class='ocrx_word' id='word_1_466' title='bbox 1948 579 2070 617; x_wconf 82' lang='lat' dir='ltr'><strong>gratiae</strong></span> <span class='ocrx_word' id='word_1_467' title='bbox 2093 589 2169 609; x_wconf 79' lang='lat' dir='ltr'><strong>suae</strong></span> <span class='ocrx_word' id='word_1_468' title='bbox 2192 588 2298 618; x_wconf 84' lang='lat' dir='ltr'><strong>asper-</strong></span> 
     </span>
     <span class='ocr_line' id='line_1_68' title="bbox 1326 619 2299 660; baseline 0.004 -12"><span class='ocrx_word' id='word_1_469' title='bbox 1326 625 1390 658; x_wconf 80' lang='lat' dir='ltr'><strong>gat,</strong></span> <span class='ocrx_word' id='word_1_470' title='bbox 1414 619 1546 649; x_wconf 90' lang='lat' dir='ltr'><strong>irradiet</strong></span> <span class='ocrx_word' id='word_1_471' title='bbox 1562 630 1672 651; x_wconf 93' lang='lat' dir='ltr'><strong>eorum</strong></span> <span class='ocrx_word' id='word_1_472' title='bbox 1692 629 1815 652; x_wconf 85' lang='lat' dir='ltr'><strong>mentes</strong></span> <span class='ocrx_word' id='word_1_473' title='bbox 1834 620 1995 660; x_wconf 85' lang='lat' dir='ltr'><strong>aliquibus</strong></span> <span class='ocrx_word' id='word_1_474' title='bbox 2016 621 2095 652; x_wconf 87' lang='lat' dir='ltr'><strong>lucis</strong></span> <span class='ocrx_word' id='word_1_475' title='bbox 2118 632 2195 652; x_wconf 86' lang='lat' dir='ltr'><strong>suae</strong></span> <span class='ocrx_word' id='word_1_476' title='bbox 2218 622 2299 652; x_wconf 85' lang='lat' dir='ltr'><strong>seiu-</strong></span> 
     </span>
     <span class='ocr_line' id='line_1_69' title="bbox 1327 661 2300 704; baseline 0.004 -13"><span class='ocrx_word' id='word_1_477' title='bbox 1327 661 1414 698; x_wconf 86' lang='lat' dir='ltr'><strong>tillis</strong></span> <span class='ocrx_word' id='word_1_478' title='bbox 1449 662 1567 692; x_wconf 84' lang='lat' dir='ltr'><strong>afficiat</strong></span> <span class='ocrx_word' id='word_1_479' title='bbox 1598 672 1652 693; x_wconf 89' lang='lat' dir='ltr'><strong>eos</strong></span> <span class='ocrx_word' id='word_1_480' title='bbox 1683 663 1835 694; x_wconf 88' lang='lat' dir='ltr'><strong>bonitatis</strong></span> <span class='ocrx_word' id='word_1_481' title='bbox 1858 674 1936 695; x_wconf 84' lang='lat' dir='ltr'><strong>suae</strong></span> <span class='ocrx_word' id='word_1_482' title='bbox 1959 674 2064 699; x_wconf 82' lang='lat' dir='ltr'><strong>sensu.</strong></span> <span class='ocrx_word' id='word_1_483' title='bbox 2101 662 2300 704; x_wconf 88' lang='lat' dir='ltr'><strong>verbumque</strong></span> 
     </span>
     <span class='ocr_line' id='line_1_70' title="bbox 1327 706 2300 747; baseline 0.005 -14"><span class='ocrx_word' id='word_1_484' title='bbox 1327 714 1419 734; x_wconf 84' lang='lat' dir='ltr'><strong>suum</strong></span> <span class='ocrx_word' id='word_1_485' title='bbox 1455 709 1619 744; x_wconf 89' lang='lat' dir='ltr'><strong>utcunque</strong></span> <span class='ocrx_word' id='word_1_486' title='bbox 1652 716 1761 736; x_wconf 90' lang='lat' dir='ltr'><strong>eorum</strong></span> <span class='ocrx_word' id='word_1_487' title='bbox 1796 706 1913 737; x_wconf 86' lang='lat' dir='ltr'><strong>animis</strong></span> <span class='ocrx_word' id='word_1_488' title='bbox 1944 707 2114 747; x_wconf 87' lang='lat' dir='ltr'><strong>insculpat.</strong></span> <span class='ocrx_word' id='word_1_489' title='bbox 2168 707 2300 747; x_wconf 86' lang='lat' dir='ltr'><strong>Alioqui</strong></span> 
     </span>
     <span class='ocr_line' id='line_1_71' title="bbox 1328 747 2302 787; baseline 0.004 -11"><span class='ocrx_word' id='word_1_490' title='bbox 1328 747 1378 777; x_wconf 90' lang='lat' dir='ltr'><strong>ubi</strong></span> <span class='ocrx_word' id='word_1_491' title='bbox 1397 753 1482 777; x_wconf 83' lang='lat' dir='ltr'><strong>esset</strong></span> <span class='ocrx_word' id='word_1_492' title='bbox 1498 747 1552 777; x_wconf 90' lang='lat' dir='ltr'><strong>illa</strong></span> <span class='ocrx_word' id='word_1_493' title='bbox 1572 750 1764 787; x_wconf 84' lang='lat' dir='ltr'><strong>temporaria</strong></span> <span class='ocrx_word' id='word_1_494' title='bbox 1787 749 1866 780; x_wconf 85' lang='lat' dir='ltr'><strong>fides</strong></span> <span class='ocrx_word' id='word_1_495' title='bbox 1889 750 1979 780; x_wconf 83' lang='lat' dir='ltr'><strong>cuius</strong></span> <span class='ocrx_word' id='word_1_496' title='bbox 2004 750 2152 780; x_wconf 84' lang='lat' dir='ltr'><strong>meminit</strong></span> <span class='ocrx_word' id='word_1_497' title='bbox 2171 749 2302 781; x_wconf 89' lang='lat' dir='ltr'><strong>Marcus</strong></span> 
     </span>
     <span class='ocr_line' id='line_1_72' title="bbox 1326 788 2301 832; baseline 0.004 -13"><span class='ocrx_word' id='word_1_498' title='bbox 1326 788 1369 830; x_wconf 87' lang='lat'><strong>(4,</strong></span> <span class='ocrx_word' id='word_1_499' title='bbox 1402 788 1475 830; x_wconf 83' lang='lat'>17)?</span> <span class='ocrx_word' id='word_1_500' title='bbox 1522 789 1581 820; x_wconf 88' lang='lat' dir='ltr'><strong>Est</strong></span> <span class='ocrx_word' id='word_1_501' title='bbox 1612 790 1712 829; x_wconf 82' lang='lat' dir='ltr'><strong>igitur</strong></span> <span class='ocrx_word' id='word_1_502' title='bbox 1743 791 1850 831; x_wconf 90' lang='lat' dir='ltr'><strong>aliqua</strong></span> <span class='ocrx_word' id='word_1_503' title='bbox 1882 793 1978 823; x_wconf 87' lang='lat' dir='ltr'><strong>etiam</strong></span> <span class='ocrx_word' id='word_1_504' title='bbox 2009 793 2041 823; x_wconf 92' lang='lat' dir='ltr'><strong>in</strong></span> <span class='ocrx_word' id='word_1_505' title='bbox 2074 793 2218 832; x_wconf 86' lang='lat' dir='ltr'><strong>reprobis</strong></span> <span class='ocrx_word' id='word_1_506' title='bbox 2248 802 2301 823; x_wconf 90' lang='lat' dir='ltr'><strong>co-</strong></span> 
     </span>
     <span class='ocr_line' id='line_1_73' title="bbox 1327 833 2302 874; baseline 0.004 -12"><span class='ocrx_word' id='word_1_507' title='bbox 1327 833 1430 872; x_wconf 90' lang='lat' dir='ltr'><strong>gnitio</strong></span> <span class='ocrx_word' id='word_1_508' title='bbox 1460 841 1542 871; x_wconf 90' lang='lat' dir='ltr'><strong>quae</strong></span> <span class='ocrx_word' id='word_1_509' title='bbox 1575 840 1684 871; x_wconf 86' lang='lat' dir='ltr'><strong>postea</strong></span> <span class='ocrx_word' id='word_1_510' title='bbox 1708 835 1884 865; x_wconf 86' lang='lat' dir='ltr'><strong>evanescit:</strong></span> <span class='ocrx_word' id='word_1_511' title='bbox 1916 835 1965 865; x_wconf 89' lang='lat' dir='ltr'><strong>vel</strong></span> <span class='ocrx_word' id='word_1_512' title='bbox 1990 836 2063 874; x_wconf 90' lang='lat' dir='ltr'><strong>quia</strong></span> <span class='ocrx_word' id='word_1_513' title='bbox 2087 837 2196 865; x_wconf 87' lang='lat' dir='ltr'><strong>minus</strong></span> <span class='ocrx_word' id='word_1_514' title='bbox 2220 835 2302 866; x_wconf 84' lang='lat' dir='ltr'><strong>altas</strong></span> 
     </span>
     <span class='ocr_line' id='line_1_74' title="bbox 1328 871 2304 917; baseline 0.004 -12"><span class='ocrx_word' id='word_1_515' title='bbox 1328 875 1450 906; x_wconf 86' lang='lat' dir='ltr'><strong>radices</strong></span> <span class='ocrx_word' id='word_1_516' title='bbox 1474 884 1570 914; x_wconf 91' lang='lat' dir='ltr'><strong>quam</strong></span> <span class='ocrx_word' id='word_1_517' title='bbox 1594 876 1765 915; x_wconf 90' lang='lat' dir='ltr'><strong>oportebat</strong></span> <span class='ocrx_word' id='word_1_518' title='bbox 1787 876 1862 916; x_wconf 85' lang='lat' dir='ltr'><strong>egit,</strong></span> <span class='ocrx_word' id='word_1_519' title='bbox 1894 878 1943 908; x_wconf 89' lang='lat' dir='ltr'><strong>vel</strong></span> <span class='ocrx_word' id='word_1_520' title='bbox 1974 871 2227 917; x_wconf 39' lang='lat' dir='ltr'><strong>quiasuffocata</strong></span> <span class='ocrx_word' id='word_1_521' title='bbox 2251 878 2304 909; x_wconf 90' lang='lat' dir='ltr'><strong>de-</strong></span> 
     </span>
     <span class='ocr_line' id='line_1_75' title="bbox 1328 917 2304 958; baseline 0.004 -11"><span class='ocrx_word' id='word_1_522' title='bbox 1328 922 1471 958; x_wconf 87' lang='lat' dir='ltr'><strong>generat.</strong></span> <span class='ocrx_word' id='word_1_523' title='bbox 1518 919 1624 958; x_wconf 85' lang='lat' dir='ltr'><strong>Atque</strong></span> <span class='ocrx_word' id='word_1_524' title='bbox 1655 917 1716 949; x_wconf 88' lang='lat' dir='ltr'><strong>hoc</strong></span> <span class='ocrx_word' id='word_1_525' title='bbox 1739 918 1850 949; x_wconf 86' lang='lat' dir='ltr'><strong>fraeno</strong></span> <span class='ocrx_word' id='word_1_526' title='bbox 1873 921 1906 949; x_wconf 90' lang='lat' dir='ltr'><strong>in</strong></span> <span class='ocrx_word' id='word_1_527' title='bbox 1930 920 2044 951; x_wconf 87' lang='lat' dir='ltr'><strong>timore</strong></span> <span class='ocrx_word' id='word_1_528' title='bbox 2065 927 2096 951; x_wconf 88' lang='lat' dir='ltr'><strong>et</strong></span> <span class='ocrx_word' id='word_1_529' title='bbox 2122 921 2304 952; x_wconf 85' lang='lat' dir='ltr'><strong>humilitate</strong></span> 
     </span>
     <span class='ocr_line' id='line_1_76' title="bbox 1328 960 2305 1003; baseline 0.004 -12"><span class='ocrx_word' id='word_1_530' title='bbox 1328 970 1386 991; x_wconf 91' lang='lat' dir='ltr'><strong>nos</strong></span> <span class='ocrx_word' id='word_1_531' title='bbox 1418 960 1580 991; x_wconf 82' lang='lat' dir='ltr'><strong>Dominus</strong></span> <span class='ocrx_word' id='word_1_532' title='bbox 1610 961 1743 992; x_wconf 90' lang='lat' dir='ltr'><strong>retinet:</strong></span> <span class='ocrx_word' id='word_1_533' title='bbox 1775 965 1808 992; x_wconf 86' lang='lat' dir='ltr'><strong>et</strong></span> <span class='ocrx_word' id='word_1_534' title='bbox 1833 969 1920 992; x_wconf 86' lang='lat' dir='ltr'><strong>certe</strong></span> <span class='ocrx_word' id='word_1_535' title='bbox 1945 962 2090 994; x_wconf 85' lang='lat' dir='ltr'><strong>videmus</strong></span> <span class='ocrx_word' id='word_1_536' title='bbox 2112 974 2207 1003; x_wconf 86' lang='lat' dir='ltr'><strong>quam</strong></span> <span class='ocrx_word' id='word_1_537' title='bbox 2234 974 2305 1003; x_wconf 91' lang='lat' dir='ltr'><strong>pro-</strong></span> 
     </span>
     <span class='ocr_line' id='line_1_77' title="bbox 1327 1003 2304 1044; baseline 0.003 -10"><span class='ocrx_word' id='word_1_538' title='bbox 1327 1003 1411 1035; x_wconf 88' lang='lat' dir='ltr'><strong>clive</strong></span> <span class='ocrx_word' id='word_1_539' title='bbox 1431 1004 1549 1043; x_wconf 91' lang='lat' dir='ltr'><strong>alioqui</strong></span> <span class='ocrx_word' id='word_1_540' title='bbox 1573 1003 1616 1034; x_wconf 90' lang='lat' dir='ltr'><strong>sit</strong></span> <span class='ocrx_word' id='word_1_541' title='bbox 1639 1003 1818 1034; x_wconf 92' lang='lat' dir='ltr'><strong>humanum</strong></span> <span class='ocrx_word' id='word_1_542' title='bbox 1843 1005 2009 1044; x_wconf 86' lang='lat' dir='ltr'><strong>ingenium</strong></span> <span class='ocrx_word' id='word_1_543' title='bbox 2034 1006 2073 1036; x_wconf 89' lang='lat' dir='ltr'><strong>ad</strong></span> <span class='ocrx_word' id='word_1_544' title='bbox 2097 1008 2304 1037; x_wconf 80' lang='lat' dir='ltr'><strong>securitatem</strong></span> 
     </span>
     <span class='ocr_line' id='line_1_78' title="bbox 1328 1046 2304 1087; baseline 0.003 -10"><span class='ocrx_word' id='word_1_545' title='bbox 1328 1046 1527 1086; x_wconf 89' lang='lat' dir='ltr'><strong>stultamque</strong></span> <span class='ocrx_word' id='word_1_546' title='bbox 1543 1046 1787 1077; x_wconf 89' lang='lat' dir='ltr'><strong>confidentiam:</strong></span> <span class='ocrx_word' id='word_1_547' title='bbox 1811 1057 2004 1087; x_wconf 86' lang='lat' dir='ltr'><strong>quamquam</strong></span> <span class='ocrx_word' id='word_1_548' title='bbox 2022 1047 2098 1079; x_wconf 89' lang='lat' dir='ltr'><strong>talis</strong></span> <span class='ocrx_word' id='word_1_549' title='bbox 2117 1048 2211 1080; x_wconf 84' lang='lat' dir='ltr'><strong>debet</strong></span> <span class='ocrx_word' id='word_1_550' title='bbox 2234 1060 2304 1080; x_wconf 90' lang='lat' dir='ltr'><strong>esse</strong></span> 
     </span>
     <span class='ocr_line' id='line_1_79' title="bbox 1329 1089 2304 1130; baseline 0.003 -10"><span class='ocrx_word' id='word_1_551' title='bbox 1329 1095 1439 1120; x_wconf 88' lang='lat' dir='ltr'><strong>nostra</strong></span> <span class='ocrx_word' id='word_1_552' title='bbox 1467 1089 1638 1120; x_wconf 90' lang='lat' dir='ltr'><strong>solicitudo</strong></span> <span class='ocrx_word' id='word_1_553' title='bbox 1668 1099 1750 1129; x_wconf 88' lang='lat' dir='ltr'><strong>quae</strong></span> <span class='ocrx_word' id='word_1_554' title='bbox 1777 1091 1991 1121; x_wconf 89' lang='lat' dir='ltr'><strong>conscientiae</strong></span> <span class='ocrx_word' id='word_1_555' title='bbox 2015 1100 2124 1130; x_wconf 87' lang='lat' dir='ltr'><strong>pacem</strong></span> <span class='ocrx_word' id='word_1_556' title='bbox 2149 1102 2212 1123; x_wconf 89' lang='lat' dir='ltr'><strong>non</strong></span> <span class='ocrx_word' id='word_1_557' title='bbox 2236 1097 2304 1123; x_wconf 88' lang='lat' dir='ltr'><strong>tur-</strong></span> 
     </span>
     <span class='ocr_line' id='line_1_80' title="bbox 1329 1132 2305 1172; baseline 0.004 -10"><span class='ocrx_word' id='word_1_558' title='bbox 1329 1132 1389 1163; x_wconf 89' lang='lat' dir='ltr'><strong>bet.</strong></span> <span class='ocrx_word' id='word_1_559' title='bbox 1436 1132 1520 1163; x_wconf 90' lang='lat' dir='ltr'><strong>Nam</strong></span> <span class='ocrx_word' id='word_1_560' title='bbox 1547 1132 1708 1163; x_wconf 86' lang='lat' dir='ltr'><strong>Dominus</strong></span> <span class='ocrx_word' id='word_1_561' title='bbox 1731 1132 1828 1163; x_wconf 90' lang='lat' dir='ltr'><strong>simul</strong></span> <span class='ocrx_word' id='word_1_562' title='bbox 1854 1133 1949 1163; x_wconf 85' lang='lat' dir='ltr'><strong>fidem</strong></span> <span class='ocrx_word' id='word_1_563' title='bbox 1974 1133 2006 1163; x_wconf 93' lang='lat' dir='ltr'><strong>in</strong></span> <span class='ocrx_word' id='word_1_564' title='bbox 2033 1133 2123 1164; x_wconf 89' lang='lat' dir='ltr'><strong>nobis</strong></span> <span class='ocrx_word' id='word_1_565' title='bbox 2146 1134 2251 1172; x_wconf 80' lang='lat' dir='ltr'><strong>eriit,</strong></span> <span class='ocrx_word' id='word_1_566' title='bbox 2274 1140 2305 1166; x_wconf 89' lang='lat' dir='ltr'><strong>et</strong></span> 
     </span>
     <span class='ocr_line' id='line_1_81' title="bbox 1329 1175 2305 1216; baseline 0.003 -11"><span class='ocrx_word' id='word_1_567' title='bbox 1329 1185 1459 1206; x_wconf 87' lang='lat' dir='ltr'><strong>caruem</strong></span> <span class='ocrx_word' id='word_1_568' title='bbox 1477 1175 1602 1206; x_wconf 88' lang='lat' dir='ltr'><strong>domat:</strong></span> <span class='ocrx_word' id='word_1_569' title='bbox 1626 1175 1760 1215; x_wconf 87' lang='lat' dir='ltr'><strong>ideoque</strong></span> <span class='ocrx_word' id='word_1_570' title='bbox 1776 1175 1865 1206; x_wconf 92' lang='lat' dir='ltr'><strong>illam</strong></span> <span class='ocrx_word' id='word_1_571' title='bbox 1886 1175 1957 1206; x_wconf 90' lang='lat' dir='ltr'><strong>vult</strong></span> <span class='ocrx_word' id='word_1_572' title='bbox 1981 1176 2188 1216; x_wconf 79' lang='lat' dir='ltr'><strong>tranquillam</strong></span> <span class='ocrx_word' id='word_1_573' title='bbox 2213 1177 2305 1216; x_wconf 85' lang='lat' dir='ltr'><strong>quasi</strong></span> 
     </span>
     <span class='ocr_line' id='line_1_82' title="bbox 1329 1219 2307 1258; baseline 0.003 -10"><span class='ocrx_word' id='word_1_574' title='bbox 1329 1219 1360 1249; x_wconf 92' lang='lat' dir='ltr'><strong>in</strong></span> <span class='ocrx_word' id='word_1_575' title='bbox 1397 1224 1466 1248; x_wconf 83' lang='lat' dir='ltr'><strong>tuto</strong></span> <span class='ocrx_word' id='word_1_576' title='bbox 1503 1224 1597 1257; x_wconf 91' lang='lat' dir='ltr'><strong>portu</strong></span> <span class='ocrx_word' id='word_1_577' title='bbox 1629 1228 1762 1249; x_wconf 88' lang='lat' dir='ltr'><strong>manere</strong></span> <span class='ocrx_word' id='word_1_578' title='bbox 1791 1224 1823 1249; x_wconf 88' lang='lat' dir='ltr'><strong>et</strong></span> <span class='ocrx_word' id='word_1_579' title='bbox 1846 1219 2026 1258; x_wconf 87' lang='lat' dir='ltr'><strong>quiescere:</strong></span> <span class='ocrx_word' id='word_1_580' title='bbox 2065 1219 2147 1251; x_wconf 88' lang='lat' dir='ltr'><strong>hanc</strong></span> <span class='ocrx_word' id='word_1_581' title='bbox 2177 1224 2307 1251; x_wconf 76' lang='lat' dir='ltr'><strong>exercet</strong></span> 
     </span>
     <span class='ocr_line' id='line_1_83' title="bbox 1330 1261 2017 1293; baseline 0 -1"><span class='ocrx_word' id='word_1_582' title='bbox 1330 1261 1428 1292; x_wconf 87' lang='lat' dir='ltr'><strong>variis</strong></span> <span class='ocrx_word' id='word_1_583' title='bbox 1451 1261 1683 1292; x_wconf 86' lang='lat' dir='ltr'><strong>certaminibus</strong></span> <span class='ocrx_word' id='word_1_584' title='bbox 1708 1272 1748 1292; x_wconf 90' lang='lat' dir='ltr'><strong>ne</strong></span> <span class='ocrx_word' id='word_1_585' title='bbox 1771 1261 1836 1292; x_wconf 91' lang='lat' dir='ltr'><strong>otio</strong></span> <span class='ocrx_word' id='word_1_586' title='bbox 1861 1262 2017 1293; x_wconf 87' lang='lat' dir='ltr'><strong>lasciviat.</strong></span> 
     </span>
    </p>

    <p class='ocr_par' dir='ltr' id='par_1_7' title="bbox 1330 1303 2310 2631">
     <span class='ocr_line' id='line_1_84' title="bbox 1415 1303 2306 1344; baseline 0.002 -10"><span class='ocrx_word' id='word_1_587' title='bbox 1415 1304 1444 1335; x_wconf 88' lang='grc'><strong>6.</strong></span> <span class='ocrx_word' id='word_1_588' title='bbox 1477 1303 1638 1335; x_wconf 73' lang='lat' dir='ltr'><strong>Renovarz</strong></span> <span class='ocrx_word' id='word_1_589' title='bbox 1669 1304 1710 1335; x_wconf 86' lang='lat' dir='ltr'><strong>ad</strong></span> <span class='ocrx_word' id='word_1_590' title='bbox 1734 1304 1965 1344; x_wconf 78' lang='lat' dir='ltr'><strong>poenitentiam.</strong></span> <span class='ocrx_word' id='word_1_591' title='bbox 2012 1305 2157 1336; x_wconf 83' lang='lat' dir='ltr'><strong>Tametsi</strong></span> <span class='ocrx_word' id='word_1_592' title='bbox 2187 1305 2306 1336; x_wconf 90' lang='lat' dir='ltr'><strong>durum</strong></span> 
     </span>
     <span class='ocr_line' id='line_1_85' title="bbox 1331 1346 2307 1383; baseline 0.002 -6"><span class='ocrx_word' id='word_1_593' title='bbox 1331 1346 1390 1378; x_wconf 90' lang='lat' dir='ltr'><strong>hoc</strong></span> <span class='ocrx_word' id='word_1_594' title='bbox 1421 1346 1560 1383; x_wconf 89' lang='lat' dir='ltr'><strong>videtur,</strong></span> <span class='ocrx_word' id='word_1_595' title='bbox 1596 1357 1660 1377; x_wconf 91' lang='lat' dir='ltr'><strong>non</strong></span> <span class='ocrx_word' id='word_1_596' title='bbox 1692 1350 1741 1378; x_wconf 90' lang='lat' dir='ltr'><strong>est</strong></span> <span class='ocrx_word' id='word_1_597' title='bbox 1773 1354 1879 1378; x_wconf 89' lang='lat' dir='ltr'><strong>tamen</strong></span> <span class='ocrx_word' id='word_1_598' title='bbox 1911 1358 1968 1379; x_wconf 91' lang='lat' dir='ltr'><strong>cur</strong></span> <span class='ocrx_word' id='word_1_599' title='bbox 2002 1346 2107 1378; x_wconf 90' lang='lat' dir='ltr'><strong>Deum</strong></span> <span class='ocrx_word' id='word_1_600' title='bbox 2139 1348 2307 1379; x_wconf 87' lang='lat' dir='ltr'><strong>insimulet</strong></span> 
     </span>
     <span class='ocr_line' id='line_1_86' title="bbox 1330 1389 2305 1431; baseline 0.002 -11"><span class='ocrx_word' id='word_1_601' title='bbox 1330 1389 1530 1421; x_wconf 88' lang='lat' dir='ltr'><strong>crudelitatis</strong></span> <span class='ocrx_word' id='word_1_602' title='bbox 1553 1389 1699 1429; x_wconf 85' lang='lat' dir='ltr'><strong>quisquis</strong></span> <span class='ocrx_word' id='word_1_603' title='bbox 1723 1389 1820 1421; x_wconf 89' lang='lat' dir='ltr'><strong>talem</strong></span> <span class='ocrx_word' id='word_1_604' title='bbox 1845 1390 1901 1421; x_wconf 90' lang='lat' dir='ltr'><strong>dat</strong></span> <span class='ocrx_word' id='word_1_605' title='bbox 1924 1390 2110 1422; x_wconf 83' lang='lat' dir='ltr'><strong>defectionis</strong></span> <span class='ocrx_word' id='word_1_606' title='bbox 2133 1401 2209 1422; x_wconf 89' lang='lat' dir='ltr'><strong>suae</strong></span> <span class='ocrx_word' id='word_1_607' title='bbox 2234 1401 2305 1431; x_wconf 87' lang='lat' dir='ltr'><strong>poe</strong></span> 
     </span>
     <span class='ocr_line' id='line_1_87' title="bbox 1330 1432 2307 1474; baseline 0.002 -11"><span class='ocrx_word' id='word_1_608' title='bbox 1330 1443 1415 1464; x_wconf 88' lang='lat' dir='ltr'><strong>nam.</strong></span> <span class='ocrx_word' id='word_1_609' title='bbox 1452 1432 1568 1473; x_wconf 90' lang='lat' dir='ltr'><strong>Neque</strong></span> <span class='ocrx_word' id='word_1_610' title='bbox 1592 1432 1653 1463; x_wconf 82' lang='lat' dir='ltr'><strong>hoe</strong></span> <span class='ocrx_word' id='word_1_611' title='bbox 1677 1439 1801 1474; x_wconf 85' lang='lat' dir='ltr'><strong>pugnat</strong></span> <span class='ocrx_word' id='word_1_612' title='bbox 1823 1443 1896 1464; x_wconf 91' lang='lat' dir='ltr'><strong>cum</strong></span> <span class='ocrx_word' id='word_1_613' title='bbox 1921 1434 1992 1464; x_wconf 89' lang='lat' dir='ltr'><strong>aliis</strong></span> <span class='ocrx_word' id='word_1_614' title='bbox 2015 1434 2194 1472; x_wconf 87' lang='lat' dir='ltr'><strong>scripturae</strong></span> <span class='ocrx_word' id='word_1_615' title='bbox 2218 1434 2307 1474; x_wconf 90' lang='lat' dir='ltr'><strong>locis,</strong></span> 
     </span>
     <span class='ocr_line' id='line_1_88' title="bbox 1330 1476 2306 1516; baseline 0.001 -10"><span class='ocrx_word' id='word_1_616' title='bbox 1330 1476 1383 1507; x_wconf 92' lang='lat' dir='ltr'><strong>ubi</strong></span> <span class='ocrx_word' id='word_1_617' title='bbox 1420 1476 1480 1507; x_wconf 93' lang='lat' dir='ltr'><strong>Dei</strong></span> <span class='ocrx_word' id='word_1_618' title='bbox 1515 1476 1738 1507; x_wconf 89' lang='lat' dir='ltr'><strong>misericordia</strong></span> <span class='ocrx_word' id='word_1_619' title='bbox 1771 1476 1992 1516; x_wconf 87' lang='lat' dir='ltr'><strong>peccatoribus</strong></span> <span class='ocrx_word' id='word_1_620' title='bbox 2025 1476 2160 1507; x_wconf 88' lang='lat' dir='ltr'><strong>offertur</strong></span> <span class='ocrx_word' id='word_1_621' title='bbox 2193 1476 2306 1507; x_wconf 86' lang='lat' dir='ltr'><strong>simul-</strong></span> 
     </span>
     <span class='ocr_line' id='line_1_89' title="bbox 1330 1519 2306 1559; baseline 0.001 -10"><span class='ocrx_word' id='word_1_622' title='bbox 1330 1527 1427 1559; x_wconf 88' lang='lat' dir='ltr'><strong>atque</strong></span> <span class='ocrx_word' id='word_1_623' title='bbox 1443 1519 1671 1559; x_wconf 87' lang='lat' dir='ltr'><strong>ingemuerint.</strong></span> <span class='ocrx_word' id='word_1_624' title='bbox 1709 1519 1779 1550; x_wconf 88' lang='lat' dir='ltr'><strong>lllic</strong></span> <span class='ocrx_word' id='word_1_625' title='bbox 1795 1519 1882 1550; x_wconf 88' lang='lat' dir='ltr'><strong>enim</strong></span> <span class='ocrx_word' id='word_1_626' title='bbox 1900 1519 2076 1559; x_wconf 83' lang='lat' dir='ltr'><strong>requiritur</strong></span> <span class='ocrx_word' id='word_1_627' title='bbox 2099 1520 2306 1558; x_wconf 84' lang='lat' dir='ltr'><strong>poenitentia,</strong></span> 
     </span>
     <span class='ocr_line' id='line_1_90' title="bbox 1330 1562 2308 1602; baseline 0.001 -10"><span class='ocrx_word' id='word_1_628' title='bbox 1330 1571 1392 1602; x_wconf 84' lang='lat' dir='ltr'><strong>qua</strong></span> <span class='ocrx_word' id='word_1_629' title='bbox 1423 1571 1587 1601; x_wconf 89' lang='lat' dir='ltr'><strong>nunquam</strong></span> <span class='ocrx_word' id='word_1_630' title='bbox 1612 1572 1690 1593; x_wconf 84' lang='lat' dir='ltr'><strong>vere</strong></span> <span class='ocrx_word' id='word_1_631' title='bbox 1713 1562 1859 1602; x_wconf 86' lang='lat' dir='ltr'><strong>tangitur</strong></span> <span class='ocrx_word' id='word_1_632' title='bbox 1883 1562 1936 1602; x_wconf 91' lang='lat' dir='ltr'><strong>qui</strong></span> <span class='ocrx_word' id='word_1_633' title='bbox 1961 1562 2001 1593; x_wconf 90' lang='lat' dir='ltr'><strong>ab</strong></span> <span class='ocrx_word' id='word_1_634' title='bbox 2023 1562 2194 1602; x_wconf 85' lang='lat' dir='ltr'><strong>evangelio</strong></span> <span class='ocrx_word' id='word_1_635' title='bbox 2218 1572 2308 1602; x_wconf 89' lang='lat' dir='ltr'><strong>pror-</strong></span> 
     </span>
     <span class='ocr_line' id='line_1_91' title="bbox 1331 1604 2306 1645; baseline 0.001 -10"><span class='ocrx_word' id='word_1_636' title='bbox 1331 1615 1386 1636; x_wconf 87' lang='lat' dir='ltr'><strong>sus</strong></span> <span class='ocrx_word' id='word_1_637' title='bbox 1416 1604 1515 1636; x_wconf 89' lang='lat' dir='ltr'><strong>semel</strong></span> <span class='ocrx_word' id='word_1_638' title='bbox 1548 1604 1673 1636; x_wconf 83' lang='lat' dir='ltr'><strong>defecit.</strong></span> <span class='ocrx_word' id='word_1_639' title='bbox 1719 1605 1813 1636; x_wconf 81' lang='lat' dir='ltr'><strong>&#39;Pales</strong></span> <span class='ocrx_word' id='word_1_640' title='bbox 1844 1605 1930 1636; x_wconf 89' lang='lat' dir='ltr'><strong>enim</strong></span> <span class='ocrx_word' id='word_1_641' title='bbox 1955 1604 2018 1635; x_wconf 89' lang='lat' dir='ltr'><strong>Dei</strong></span> <span class='ocrx_word' id='word_1_642' title='bbox 2045 1605 2162 1645; x_wconf 86' lang='lat' dir='ltr'><strong>spiritu</strong></span> <span class='ocrx_word' id='word_1_643' title='bbox 2186 1604 2306 1645; x_wconf 84' lang='lat' dir='ltr'><strong>privati</strong></span> 
     </span>
     <span class='ocr_line' id='line_1_92' title="bbox 1331 1648 2308 1687; baseline 0.001 -9"><span class='ocrx_word' id='word_1_644' title='bbox 1331 1652 1368 1678; x_wconf 90' lang='lat' dir='ltr'><strong>ut</strong></span> <span class='ocrx_word' id='word_1_645' title='bbox 1391 1653 1568 1687; x_wconf 88' lang='lat' dir='ltr'><strong>merentur,</strong></span> <span class='ocrx_word' id='word_1_646' title='bbox 1598 1648 1816 1679; x_wconf 86' lang='lat' dir='ltr'><strong>coniiciuntur</strong></span> <span class='ocrx_word' id='word_1_647' title='bbox 1843 1649 1876 1679; x_wconf 89' lang='lat' dir='ltr'><strong>in</strong></span> <span class='ocrx_word' id='word_1_648' title='bbox 1899 1658 2032 1679; x_wconf 88' lang='lat' dir='ltr'><strong>sensum</strong></span> <span class='ocrx_word' id='word_1_649' title='bbox 2057 1649 2239 1687; x_wconf 79' lang='lat' dir='ltr'><strong>reprobum.</strong></span> <span class='ocrx_word' id='word_1_650' title='bbox 2270 1652 2308 1679; x_wconf 90' lang='lat' dir='ltr'><strong>ut</strong></span> 
     </span>
     <span class='ocr_line' id='line_1_93' title="bbox 1332 1690 2309 1732; baseline 0.001 -12"><span class='ocrx_word' id='word_1_651' title='bbox 1332 1690 1457 1722; x_wconf 92' lang='lat' dir='ltr'><strong>diabolo</strong></span> <span class='ocrx_word' id='word_1_652' title='bbox 1489 1691 1663 1731; x_wconf 88' lang='lat' dir='ltr'><strong>mancipati</strong></span> <span class='ocrx_word' id='word_1_653' title='bbox 1693 1692 1780 1722; x_wconf 87' lang='lat' dir='ltr'><strong>rueri</strong></span> <span class='ocrx_word' id='word_1_654' title='bbox 1812 1691 1844 1722; x_wconf 90' lang='lat' dir='ltr'><strong>in</strong></span> <span class='ocrx_word' id='word_1_655' title='bbox 1874 1701 1968 1722; x_wconf 90' lang='lat' dir='ltr'><strong>suum</strong></span> <span class='ocrx_word' id='word_1_656' title='bbox 2000 1691 2134 1722; x_wconf 84' lang='lat' dir='ltr'><strong>exitium</strong></span> <span class='ocrx_word' id='word_1_657' title='bbox 2159 1696 2309 1732; x_wconf 79' lang='lat' dir='ltr'><strong>pergant.</strong></span> 
     </span>
     <span class='ocr_line' id='line_1_94' title="bbox 1332 1733 2308 1774; baseline 0 -10"><span class='ocrx_word' id='word_1_658' title='bbox 1332 1733 1383 1764; x_wconf 89' lang='lat' dir='ltr'><strong>Ita</strong></span> <span class='ocrx_word' id='word_1_659' title='bbox 1399 1734 1434 1765; x_wconf 90' lang='lat' dir='ltr'><strong>fit</strong></span> <span class='ocrx_word' id='word_1_660' title='bbox 1458 1742 1494 1764; x_wconf 87' lang='lat' dir='ltr'><strong>ut</strong></span> <span class='ocrx_word' id='word_1_661' title='bbox 1517 1744 1582 1764; x_wconf 89' lang='lat' dir='ltr'><strong>non</strong></span> <span class='ocrx_word' id='word_1_662' title='bbox 1607 1733 1756 1764; x_wconf 88' lang='lat' dir='ltr'><strong>desinant</strong></span> <span class='ocrx_word' id='word_1_663' title='bbox 1780 1733 1868 1765; x_wconf 88' lang='lat' dir='ltr'><strong>aliud</strong></span> <span class='ocrx_word' id='word_1_664' title='bbox 1891 1744 1931 1765; x_wconf 87' lang='lat' dir='ltr'><strong>ex</strong></span> <span class='ocrx_word' id='word_1_665' title='bbox 1955 1733 2017 1765; x_wconf 88' lang='lat' dir='ltr'><strong>alio</strong></span> <span class='ocrx_word' id='word_1_666' title='bbox 2041 1743 2184 1774; x_wconf 82' lang='lat' dir='ltr'><strong>peccare,</strong></span> <span class='ocrx_word' id='word_1_667' title='bbox 2207 1734 2308 1764; x_wconf 79' lang='lat' dir='ltr'><strong>donec</strong></span> 
     </span>
     <span class='ocr_line' id='line_1_95' title="bbox 1332 1775 2309 1817; baseline -0.001 -9"><span class='ocrx_word' id='word_1_668' title='bbox 1332 1776 1546 1817; x_wconf 83' lang='lat' dir='ltr'><strong>obstupefacti</strong></span> <span class='ocrx_word' id='word_1_669' title='bbox 1580 1775 1688 1808; x_wconf 91' lang='lat' dir='ltr'><strong>Deum</strong></span> <span class='ocrx_word' id='word_1_670' title='bbox 1722 1782 1941 1813; x_wconf 82' lang='lat' dir='ltr'><strong>contemnant,</strong></span> <span class='ocrx_word' id='word_1_671' title='bbox 1975 1775 2028 1808; x_wconf 91' lang='lat' dir='ltr'><strong>vel</strong></span> <span class='ocrx_word' id='word_1_672' title='bbox 2063 1776 2309 1816; x_wconf 89' lang='lat' dir='ltr'><strong>desperatorum</strong></span> 
     </span>
     <span class='ocr_line' id='line_1_96' title="bbox 1333 1819 2308 1851; baseline 0 -1"><span class='ocrx_word' id='word_1_673' title='bbox 1333 1820 1366 1850; x_wconf 91' lang='lat' dir='ltr'><strong>in</strong></span> <span class='ocrx_word' id='word_1_674' title='bbox 1398 1830 1519 1851; x_wconf 89' lang='lat' dir='ltr'><strong>morem</strong></span> <span class='ocrx_word' id='word_1_675' title='bbox 1552 1819 1672 1850; x_wconf 82' lang='lat' dir='ltr'><strong>furiose</strong></span> <span class='ocrx_word' id='word_1_676' title='bbox 1703 1819 1839 1851; x_wconf 89' lang='lat' dir='ltr'><strong>oderint.</strong></span> <span class='ocrx_word' id='word_1_677' title='bbox 1888 1819 1988 1851; x_wconf 91' lang='lat' dir='ltr'><strong>Hunc</strong></span> <span class='ocrx_word' id='word_1_678' title='bbox 2025 1819 2148 1850; x_wconf 82' lang='lat' dir='ltr'><strong>habent</strong></span> <span class='ocrx_word' id='word_1_679' title='bbox 2184 1821 2308 1850; x_wconf 81' lang='lat' dir='ltr'><strong>exitum</strong></span> 
     </span>
     <span class='ocr_line' id='line_1_97' title="bbox 1332 1861 2308 1902; baseline -0.001 -9"><span class='ocrx_word' id='word_1_680' title='bbox 1332 1872 1444 1894; x_wconf 89' lang='lat' dir='ltr'><strong>omnes</strong></span> <span class='ocrx_word' id='word_1_681' title='bbox 1482 1865 1664 1902; x_wconf 84' lang='lat' dir='ltr'><strong>apostatae,</strong></span> <span class='ocrx_word' id='word_1_682' title='bbox 1707 1868 1744 1894; x_wconf 89' lang='lat' dir='ltr'><strong>ut</strong></span> <span class='ocrx_word' id='word_1_683' title='bbox 1782 1862 1831 1893; x_wconf 91' lang='lat' dir='ltr'><strong>vel</strong></span> <span class='ocrx_word' id='word_1_684' title='bbox 1868 1869 2000 1902; x_wconf 89' lang='lat' dir='ltr'><strong>stupore</strong></span> <span class='ocrx_word' id='word_1_685' title='bbox 2038 1863 2181 1902; x_wconf 88' lang='lat' dir='ltr'><strong>percussi</strong></span> <span class='ocrx_word' id='word_1_686' title='bbox 2223 1861 2308 1893; x_wconf 90' lang='lat' dir='ltr'><strong>nihil</strong></span> 
     </span>
     <span class='ocr_line' id='line_1_98' title="bbox 1333 1904 2308 1945; baseline -0.001 -9"><span class='ocrx_word' id='word_1_687' title='bbox 1333 1905 1482 1936; x_wconf 84' lang='lat' dir='ltr'><strong>timeant:</strong></span> <span class='ocrx_word' id='word_1_688' title='bbox 1507 1905 1557 1937; x_wconf 88' lang='lat' dir='ltr'><strong>vel</strong></span> <span class='ocrx_word' id='word_1_689' title='bbox 1574 1904 1681 1936; x_wconf 91' lang='lat' dir='ltr'><strong>Deum</strong></span> <span class='ocrx_word' id='word_1_690' title='bbox 1705 1911 1916 1936; x_wconf 84' lang='lat' dir='ltr'><strong>exsecrentur</strong></span> <span class='ocrx_word' id='word_1_691' title='bbox 1931 1905 2083 1945; x_wconf 88' lang='lat' dir='ltr'><strong>iudicem,</strong></span> <span class='ocrx_word' id='word_1_692' title='bbox 2105 1906 2180 1945; x_wconf 87' lang='lat' dir='ltr'><strong>quia</strong></span> <span class='ocrx_word' id='word_1_693' title='bbox 2198 1905 2308 1945; x_wconf 80' lang='lat' dir='ltr'><strong>fugere</strong></span> 
     </span>
     <span class='ocr_line' id='line_1_99' title="bbox 1333 1947 2307 1989; baseline -0.001 -10"><span class='ocrx_word' id='word_1_694' title='bbox 1333 1952 1506 1988; x_wconf 86' lang='lat' dir='ltr'><strong>nequeunt.</strong></span> <span class='ocrx_word' id='word_1_695' title='bbox 1563 1948 1712 1989; x_wconf 90' lang='lat' dir='ltr'><strong>Denique</strong></span> <span class='ocrx_word' id='word_1_696' title='bbox 1742 1947 1895 1979; x_wconf 89' lang='lat' dir='ltr'><strong>admonet</strong></span> <span class='ocrx_word' id='word_1_697' title='bbox 1929 1948 2106 1988; x_wconf 80' lang='lat' dir='ltr'><strong>apostolus,</strong></span> <span class='ocrx_word' id='word_1_698' title='bbox 2141 1948 2307 1988; x_wconf 86' lang='lat' dir='ltr'><strong>poeniten</strong></span> 
     </span>
     <span class='ocr_line' id='line_1_100' title="bbox 1334 1990 2308 2023; baseline -0.001 -1"><span class='ocrx_word' id='word_1_699' title='bbox 1334 1992 1411 2022; x_wconf 87' lang='lat' dir='ltr'><strong>tiam</strong></span> <span class='ocrx_word' id='word_1_700' title='bbox 1442 2001 1508 2022; x_wconf 90' lang='lat' dir='ltr'><strong>non</strong></span> <span class='ocrx_word' id='word_1_701' title='bbox 1538 2001 1607 2022; x_wconf 87' lang='lat' dir='ltr'><strong>esse</strong></span> <span class='ocrx_word' id='word_1_702' title='bbox 1638 1991 1670 2022; x_wconf 93' lang='lat' dir='ltr'><strong>in</strong></span> <span class='ocrx_word' id='word_1_703' title='bbox 1702 1990 1841 2023; x_wconf 90' lang='lat' dir='ltr'><strong>hominis</strong></span> <span class='ocrx_word' id='word_1_704' title='bbox 1872 1992 2019 2022; x_wconf 88' lang='lat' dir='ltr'><strong>arbitrio:</strong></span> <span class='ocrx_word' id='word_1_705' title='bbox 2054 1990 2110 2022; x_wconf 91' lang='lat' dir='ltr'><strong>sed</strong></span> <span class='ocrx_word' id='word_1_706' title='bbox 2134 1991 2173 2021; x_wconf 88' lang='lat' dir='ltr'><strong>iis</strong></span> <span class='ocrx_word' id='word_1_707' title='bbox 2196 2001 2214 2021; x_wconf 85' lang='lat' dir='ltr'><strong>a</strong></span> <span class='ocrx_word' id='word_1_708' title='bbox 2236 1990 2308 2021; x_wconf 87' lang='lat' dir='ltr'><strong>Deo</strong></span> 
     </span>
     <span class='ocr_line' id='line_1_101' title="bbox 1333 2032 2308 2074; baseline -0.001 -10"><span class='ocrx_word' id='word_1_709' title='bbox 1333 2034 1409 2065; x_wconf 88' lang='lat' dir='ltr'><strong>solis</strong></span> <span class='ocrx_word' id='word_1_710' title='bbox 1440 2033 1510 2064; x_wconf 84' lang='lat' dir='ltr'><strong>dari</strong></span> <span class='ocrx_word' id='word_1_711' title='bbox 1532 2034 1588 2074; x_wconf 92' lang='lat' dir='ltr'><strong>qui</strong></span> <span class='ocrx_word' id='word_1_712' title='bbox 1612 2045 1675 2065; x_wconf 91' lang='lat' dir='ltr'><strong>non</strong></span> <span class='ocrx_word' id='word_1_713' title='bbox 1699 2044 1830 2074; x_wconf 85' lang='lat' dir='ltr'><strong>prorsus</strong></span> <span class='ocrx_word' id='word_1_714' title='bbox 1853 2034 2034 2065; x_wconf 88' lang='lat' dir='ltr'><strong>exciderint</strong></span> <span class='ocrx_word' id='word_1_715' title='bbox 2056 2044 2075 2065; x_wconf 84' lang='lat' dir='ltr'><strong>a</strong></span> <span class='ocrx_word' id='word_1_716' title='bbox 2098 2033 2170 2065; x_wconf 90' lang='lat' dir='ltr'><strong>fide.</strong></span> <span class='ocrx_word' id='word_1_717' title='bbox 2215 2032 2308 2071; x_wconf 81' lang='lat' dir='ltr'><strong>Quae</strong></span> 
     </span>
     <span class='ocr_line' id='line_1_102' title="bbox 1334 2076 2307 2116; baseline -0.002 -9"><span class='ocrx_word' id='word_1_718' title='bbox 1334 2076 1510 2108; x_wconf 88' lang='lat' dir='ltr'><strong>admonitio</strong></span> <span class='ocrx_word' id='word_1_719' title='bbox 1526 2087 1682 2116; x_wconf 87' lang='lat' dir='ltr'><strong>perquam</strong></span> <span class='ocrx_word' id='word_1_720' title='bbox 1700 2077 1792 2108; x_wconf 91' lang='lat' dir='ltr'><strong>nobis</strong></span> <span class='ocrx_word' id='word_1_721' title='bbox 1814 2077 1903 2108; x_wconf 88' lang='lat' dir='ltr'><strong>utilis</strong></span> <span class='ocrx_word' id='word_1_722' title='bbox 1926 2083 1986 2115; x_wconf 86' lang='lat' dir='ltr'><strong>est,</strong></span> <span class='ocrx_word' id='word_1_723' title='bbox 2010 2087 2050 2107; x_wconf 92' lang='lat' dir='ltr'><strong>ne</strong></span> <span class='ocrx_word' id='word_1_724' title='bbox 2072 2077 2107 2108; x_wconf 91' lang='lat' dir='ltr'><strong>in</strong></span> <span class='ocrx_word' id='word_1_725' title='bbox 2129 2076 2307 2108; x_wconf 84' lang='lat' dir='ltr'><strong>crastinum</strong></span> 
     </span>
     <span class='ocr_line' id='line_1_103' title="bbox 1334 2117 2307 2160; baseline -0.002 -10"><span class='ocrx_word' id='word_1_726' title='bbox 1334 2119 1470 2151; x_wconf 91' lang='lat' dir='ltr'><strong>subinde</strong></span> <span class='ocrx_word' id='word_1_727' title='bbox 1494 2118 1683 2157; x_wconf 90' lang='lat' dir='ltr'><strong>differendo,</strong></span> <span class='ocrx_word' id='word_1_728' title='bbox 1707 2119 1811 2160; x_wconf 87' lang='lat' dir='ltr'><strong>magis</strong></span> <span class='ocrx_word' id='word_1_729' title='bbox 1834 2129 1872 2151; x_wconf 87' lang='lat' dir='ltr'><strong>ac</strong></span> <span class='ocrx_word' id='word_1_730' title='bbox 1894 2121 1998 2160; x_wconf 86' lang='lat' dir='ltr'><strong>magis</strong></span> <span class='ocrx_word' id='word_1_731' title='bbox 2021 2129 2080 2151; x_wconf 88' lang='lat' dir='ltr'><strong>nos</strong></span> <span class='ocrx_word' id='word_1_732' title='bbox 2102 2129 2120 2150; x_wconf 86' lang='lat' dir='ltr'><strong>a</strong></span> <span class='ocrx_word' id='word_1_733' title='bbox 2142 2119 2210 2150; x_wconf 86' lang='lat' dir='ltr'><strong>Deo</strong></span> <span class='ocrx_word' id='word_1_734' title='bbox 2232 2117 2307 2148; x_wconf 86' lang='lat' dir='ltr'><strong>alie-</strong></span> 
     </span>
     <span class='ocr_line' id='line_1_104' title="bbox 1335 2160 2308 2203; baseline -0.001 -10"><span class='ocrx_word' id='word_1_735' title='bbox 1335 2173 1457 2194; x_wconf 88' lang='lat' dir='ltr'><strong>nemus.</strong></span> <span class='ocrx_word' id='word_1_736' title='bbox 1501 2162 1566 2193; x_wconf 89' lang='lat' dir='ltr'><strong>Hic</strong></span> <span class='ocrx_word' id='word_1_737' title='bbox 1589 2163 1720 2203; x_wconf 90' lang='lat' dir='ltr'><strong>quidem</strong></span> <span class='ocrx_word' id='word_1_738' title='bbox 1748 2163 1929 2203; x_wconf 85' lang='lat' dir='ltr'><strong>proverbiis</strong></span> <span class='ocrx_word' id='word_1_739' title='bbox 1958 2162 2078 2193; x_wconf 86' lang='lat' dir='ltr'><strong>ludunt.</strong></span> <span class='ocrx_word' id='word_1_740' title='bbox 2098 2161 2205 2200; x_wconf 88' lang='lat' dir='ltr'><strong>impii:</strong></span> <span class='ocrx_word' id='word_1_741' title='bbox 2228 2160 2308 2192; x_wconf 85' lang='lat' dir='ltr'><strong>satis</strong></span> 
     </span>
     <span class='ocr_line' id='line_1_105' title="bbox 1335 2204 2310 2246; baseline -0.003 -10"><span class='ocrx_word' id='word_1_742' title='bbox 1335 2206 1401 2236; x_wconf 81' lang='lat' dir='ltr'><strong>fore</strong></span> <span class='ocrx_word' id='word_1_743' title='bbox 1431 2205 1458 2236; x_wconf 87' lang='lat' dir='ltr'><strong>si</strong></span> <span class='ocrx_word' id='word_1_744' title='bbox 1487 2205 1574 2236; x_wconf 89' lang='lat' dir='ltr'><strong>inter</strong></span> <span class='ocrx_word' id='word_1_745' title='bbox 1604 2205 1736 2237; x_wconf 90' lang='lat' dir='ltr'><strong>ultimos</strong></span> <span class='ocrx_word' id='word_1_746' title='bbox 1758 2206 1893 2246; x_wconf 86' lang='lat' dir='ltr'><strong>spiritus</strong></span> <span class='ocrx_word' id='word_1_747' title='bbox 1915 2206 2003 2246; x_wconf 84' lang='lat' dir='ltr'><strong>ipsos</strong></span> <span class='ocrx_word' id='word_1_748' title='bbox 2024 2204 2199 2236; x_wconf 84' lang='lat' dir='ltr'><strong>sceleratae</strong></span> <span class='ocrx_word' id='word_1_749' title='bbox 2223 2204 2310 2234; x_wconf 87' lang='lat' dir='ltr'><strong>vitae</strong></span> 
     </span>
     <span class='ocr_line' id='line_1_106' title="bbox 1335 2246 2308 2288; baseline -0.003 -9"><span class='ocrx_word' id='word_1_750' title='bbox 1335 2249 1505 2288; x_wconf 83' lang='lat' dir='ltr'><strong>poeniteat.</strong></span> <span class='ocrx_word' id='word_1_751' title='bbox 1543 2247 1609 2280; x_wconf 87' lang='lat' dir='ltr'><strong>Sed</strong></span> <span class='ocrx_word' id='word_1_752' title='bbox 1624 2258 1721 2288; x_wconf 91' lang='lat' dir='ltr'><strong>quum</strong></span> <span class='ocrx_word' id='word_1_753' title='bbox 1743 2258 1781 2280; x_wconf 92' lang='lat' dir='ltr'><strong>eo</strong></span> <span class='ocrx_word' id='word_1_754' title='bbox 1804 2254 1939 2279; x_wconf 87' lang='lat' dir='ltr'><strong>ventum</strong></span> <span class='ocrx_word' id='word_1_755' title='bbox 1961 2253 2021 2285; x_wconf 84' lang='lat' dir='ltr'><strong>est,</strong></span> <span class='ocrx_word' id='word_1_756' title='bbox 2043 2247 2121 2277; x_wconf 88' lang='lat' dir='ltr'><strong>diris</strong></span> <span class='ocrx_word' id='word_1_757' title='bbox 2143 2246 2308 2278; x_wconf 86' lang='lat' dir='ltr'><strong>conscien-</strong></span> 
     </span>
     <span class='ocr_line' id='line_1_107' title="bbox 1336 2291 2309 2330; baseline -0.002 -9"><span class='ocrx_word' id='word_1_758' title='bbox 1336 2291 1400 2322; x_wconf 88' lang='lat' dir='ltr'><strong>tiae</strong></span> <span class='ocrx_word' id='word_1_759' title='bbox 1416 2292 1586 2322; x_wconf 86' lang='lat' dir='ltr'><strong>tormentis</strong></span> <span class='ocrx_word' id='word_1_760' title='bbox 1602 2291 1790 2330; x_wconf 84' lang='lat' dir='ltr'><strong>excruciati,</strong></span> <span class='ocrx_word' id='word_1_761' title='bbox 1813 2291 2005 2322; x_wconf 86' lang='lat' dir='ltr'><strong>documento</strong></span> <span class='ocrx_word' id='word_1_762' title='bbox 2024 2296 2101 2321; x_wconf 86' lang='lat' dir='ltr'><strong>sunt</strong></span> <span class='ocrx_word' id='word_1_763' title='bbox 2124 2299 2219 2329; x_wconf 88' lang='lat' dir='ltr'><strong>quam</strong></span> <span class='ocrx_word' id='word_1_764' title='bbox 2244 2299 2309 2320; x_wconf 87' lang='lat' dir='ltr'><strong>uon</strong></span> 
     </span>
     <span class='ocr_line' id='line_1_108' title="bbox 1335 2332 2308 2374; baseline -0.003 -9"><span class='ocrx_word' id='word_1_765' title='bbox 1335 2334 1472 2374; x_wconf 81' lang='lat' dir='ltr'><strong>vulgare</strong></span> <span class='ocrx_word' id='word_1_766' title='bbox 1501 2335 1543 2365; x_wconf 85' lang='lat' dir='ltr'><strong>sit</strong></span> <span class='ocrx_word' id='word_1_767' title='bbox 1572 2344 1651 2373; x_wconf 87' lang='lat' dir='ltr'><strong>opus</strong></span> <span class='ocrx_word' id='word_1_768' title='bbox 1689 2334 1830 2365; x_wconf 89' lang='lat' dir='ltr'><strong>hominis</strong></span> <span class='ocrx_word' id='word_1_769' title='bbox 1863 2332 2040 2364; x_wconf 89' lang='lat' dir='ltr'><strong>conversio.</strong></span> <span class='ocrx_word' id='word_1_770' title='bbox 2087 2332 2175 2373; x_wconf 85' lang='lat' dir='ltr'><strong>Ergo</strong></span> <span class='ocrx_word' id='word_1_771' title='bbox 2208 2340 2308 2372; x_wconf 88' lang='lat' dir='ltr'><strong>quum</strong></span> 
     </span>
     <span class='ocr_line' id='line_1_109' title="bbox 1337 2374 2308 2417; baseline -0.002 -10"><span class='ocrx_word' id='word_1_772' title='bbox 1337 2376 1497 2409; x_wconf 89' lang='lat' dir='ltr'><strong>Dominus</strong></span> <span class='ocrx_word' id='word_1_773' title='bbox 1527 2377 1626 2408; x_wconf 90' lang='lat' dir='ltr'><strong>nullis</strong></span> <span class='ocrx_word' id='word_1_774' title='bbox 1656 2377 1783 2409; x_wconf 86' lang='lat' dir='ltr'><strong>veniam</strong></span> <span class='ocrx_word' id='word_1_775' title='bbox 1814 2377 1983 2417; x_wconf 87' lang='lat' dir='ltr'><strong>promittat</strong></span> <span class='ocrx_word' id='word_1_776' title='bbox 2011 2375 2074 2406; x_wconf 86' lang='lat' dir='ltr'><strong>nisi</strong></span> <span class='ocrx_word' id='word_1_777' title='bbox 2104 2376 2160 2415; x_wconf 90' lang='lat' dir='ltr'><strong>qui</strong></span> <span class='ocrx_word' id='word_1_778' title='bbox 2184 2374 2224 2405; x_wconf 91' lang='lat' dir='ltr'><strong>ab</strong></span> <span class='ocrx_word' id='word_1_779' title='bbox 2247 2374 2308 2405; x_wconf 89' lang='lat' dir='ltr'><strong>ini-</strong></span> 
     </span>
     <span class='ocr_line' id='line_1_110' title="bbox 1335 2416 2308 2460; baseline -0.003 -9"><span class='ocrx_word' id='word_1_780' title='bbox 1335 2421 1459 2459; x_wconf 87' lang='lat' dir='ltr'><strong>quitate</strong></span> <span class='ocrx_word' id='word_1_781' title='bbox 1489 2421 1696 2460; x_wconf 87' lang='lat' dir='ltr'><strong>resipiscunt:</strong></span> <span class='ocrx_word' id='word_1_782' title='bbox 1729 2429 1794 2450; x_wconf 89' lang='lat' dir='ltr'><strong>non</strong></span> <span class='ocrx_word' id='word_1_783' title='bbox 1824 2419 1942 2449; x_wconf 91' lang='lat' dir='ltr'><strong>mirum</strong></span> <span class='ocrx_word' id='word_1_784' title='bbox 1973 2424 2022 2449; x_wconf 87' lang='lat' dir='ltr'><strong>est</strong></span> <span class='ocrx_word' id='word_1_785' title='bbox 2044 2418 2070 2449; x_wconf 87' lang='lat' dir='ltr'><strong>si</strong></span> <span class='ocrx_word' id='word_1_786' title='bbox 2095 2424 2228 2458; x_wconf 87' lang='lat' dir='ltr'><strong>pereant</strong></span> <span class='ocrx_word' id='word_1_787' title='bbox 2251 2416 2308 2457; x_wconf 86' lang='lat' dir='ltr'><strong>qui</strong></span> 
     </span>
     <span class='ocr_line' id='line_1_111' title="bbox 1337 2460 2308 2502; baseline -0.003 -9"><span class='ocrx_word' id='word_1_788' title='bbox 1337 2463 1386 2493; x_wconf 87' lang='lat' dir='ltr'><strong>vel</strong></span> <span class='ocrx_word' id='word_1_789' title='bbox 1412 2463 1645 2502; x_wconf 87' lang='lat' dir='ltr'><strong>desperatione,</strong></span> <span class='ocrx_word' id='word_1_790' title='bbox 1668 2462 1719 2494; x_wconf 84' lang='lat' dir='ltr'><strong>vel</strong></span> <span class='ocrx_word' id='word_1_791' title='bbox 1742 2468 1929 2501; x_wconf 88' lang='lat' dir='ltr'><strong>contemptu</strong></span> <span class='ocrx_word' id='word_1_792' title='bbox 1953 2460 2084 2492; x_wconf 85' lang='lat' dir='ltr'><strong>fuerunt</strong></span> <span class='ocrx_word' id='word_1_793' title='bbox 2102 2460 2256 2492; x_wconf 84' lang='lat' dir='ltr'><strong>obstinati</strong></span> <span class='ocrx_word' id='word_1_794' title='bbox 2274 2460 2308 2491; x_wconf 89' lang='lat' dir='ltr'><strong>in</strong></span> 
     </span>
     <span class='ocr_line' id='line_1_112' title="bbox 1336 2502 2310 2544; baseline -0.003 -8"><span class='ocrx_word' id='word_1_795' title='bbox 1336 2515 1431 2536; x_wconf 89' lang='lat' dir='ltr'><strong>suum</strong></span> <span class='ocrx_word' id='word_1_796' title='bbox 1461 2506 1641 2536; x_wconf 88' lang='lat' dir='ltr'><strong>interitum.</strong></span> <span class='ocrx_word' id='word_1_797' title='bbox 1693 2503 1789 2543; x_wconf 81' lang='lat' dir='ltr'><strong>Quod</strong></span> <span class='ocrx_word' id='word_1_798' title='bbox 1823 2504 1849 2535; x_wconf 88' lang='lat' dir='ltr'><strong>si</strong></span> <span class='ocrx_word' id='word_1_799' title='bbox 1880 2505 1951 2544; x_wconf 91' lang='lat' dir='ltr'><strong>quis</strong></span> <span class='ocrx_word' id='word_1_800' title='bbox 1984 2513 2002 2534; x_wconf 88' lang='lat' dir='ltr'><strong>a</strong></span> <span class='ocrx_word' id='word_1_801' title='bbox 2035 2503 2127 2543; x_wconf 81' lang='lat' dir='ltr'><strong>lapsu</strong></span> <span class='ocrx_word' id='word_1_802' title='bbox 2158 2502 2310 2543; x_wconf 80' lang='lat' dir='ltr'><strong>resurgit,</strong></span> 
     </span>
     <span class='ocr_line' id='line_1_113' title="bbox 1337 2546 2308 2588; baseline -0.001 -11"><span class='ocrx_word' id='word_1_803' title='bbox 1337 2548 1411 2579; x_wconf 88' lang='lat' dir='ltr'><strong>inde</strong></span> <span class='ocrx_word' id='word_1_804' title='bbox 1435 2547 1652 2588; x_wconf 83' lang='lat' dir='ltr'><strong>colligendum</strong></span> <span class='ocrx_word' id='word_1_805' title='bbox 1677 2551 1737 2586; x_wconf 88' lang='lat' dir='ltr'><strong>est,</strong></span> <span class='ocrx_word' id='word_1_806' title='bbox 1761 2557 1779 2578; x_wconf 90' lang='lat' dir='ltr'><strong>a</strong></span> <span class='ocrx_word' id='word_1_807' title='bbox 1809 2546 1984 2578; x_wconf 84' lang='lat' dir='ltr'><strong>defectione</strong></span> <span class='ocrx_word' id='word_1_808' title='bbox 2014 2546 2165 2586; x_wconf 85' lang='lat' dir='ltr'><strong>abfuisse,</strong></span> <span class='ocrx_word' id='word_1_809' title='bbox 2195 2555 2308 2586; x_wconf 88' lang='lat' dir='ltr'><strong>quam-</strong></span> 
     </span>
     <span class='ocr_line' id='line_1_114' title="bbox 1338 2590 1856 2631; baseline 0 -11"><span class='ocrx_word' id='word_1_810' title='bbox 1338 2590 1414 2622; x_wconf 87' lang='lat' dir='ltr'><strong>libet</strong></span> <span class='ocrx_word' id='word_1_811' title='bbox 1437 2592 1583 2631; x_wconf 86' lang='lat' dir='ltr'><strong>graviter</strong></span> <span class='ocrx_word' id='word_1_812' title='bbox 1605 2590 1685 2621; x_wconf 82' lang='lat' dir='ltr'><strong>alias</strong></span> <span class='ocrx_word' id='word_1_813' title='bbox 1708 2590 1856 2629; x_wconf 86' lang='lat' dir='ltr'><strong>peccarit.</strong></span> 
     </span>
    </p>

    <p class='ocr_par' dir='ltr' id='par_1_8' title="bbox 1339 2629 2310 2709">
     <span class='ocr_line' id='line_1_115' title="bbox 1424 2629 2309 2674; baseline -0.005 -9"><span class='ocrx_word' id='word_1_814' title='bbox 1424 2634 1566 2665; x_wconf 82' lang='lat' dir='ltr'><strong>Rursum</strong></span> <span class='ocrx_word' id='word_1_815' title='bbox 1593 2633 1802 2674; x_wconf 75' lang='lat' dir='ltr'><strong>crucifiyentes</strong></span> <span class='ocrx_word' id='word_1_816' title='bbox 1827 2632 1898 2664; x_wconf 72' lang='lat' dir='ltr'><strong>sibi.</strong></span> <span class='ocrx_word' id='word_1_817' title='bbox 1949 2631 2023 2663; x_wconf 83' lang='lat' dir='ltr'><strong>Hoc</strong></span> <span class='ocrx_word' id='word_1_818' title='bbox 2055 2642 2181 2672; x_wconf 89' lang='lat' dir='ltr'><strong>quoque</strong></span> <span class='ocrx_word' id='word_1_819' title='bbox 2210 2629 2309 2667; x_wconf 86' lang='lat' dir='ltr'><strong>addit,</strong></span> 
     </span>
     <span class='ocr_line' id='line_1_116' title="bbox 1339 2672 2310 2709; baseline -0.002 -3"><span class='ocrx_word' id='word_1_820' title='bbox 1339 2680 1376 2706; x_wconf 92' lang='lat' dir='ltr'><strong>ut</strong></span> <span class='ocrx_word' id='word_1_821' title='bbox 1399 2676 1460 2708; x_wconf 91' lang='lat' dir='ltr'><strong>Dei</strong></span> <span class='ocrx_word' id='word_1_822' title='bbox 1483 2677 1688 2709; x_wconf 84' lang='lat' dir='ltr'><strong>severitatem</strong></span> <span class='ocrx_word' id='word_1_823' title='bbox 1713 2676 1854 2708; x_wconf 81' lang='lat' dir='ltr'><strong>vindicet</strong></span> <span class='ocrx_word' id='word_1_824' title='bbox 1880 2675 1919 2707; x_wconf 90' lang='lat' dir='ltr'><strong>ab</strong></span> <span class='ocrx_word' id='word_1_825' title='bbox 1942 2674 2112 2706; x_wconf 91' lang='lat' dir='ltr'><strong>hominum</strong></span> <span class='ocrx_word' id='word_1_826' title='bbox 2136 2672 2310 2706; x_wconf 87' lang='lat' dir='ltr'><strong>calumniis</strong></span> 
     </span>
    </p>
   </div>
   <div class='ocr_carea' id='block_1_7' title="bbox 2462 2731 2485 3126">
    <p class='ocr_par' dir='ltr' id='par_1_9' title="bbox 2462 2731 2485 3126">
     <span class='ocr_line' id='line_1_117' title="bbox 2462 2731 2485 3126; baseline 0 0"><span class='ocrx_word' id='word_1_827' title='bbox 2462 2731 2485 3126; x_wconf 95' lang='lat' dir='ltr'><strong> </strong></span> 
     </span>
    </p>
   </div>
  </div>
 </body>
</html>
